Store,Item Name,Price,Units,Unit Price,Amount,Tags,In Stock,Image
BJ's Wholesale Club,Banana,$0.49,each (est.),$1.89 / lb,About 0.26 lb each,[],,"https://www.instacart.com/image-server/257x257/filters:fill(FFF,true):format(jpg)/d2lnr5mha7bycj.cloudfront.net/product-image/file/large_d931d80b-3a93-48bb-976a-4c7bbe65c6cf.jpeg,"
BJ's Wholesale Club,"Wellsley Farms Purified Water, 40 pk./16.9 oz.",$5.09,,,40 x 16.9 fl oz,[],Many in stock,"https://www.instacart.com/image-server/257x257/filters:fill(FFF,true):format(jpg)/d2lnr5mha7bycj.cloudfront.net/product-image/file/large_795b05a5-666c-48a9-8f91-31bdeab53a20.jpeg,"
BJ's Wholesale Club,Wellsley Farms Grade A Extra Large White Eggs,$12.69,,,2 ct,[],Many in stock,"https://www.instacart.com/image-server/257x257/filters:fill(FFF,true):format(jpg)/d2lnr5mha7bycj.cloudfront.net/product-image/file/large_ada64f8d-515c-47a5-85d1-784e5bba1588.jpeg,"
BJ's Wholesale Club,"Dawn Platinum Dishwashing Liquid Dish Soap, Refreshing Rain Scent",$15.29,,,90 fl oz,[],,"https://www.instacart.com/image-server/257x257/filters:fill(FFF,true):format(jpg)/d2lnr5mha7bycj.cloudfront.net/product-image/file/large_680df1c6-bf5a-4761-bd11-3929a8fa3fd5.jpeg,"
BJ's Wholesale Club,"PopCorners Popped-Corn Snacks, Assorted",$16.49,,,28 x 1 oz,[],,"https://www.instacart.com/image-server/257x257/filters:fill(FFF,true):format(jpg)/d2lnr5mha7bycj.cloudfront.net/product-image/file/large_d3bad026-5ddd-4689-8152-d942917ca30c.jpeg,"
BJ's Wholesale Club,"Wellsley Farms Farms Whole Milk,",$4.09,,,1 gal,[],,"https://www.instacart.com/image-server/257x257/filters:fill(FFF,true):format(jpg)/d2lnr5mha7bycj.cloudfront.net/product-image/file/large_61c5b81c-2cf0-44e9-a9bc-52b414818873.jpeg,"
BJ's Wholesale Club,Berkley Jensen Ultra Strong Paper Towel,$25.39,,,12 ct,[],,"https://www.instacart.com/image-server/257x257/filters:fill(FFF,true):format(jpg)/d2lnr5mha7bycj.cloudfront.net/product-image/file/large_69b60193-3d59-491e-87bb-d3e311ec1403.jpeg,"
BJ's Wholesale Club,Wellsley Farms Cinnamon French Toast Sticks,$12.69,,,56 oz,[],,"https://www.instacart.com/image-server/257x257/filters:fill(FFF,true):format(jpg)/d2lnr5mha7bycj.cloudfront.net/product-image/file/large_5265cba5-888a-43ec-b1bf-eedb720803a5.jpeg,"
BJ's Wholesale Club,Wellsley Farms All Natural Salted Butter,$17.79,,,1 lb,[],Many in stock,"https://www.instacart.com/image-server/257x257/filters:fill(FFF,true):format(jpg)/d2lnr5mha7bycj.cloudfront.net/product-image/file/large_9ab2fa62-7ac0-4844-b861-768708f7c1d2.jpeg,"
BJ's Wholesale Club,King's Hawaiian Original Hawaiian Sweet Rolls,$8.39,,,2 x 16 oz,[],,"https://www.instacart.com/image-server/257x257/filters:fill(FFF,true):format(jpg)/d2lnr5mha7bycj.cloudfront.net/product-image/file/large_ba141fee-6a2d-462e-bf6e-f6ff1bc7c697.jpeg,"
BJ's Wholesale Club,"Wellsley Farms Chocolate Chunk Cookies, 37 oz.",$12.69,,,24 x 1.5 oz,[],Many in stock,"https://www.instacart.com/image-server/257x257/filters:fill(FFF,true):format(jpg)/d2lnr5mha7bycj.cloudfront.net/product-image/file/large_b2735a19-ee00-4913-8706-c5d8b0e49ff7.jpeg,"
BJ's Wholesale Club,"Frito Lay Classic Mix, Variety Pack",$25.39,,,50 each,[],,"https://www.instacart.com/image-server/257x257/filters:fill(FFF,true):format(jpg)/d2lnr5mha7bycj.cloudfront.net/product-image/file/large_6712696c-c534-4db9-aa73-fe9a90e08ccd.jpeg,"
BJ's Wholesale Club,Berkley Jensen Red Plastic Cups 18 Ounce,$14.59,,,240,[],,"https://www.instacart.com/image-server/257x257/filters:fill(FFF,true):format(jpg)/d2lnr5mha7bycj.cloudfront.net/product-image/file/large_26208234-e9ce-4770-8e50-51a24ad6e022.jpeg,"
BJ's Wholesale Club,Wellsley Farms Large Butter Croissant 12 PK,$7.69,,,1 ct,[],,"https://www.instacart.com/image-server/257x257/filters:fill(FFF,true):format(jpg)/d2lnr5mha7bycj.cloudfront.net/product-image/file/large_afdbde87-dc7e-4515-b1b4-88d1fd3a2f31.jpeg,"
BJ's Wholesale Club,Wellsley Farms Heavy Whipping Cream,$6.39,,,1 qt,[],,"https://www.instacart.com/image-server/257x257/filters:fill(FFF,true):format(jpg)/d2lnr5mha7bycj.cloudfront.net/product-image/file/large_47dc70f7-751a-45c9-a469-5120845c908b.jpeg,"
BJ's Wholesale Club,Berkley Jensen Half Size Steam Table Pans,$13.39,,,30 ct,[],Many in stock,"https://www.instacart.com/image-server/257x257/filters:fill(FFF,true):format(jpg)/d2lnr5mha7bycj.cloudfront.net/product-image/file/large_fa07c175-77a0-42bf-a024-e2acf065e5cd.jpeg,"
BJ's Wholesale Club,Smucker's Uncrustables Uncrustables Peanut Butter & Grape Jelly Sandwich,$17.79,,,18 ct,[],,"https://www.instacart.com/image-server/257x257/filters:fill(FFF,true):format(jpg)/d2lnr5mha7bycj.cloudfront.net/product-image/file/large_9b2d36e0-0097-4800-8411-550ffe5d4ae4.jpeg,"
BJ's Wholesale Club,Coca-Cola Soda,$22.89,,,35 x 12 fl oz,[],,"https://www.instacart.com/image-server/257x257/filters:fill(FFF,true):format(jpg)/d2lnr5mha7bycj.cloudfront.net/product-image/file/large_1c14b7ab-4aad-4ef9-ba1e-c6b8cbe1dbaf.jpeg,"
BJ's Wholesale Club,Wellsley Farms Granulated Pure Cane Sugar,$9.59,,,10 lb,['Gluten-Free'],Many in stock,"https://www.instacart.com/image-server/257x257/filters:fill(FFF,true):format(jpg)/d2lnr5mha7bycj.cloudfront.net/product-image/file/large_01b4bbe7-d2c7-4d0d-a27c-df3e3aed146a.jpeg,"
BJ's Wholesale Club,Wellsley Farms Chicken Nuggets,$15.89,,,80 oz,[],,"https://www.instacart.com/image-server/257x257/filters:fill(FFF,true):format(jpg)/d2lnr5mha7bycj.cloudfront.net/product-image/file/large_97770783-75f2-486a-b8de-47aa5a451df2.jpeg,"
BJ's Wholesale Club,Berkley Jensen Strong And Absorbent Towels Big Rolls,$20.39,,,12 each,[],Many in stock,"https://www.instacart.com/image-server/257x257/filters:fill(FFF,true):format(jpg)/d2lnr5mha7bycj.cloudfront.net/product-image/file/large_e7f0bc47-0f73-40e3-b276-786d3474eace.jpeg,"
BJ's Wholesale Club,Wellsley Farms Green Peppers,$4.89,,,26 oz,[],Many in stock,"https://www.instacart.com/image-server/257x257/filters:fill(FFF,true):format(jpg)/d2lnr5mha7bycj.cloudfront.net/product-image/file/large_f93b1620-85ee-48cd-a9ed-81c8a004c22a.jpeg,"
BJ's Wholesale Club,Cinnamon Toast Crunch Breakfast Cereal,$10.19,,,49.5 oz,['Whole Grain'],,"https://www.instacart.com/image-server/257x257/filters:fill(FFF,true):format(jpg)/d2lnr5mha7bycj.cloudfront.net/product-image/file/large_7586c19e-52a8-4663-bd7b-407fc9ea0b86.jpeg,"
BJ's Wholesale Club,WELLSLEY FARMS MINI CUCUMBERS 8CT,$2.99,,,14 oz Package,[],,"https://www.instacart.com/image-server/257x257/filters:fill(FFF,true):format(jpg)/d2lnr5mha7bycj.cloudfront.net/product-image/file/large_b491841c-7c6b-4ddd-8338-dc3a90ef905e.jpeg,"
BJ's Wholesale Club,"Clorox Disinfecting Wipes Value Pack, Bleach Free Cleaning Wipes",$24.19,,,5 ct,[],,"https://www.instacart.com/image-server/257x257/filters:fill(FFF,true):format(jpg)/d2lnr5mha7bycj.cloudfront.net/product-image/file/large_0b0e3956-9b53-428e-b93e-d9a1e7730d8a.jpeg,"
BJ's Wholesale Club,Wellsley Farms Half & Half,$2.59,,,32 fl oz,[],,"https://www.instacart.com/image-server/257x257/filters:fill(FFF,true):format(jpg)/d2lnr5mha7bycj.cloudfront.net/product-image/file/large_12a5c3ca-f9f5-41b0-aa1a-af849d433d35.jpeg,"
BJ's Wholesale Club,Farm To Table 96% Lean 4% Fat Sirloin Ground Beef,$14.49,,,32 oz,[],Many in stock,"https://www.instacart.com/image-server/257x257/filters:fill(FFF,true):format(jpg)/d2lnr5mha7bycj.cloudfront.net/product-image/file/large_7e6e57a4-b804-481b-a824-dc45a6b6a595.jpeg,"
BJ's Wholesale Club,Heinz Tomato Ketchup,$13.99,,,3 x 44 fl oz,[],,"https://www.instacart.com/image-server/257x257/filters:fill(FFF,true):format(jpg)/d2lnr5mha7bycj.cloudfront.net/product-image/file/large_afddfd1f-de6c-4e8b-bb80-9713da374bcd.jpeg,"
BJ's Wholesale Club,Daisy Pure & Natural Sour Cream,$5.79,,,2 x 14 oz,[],Many in stock,"https://www.instacart.com/image-server/257x257/filters:fill(FFF,true):format(jpg)/d2lnr5mha7bycj.cloudfront.net/product-image/file/large_53206532-1887-4602-bb3f-51721e04b362.jpeg,"
BJ's Wholesale Club,"Simply Lemonade, All Natural Non-Gmo",$9.59,,,3 x 52 fl oz,[],,"https://www.instacart.com/image-server/257x257/filters:fill(FFF,true):format(jpg)/d2lnr5mha7bycj.cloudfront.net/product-image/file/large_cd5be20c-1548-4eb7-b0d8-3ae3f445aa7d.jpeg,"
BJ's Wholesale Club,Wellsley Farms Hass Avocados,$6.99,,,5 each,[],Many in stock,"https://www.instacart.com/image-server/257x257/filters:fill(FFF,true):format(jpg)/d2lnr5mha7bycj.cloudfront.net/product-image/file/large_b9befb14-6143-40aa-93b1-903132cf9fa2.jpeg,"
BJ's Wholesale Club,"Wellsley Farms Lemons, 2 lbs.",$3.29,/lb,,/lb,[],,"https://www.instacart.com/image-server/257x257/filters:fill(FFF,true):format(jpg)/d2lnr5mha7bycj.cloudfront.net/product-image/file/large_f8a6b0a9-5a08-48e7-8a90-2575b9aee604.jpeg,"
BJ's Wholesale Club,Sunbelle Blueberries Package,$7.69,,,1 lb container,[],,"https://www.instacart.com/image-server/257x257/filters:fill(FFF,true):format(jpg)/d2lnr5mha7bycj.cloudfront.net/product-image/file/large_794ea6ad-8345-44cd-b6c7-70afc0437b1e.jpeg,"
BJ's Wholesale Club,Mandarin Clementine,$1.69,/pkg (est.),$8.89 / lb,About 0.19 lb / package,[],,"https://www.instacart.com/image-server/257x257/filters:fill(FFF,true):format(jpg)/d2lnr5mha7bycj.cloudfront.net/product-image/file/large_6ced185e-1bd1-4325-b26e-1b931265e796.jpeg,"
BJ's Wholesale Club,Driscoll's Raspberries,$7.69,,,12 oz,[],,"https://www.instacart.com/image-server/257x257/filters:fill(FFF,true):format(jpg)/d2lnr5mha7bycj.cloudfront.net/product-image/file/large_2b5c16d3-92fb-4ab3-a831-cd7676900e6e.jpg,"
BJ's Wholesale Club,Blackberries Package,$6.39,,,12 oz package,[],,"https://www.instacart.com/image-server/257x257/filters:fill(FFF,true):format(jpg)/d2lnr5mha7bycj.cloudfront.net/product-image/file/large_08f3b6f4-b81a-41d7-bf4c-d401739fd35a.jpeg,"
BJ's Wholesale Club,Wellsley Farms Limes,$4.99,/lb,,/lb,[],Many in stock,"https://www.instacart.com/image-server/257x257/filters:fill(FFF,true):format(jpg)/d2lnr5mha7bycj.cloudfront.net/product-image/file/large_fb2f1185-3abe-474d-84dc-9313743c04ca.jpeg,"
BJ's Wholesale Club,"Melon Up! Watermelon, Mini Seedless",$5.49,,,1 each,[],,"https://www.instacart.com/image-server/257x257/filters:fill(FFF,true):format(jpg)/d2lnr5mha7bycj.cloudfront.net/product-image/file/large_2843d47f-600b-464d-a725-8fceea99c625.jpeg,"
BJ's Wholesale Club,Red Seedless Grapes,$8.69,/lb,,/lb,[],,"https://www.instacart.com/image-server/257x257/filters:fill(FFF,true):format(jpg)/d2lnr5mha7bycj.cloudfront.net/product-image/file/large_9f3672a4-1ff8-4d40-a272-7b96883e6ac3.jpg,"
BJ's Wholesale Club,Organic Strawberries Bag,$13.99,,,4 lb,"['Organic', 'Non-GMO']",,"https://www.instacart.com/image-server/257x257/filters:fill(FFF,true):format(jpg)/d2lnr5mha7bycj.cloudfront.net/product-image/file/large_fd12a1ac-0484-4d15-9e62-9a0a82191f7c.jpeg,"
BJ's Wholesale Club,Pineapple Spears,$6.99,,,24 oz container,[],,"https://www.instacart.com/image-server/257x257/filters:fill(FFF,true):format(jpg)/d2lnr5mha7bycj.cloudfront.net/product-image/file/large_49f3873c-5ed8-41bf-b874-500aff942155.jpeg,"
BJ's Wholesale Club,Grapery Cotton Candy Grapes,$8.89,,,1 lb,[],,"https://www.instacart.com/image-server/257x257/filters:fill(FFF,true):format(jpg)/d2lnr5mha7bycj.cloudfront.net/product-image/file/large_11944cb5-edee-4366-a01f-46d3054f4bf3.jpeg,"
BJ's Wholesale Club,"Blueberries, Organic",$6.99,,,1 pint container,"['Organic', 'Non-GMO']",,"https://www.instacart.com/image-server/257x257/filters:fill(FFF,true):format(jpg)/d2lnr5mha7bycj.cloudfront.net/product-image/file/large_f6d8f84c-19ff-4469-baa4-fa8bd5a41daf.jpeg,"
BJ's Wholesale Club,Avocado,$6.99,,,5 count bag,[],,"https://www.instacart.com/image-server/257x257/filters:fill(FFF,true):format(jpg)/d2lnr5mha7bycj.cloudfront.net/product-image/file/large_ae47bff7-58d9-4505-b771-d65963b725ef.jpeg,"
BJ's Wholesale Club,Wellsley Farms California Plums,$12.09,,,44 oz,[],,"https://www.instacart.com/image-server/257x257/filters:fill(FFF,true):format(jpg)/d2lnr5mha7bycj.cloudfront.net/product-image/file/large_bf30c54f-6a1c-4600-a52a-5346dd6d174d.jpeg,"
BJ's Wholesale Club,Wyman's Sliced Strawberries,$16.49,,,4 lb,['Non-GMO'],,"https://www.instacart.com/image-server/257x257/filters:fill(FFF,true):format(jpg)/d2lnr5mha7bycj.cloudfront.net/product-image/file/large_e8029cda-5a57-4b7c-b489-4b69bcbde43c.jpeg,"
BJ's Wholesale Club,Organic Green Banana,$0.51,each (est.),$1.89 / lb,About 0.27 lb each,"['Organic', 'Non-GMO']",,"https://www.instacart.com/image-server/257x257/filters:fill(FFF,true):format(jpg)/d2lnr5mha7bycj.cloudfront.net/product-image/file/large_625d468f-9544-4363-b1e9-d0df5dba54c7.jpeg,"
BJ's Wholesale Club,"Tropicana Tropicals Pineapples, Gold",$3.19,,,1 each,[],,"https://www.instacart.com/image-server/257x257/filters:fill(FFF,true):format(jpg)/d2lnr5mha7bycj.cloudfront.net/product-image/file/large_26e48f14-058a-4ddc-9f76-389c8092290d.jpeg,"
BJ's Wholesale Club,Organic Gala Apple Bag,$3.68,/pkg (est.),$9.69 / lb,About 0.38 lb / package,"['Non-GMO', 'Organic']",,"https://www.instacart.com/image-server/257x257/filters:fill(FFF,true):format(jpg)/d2lnr5mha7bycj.cloudfront.net/product-image/file/large_e53aac15-8b46-42e3-8f1a-ab2cf97ee766.jpeg,"
BJ's Wholesale Club,WELLSLEY FARMS MACINTOSH APPLES 5LB,$7.39,/lb,,/lb,[],,"https://www.instacart.com/image-server/257x257/filters:fill(FFF,true):format(jpg)/d2lnr5mha7bycj.cloudfront.net/product-image/file/large_122325a4-9cf0-4f10-979f-e81820eeaf91.jpeg,"
BJ's Wholesale Club,SEEDLESS GREEN GRAPES 3LB,$8.79,/lb,,/lb,[],,"https://www.instacart.com/image-server/257x257/filters:fill(FFF,true):format(jpg)/d2lnr5mha7bycj.cloudfront.net/product-image/file/large_d4bd5d89-f524-441d-8a7c-0da774d30474.jpeg,"
BJ's Wholesale Club,Organic Cherries Bag,$20.39,,,3 lb,"['Organic', 'Non-GMO']",,"https://www.instacart.com/image-server/257x257/filters:fill(FFF,true):format(jpg)/d2lnr5mha7bycj.cloudfront.net/product-image/file/large_1f818eba-c567-4845-bd1b-e17d71c08820.jpeg,"
BJ's Wholesale Club,Black Grapes,$8.89,/lb,,/lb,[],,"https://www.instacart.com/image-server/257x257/filters:fill(FFF,true):format(jpg)/d2lnr5mha7bycj.cloudfront.net/product-image/file/large_f516a2c0-d8a5-4e6a-b5ff-c8927ec77c76.jpeg,"
BJ's Wholesale Club,Jumbo Cantaloupes,$3.69,,,1 ct,[],,"https://www.instacart.com/image-server/257x257/filters:fill(FFF,true):format(jpg)/d2lnr5mha7bycj.cloudfront.net/product-image/file/large_9668d244-bc9a-42dc-868c-013025753eed.jpeg,"
BJ's Wholesale Club,Del Monte Seasonal Blend,$8.89,,,32 oz,[],,"https://www.instacart.com/image-server/257x257/filters:fill(FFF,true):format(jpg)/d2lnr5mha7bycj.cloudfront.net/product-image/file/large_9886cfd7-5b3d-4aed-8e88-cb065f8319e3.jpeg,"
BJ's Wholesale Club,Kiwi,$8.89,/lb,,/lb,[],,"https://www.instacart.com/image-server/257x257/filters:fill(FFF,true):format(jpg)/d2lnr5mha7bycj.cloudfront.net/product-image/file/large_fa25822b-a055-430c-83d2-6f1ea4ec6002.jpeg,"
BJ's Wholesale Club,"Melissa's Papaya, Strawberry",$5.09,,,per lb,[],,"https://www.instacart.com/image-server/257x257/filters:fill(FFF,true):format(jpg)/d2lnr5mha7bycj.cloudfront.net/product-image/file/large_97de55ec-09ec-4250-8d29-f17f63c1044d.jpg,"
BJ's Wholesale Club,Ayco Galia Melon,$3.79,,,1 each,[],,"https://www.instacart.com/image-server/257x257/filters:fill(FFF,true):format(jpg)/d2lnr5mha7bycj.cloudfront.net/product-image/file/large_167dd4ca-0eee-43ab-939c-a346665aef46.jpeg,"
BJ's Wholesale Club,"Wonderful Mandarins, California",$8.89,/lb,,/lb,['Non-GMO'],,"https://www.instacart.com/image-server/257x257/filters:fill(FFF,true):format(jpg)/d2lnr5mha7bycj.cloudfront.net/product-image/file/large_84a376de-061a-4a13-9755-64469552e609.jpeg,"
BJ's Wholesale Club,Encap Fast Acting Lime,$25.39,,,40 lb,[],,"https://www.instacart.com/image-server/257x257/filters:fill(FFF,true):format(jpg)/d2lnr5mha7bycj.cloudfront.net/product-image/file/large_6758b591-445c-49aa-89af-42ffa2347a06.jpeg,"
BJ's Wholesale Club,Wellsley Farms Organic Fuji Apple 5 Lb,$10.19,/lb,,/lb,['Organic'],,"https://www.instacart.com/image-server/257x257/filters:fill(FFF,true):format(jpg)/d2lnr5mha7bycj.cloudfront.net/product-image/file/large_3a0cba33-75f8-4726-ad1a-6a8cb9fd9366.jpeg,"
BJ's Wholesale Club,MOTT'S D'ANJOU PEARS 5 LB,$10.19,/lb,,/lb,[],,"https://www.instacart.com/image-server/257x257/filters:fill(FFF,true):format(jpg)/d2lnr5mha7bycj.cloudfront.net/product-image/file/large_d4926287-972b-4a70-ba1e-a80ef009fba7.jpeg,"
BJ's Wholesale Club,Orange Bag,$11.49,,,8 lb,[],,"https://www.instacart.com/image-server/257x257/filters:fill(FFF,true):format(jpg)/d2lnr5mha7bycj.cloudfront.net/product-image/file/large_b5b14a56-0b64-4592-b20c-2093c55dc46b.JPG,"
BJ's Wholesale Club,Zespri Gold Kiwi,$10.19,/lb,,/lb,[],,"https://www.instacart.com/image-server/257x257/filters:fill(FFF,true):format(jpg)/d2lnr5mha7bycj.cloudfront.net/product-image/file/large_481bdd7f-de1d-417b-b72a-6a23a3ddff86.jpeg,"
BJ's Wholesale Club,Wellsley Farms Organic Granny Smith 5 Lb,$10.19,/lb,,/lb,['Organic'],,"https://www.instacart.com/image-server/257x257/filters:fill(FFF,true):format(jpg)/d2lnr5mha7bycj.cloudfront.net/product-image/file/large_c1e4e97b-7c19-4a33-bf74-00b4a281a3cf.jpeg,"
BJ's Wholesale Club,Minneola Tangelo,$1.69,/pkg (est.),$8.89 / lb,About 0.19 lb / package,[],,"https://www.instacart.com/image-server/257x257/filters:fill(FFF,true):format(jpg)/d2lnr5mha7bycj.cloudfront.net/product-image/file/large_ce690886-5f83-4883-b815-5aa445aeb295.jpeg,"
BJ's Wholesale Club,Suntreat Oranges Box,$10.79,/lb,,/lb,[],,"https://www.instacart.com/image-server/257x257/filters:fill(FFF,true):format(jpg)/d2lnr5mha7bycj.cloudfront.net/product-image/file/large_47f90f51-3533-4cf9-a175-acfc34005d3c.jpeg,"
BJ's Wholesale Club,Honeydew Melon,$5.09,,,1 ct,[],,"https://www.instacart.com/image-server/257x257/filters:fill(FFF,true):format(jpg)/d2lnr5mha7bycj.cloudfront.net/product-image/file/large_d695d272-45a9-4513-97cd-4f0d3d398352.jpeg,"
BJ's Wholesale Club,"Wellsley Farms Tropical Blend Organic Pineapple Chunks, Whole Strawberries, Mango",$17.79,,,48 oz,['Organic'],,"https://www.instacart.com/image-server/257x257/filters:fill(FFF,true):format(jpg)/d2lnr5mha7bycj.cloudfront.net/product-image/file/large_ba323a24-68d7-4d90-b5b4-c9ae76b64c01.jpeg,"
BJ's Wholesale Club,Wellsley Farms Yellow Onions 3 LB.,$3.59,/lb,,/lb,[],,"https://www.instacart.com/image-server/257x257/filters:fill(FFF,true):format(jpg)/d2lnr5mha7bycj.cloudfront.net/product-image/file/large_b5b26f71-d571-479d-89c1-27a28eaad2f7.jpeg,"
BJ's Wholesale Club,Wellsley Farms Organic Baby Carrots,$3.59,/lb,,/lb,['Organic'],Many in stock,"https://www.instacart.com/image-server/257x257/filters:fill(FFF,true):format(jpg)/d2lnr5mha7bycj.cloudfront.net/product-image/file/large_182a316d-1039-42d0-b6b6-aca3ea1964a8.jpeg,"
BJ's Wholesale Club,Wellsley Farms Organic Sweet Potato,$2.59,/lb,,/lb,"['Organic', 'Non-GMO']",,"https://www.instacart.com/image-server/257x257/filters:fill(FFF,true):format(jpg)/d2lnr5mha7bycj.cloudfront.net/product-image/file/large_96a4489d-b3c6-41b7-9f11-f0d24fe223c7.jpeg,"
BJ's Wholesale Club,"The Little Potato Company Potatoes, Yellow Creamer, Little Charmers",$6.39,/lb,,/lb,[],,"https://www.instacart.com/image-server/257x257/filters:fill(FFF,true):format(jpg)/d2lnr5mha7bycj.cloudfront.net/product-image/file/large_70ddbbb3-396a-4dfe-b419-db9bd39e3430.jpeg,"
BJ's Wholesale Club,Wellsley Farms Organic Baby Spinach,$5.49,,,16 oz bag,"['Organic', 'Non-GMO']",Many in stock,"https://www.instacart.com/image-server/257x257/filters:fill(FFF,true):format(jpg)/d2lnr5mha7bycj.cloudfront.net/product-image/file/large_29b7bdaf-504d-4827-88e8-dd26d90f0a09.jpeg,"
BJ's Wholesale Club,Green Giant Broccoli Florets,$4.69,/lb,,/lb,[],,"https://www.instacart.com/image-server/257x257/filters:fill(FFF,true):format(jpg)/d2lnr5mha7bycj.cloudfront.net/product-image/file/large_a1b60ecb-b4c5-4806-81cc-00a13a5a97c6.jpeg,"
BJ's Wholesale Club,Wellsley Farms Red Onions,$4.89,/lb,,/lb,[],Many in stock,"https://www.instacart.com/image-server/257x257/filters:fill(FFF,true):format(jpg)/d2lnr5mha7bycj.cloudfront.net/product-image/file/large_61b6571d-28e1-42cc-bac0-2466ef89c17f.jpeg,"
BJ's Wholesale Club,"The Little Potato Company Potatoes, Red, Little Charmers",$6.39,/lb,,/lb,[],Many in stock,"https://www.instacart.com/image-server/257x257/filters:fill(FFF,true):format(jpg)/d2lnr5mha7bycj.cloudfront.net/product-image/file/large_23d5fe2d-8fa0-40d3-89c8-e02c48731f9f.jpeg,"
BJ's Wholesale Club,Wellsley Farms WF IDAHO POTATO 10/5LB,$4.39,/lb,,/lb,[],,"https://www.instacart.com/image-server/257x257/filters:fill(FFF,true):format(jpg)/d2lnr5mha7bycj.cloudfront.net/product-image/file/large_89e8663c-c5c6-44be-904d-92779255dd13.jpeg,"
BJ's Wholesale Club,TOMATO ON VINE 8/2 LB,$5.79,/lb,,/lb,[],,"https://www.instacart.com/image-server/257x257/filters:fill(FFF,true):format(jpg)/d2lnr5mha7bycj.cloudfront.net/product-image/file/large_79372316-a696-4429-a92c-5e2d3acfa7bb.jpeg,"
BJ's Wholesale Club,Wellsley Farms Corn Tray,$8.29,,,20 oz,[],Many in stock,"https://www.instacart.com/image-server/257x257/filters:fill(FFF,true):format(jpg)/d2lnr5mha7bycj.cloudfront.net/product-image/file/large_5ec1dc16-0eba-404f-825e-0644d3a2e5b9.jpeg,"
BJ's Wholesale Club,"Love Beets Cooked Beets, 4 Packs",$9.59,,,4 each,['Non-GMO'],Many in stock,"https://www.instacart.com/image-server/257x257/filters:fill(FFF,true):format(jpg)/d2lnr5mha7bycj.cloudfront.net/product-image/file/large_bfadef56-623e-4c57-9230-656456c8e285.jpeg,"
BJ's Wholesale Club,Wellsley Farms Wellsley Farms Celery Sticks 2.5 Lb,$5.79,/lb,,/lb,[],Many in stock,"https://www.instacart.com/image-server/257x257/filters:fill(FFF,true):format(jpg)/d2lnr5mha7bycj.cloudfront.net/product-image/file/large_440ac0e5-edba-4016-9369-1e5f7247b086.jpeg,"
BJ's Wholesale Club,Wellsley Farms Organic Russet Potato,$4.49,/lb,,/lb,"['Organic', 'Non-GMO']",Many in stock,"https://www.instacart.com/image-server/257x257/filters:fill(FFF,true):format(jpg)/d2lnr5mha7bycj.cloudfront.net/product-image/file/large_5320ce89-d2b4-4582-b3a5-06aad9f753c6.jpeg,"
BJ's Wholesale Club,Iceberg Lettuce,$1.89,,,,[],,"https://www.instacart.com/image-server/257x257/filters:fill(FFF,true):format(jpg)/d2lnr5mha7bycj.cloudfront.net/product-image/file/large_a2c455cc-dff0-4c8e-a0ff-7d1fe6136bfa.jpeg,"
BJ's Wholesale Club,Yellow Potato Bag,$6.39,/lb,,/lb,[],,"https://www.instacart.com/image-server/257x257/filters:fill(FFF,true):format(jpg)/d2lnr5mha7bycj.cloudfront.net/product-image/file/large_95cde316-b39b-4a6e-bbc1-fb91011d7d86.jpeg,"
BJ's Wholesale Club,"Dole Carrots, Mini Cut",$2.99,,,32 oz,[],Many in stock,"https://www.instacart.com/image-server/257x257/filters:fill(FFF,true):format(jpg)/d2lnr5mha7bycj.cloudfront.net/product-image/file/large_57de9178-c6dc-4942-aec2-4d0ca4b11835.jpeg,"
BJ's Wholesale Club,Sunset Wild Wonders Tomatoes,$6.39,/lb,,/lb,['Non-GMO'],Many in stock,"https://www.instacart.com/image-server/257x257/filters:fill(FFF,true):format(jpg)/d2lnr5mha7bycj.cloudfront.net/product-image/file/large_bac8c46d-7d63-4106-8985-a67718aa8436.jpg,"
BJ's Wholesale Club,"Foxy Organic Romaine, Hearts",$4.19,,,12 oz bag,['Organic'],,"https://www.instacart.com/image-server/257x257/filters:fill(FFF,true):format(jpg)/d2lnr5mha7bycj.cloudfront.net/product-image/file/large_b09f3d78-1ef7-4f77-8eb6-d43f41df5fd7.jpeg,"
BJ's Wholesale Club,Peeled Garlic,$5.09,/lb,,/lb,[],,"https://www.instacart.com/image-server/257x257/filters:fill(FFF,true):format(jpg)/d2lnr5mha7bycj.cloudfront.net/product-image/file/large_113d6564-245a-4103-9d21-bc90c44080be.jpeg,"
BJ's Wholesale Club,Wellsley Farms Cucumbers,$3.19,,,24 oz bag,[],,"https://www.instacart.com/image-server/257x257/filters:fill(FFF,true):format(jpg)/d2lnr5mha7bycj.cloudfront.net/product-image/file/large_c9855966-673f-4698-8fa3-37bf38e61be5.jpeg,"
BJ's Wholesale Club,Wellsley Farms Spring Mix Organic A Delicious Blend Of Baby Lettuces & Greens,$5.49,,,16 oz,['Organic'],Many in stock,"https://www.instacart.com/image-server/257x257/filters:fill(FFF,true):format(jpg)/d2lnr5mha7bycj.cloudfront.net/product-image/file/large_c6f9c2ee-77da-49b6-a8ae-2a0402454282.jpeg,"
BJ's Wholesale Club,Wellsley Farms Asparagus,$7.99,,,28 oz bag,[],,"https://www.instacart.com/image-server/257x257/filters:fill(FFF,true):format(jpg)/d2lnr5mha7bycj.cloudfront.net/product-image/file/large_0f998e22-3c6c-4207-97c8-6dc845b3f457.jpeg,"
BJ's Wholesale Club,"Spice World Garlic, Organic, Fresh",$3.79,,,5 count bag,"['Organic', 'Non-GMO']",Many in stock,"https://www.instacart.com/image-server/257x257/filters:fill(FFF,true):format(jpg)/d2lnr5mha7bycj.cloudfront.net/product-image/file/large_f510b8a1-f7af-4803-bb71-e98c74d5b36e.jpeg,"
BJ's Wholesale Club,Sunset Angel Sweet Tomatoes,$5.59,/lb,,/lb,['Non-GMO'],Many in stock,"https://www.instacart.com/image-server/257x257/filters:fill(FFF,true):format(jpg)/d2lnr5mha7bycj.cloudfront.net/product-image/file/large_14829864-3c84-4556-8e54-0f1d1478da56.jpg,"
BJ's Wholesale Club,Sunset Red Cherry Tomato,$6.29,/lb,,/lb,[],Many in stock,"https://www.instacart.com/image-server/257x257/filters:fill(FFF,true):format(jpg)/d2lnr5mha7bycj.cloudfront.net/product-image/file/large_8d10cdf3-2113-491e-b496-98355a3b26ac.jpeg,"
BJ's Wholesale Club,French Green Beans,$6.79,/lb,,/lb,[],,"https://www.instacart.com/image-server/257x257/filters:fill(FFF,true):format(jpg)/d2lnr5mha7bycj.cloudfront.net/product-image/file/large_f5592c87-9452-4791-a241-9d399be4217f.jpeg,"
BJ's Wholesale Club,Sunset Beefsteak Tomatoes,$8.29,,,6 count container,[],Many in stock,"https://www.instacart.com/image-server/257x257/filters:fill(FFF,true):format(jpg)/d2lnr5mha7bycj.cloudfront.net/product-image/file/large_eaa6954c-cece-4165-95c8-b9fae60953c5.jpeg,"
BJ's Wholesale Club,Sunset Organic Cucumber,$5.09,,,,['Non-GMO'],Many in stock,"https://www.instacart.com/image-server/257x257/filters:fill(FFF,true):format(jpg)/d2lnr5mha7bycj.cloudfront.net/product-image/file/large_155f5f81-afe3-4b70-b652-9c0c939e6040.jpeg,"
BJ's Wholesale Club,Wellsley Farms ZUCCHINI SQUASH,$7.69,,,24 oz bag,[],Many in stock,"https://www.instacart.com/image-server/257x257/filters:fill(FFF,true):format(jpg)/d2lnr5mha7bycj.cloudfront.net/product-image/file/large_54f9317e-46b5-40a0-8bc7-1ca0dedeef0e.jpeg,"
BJ's Wholesale Club,Wellsley Farms Organic Arugula,$3.79,,,5 oz container,"['Organic', 'Non-GMO']",,"https://www.instacart.com/image-server/257x257/filters:fill(FFF,true):format(jpg)/d2lnr5mha7bycj.cloudfront.net/product-image/file/large_6f1d1bab-6ab6-428b-94cf-bb39d488c5e9.jpeg,"
BJ's Wholesale Club,Romaine Lettuce Hearts,$5.59,,,,[],,"https://www.instacart.com/image-server/257x257/filters:fill(FFF,true):format(jpg)/d2lnr5mha7bycj.cloudfront.net/product-image/file/large_16c9bef4-1303-4f5e-bade-2fc2b8afefdb.jpeg,"
BJ's Wholesale Club,Organic Grape Tomatoes,$7.69,/lb,,/lb,"['Organic', 'Non-GMO']",Many in stock,"https://www.instacart.com/image-server/257x257/filters:fill(FFF,true):format(jpg)/d2lnr5mha7bycj.cloudfront.net/product-image/file/large_d6ba5ae1-b2f8-48cc-80d2-022b641cb14c.jpeg,"
BJ's Wholesale Club,Fresh Express 3 Color Deli Coleslaw,$3.19,,,24 oz bag,[],Many in stock,"https://www.instacart.com/image-server/257x257/filters:fill(FFF,true):format(jpg)/d2lnr5mha7bycj.cloudfront.net/product-image/file/large_6f4ce976-241a-4965-88ff-398d05782b45.jpeg,"
BJ's Wholesale Club,Fresh Express Spinach,$8.29,,,1 lb bunch,[],,"https://www.instacart.com/image-server/257x257/filters:fill(FFF,true):format(jpg)/d2lnr5mha7bycj.cloudfront.net/product-image/file/large_5bf14e19-304b-4b7d-bf22-8e3d18356e1d.jpeg,"
BJ's Wholesale Club,Cauliflower Florets,$6.39,/lb,,/lb,[],,"https://www.instacart.com/image-server/257x257/filters:fill(FFF,true):format(jpg)/d2lnr5mha7bycj.cloudfront.net/product-image/file/large_db912dc7-d6a3-4fe7-9b50-facbf8ac738a.jpeg,"
BJ's Wholesale Club,Fresh Express Chopped Romaine Salad,$6.09,/lb,,/lb,['Non-GMO'],,"https://www.instacart.com/image-server/257x257/filters:fill(FFF,true):format(jpg)/d2lnr5mha7bycj.cloudfront.net/product-image/file/large_2ff63052-97bb-49c2-b2c0-a118af72cef5.jpeg,"
BJ's Wholesale Club,Wellsley Farms Organic Super Greens,$5.49,,,1 lb container,['Organic'],,"https://www.instacart.com/image-server/257x257/filters:fill(FFF,true):format(jpg)/d2lnr5mha7bycj.cloudfront.net/product-image/file/large_0bd92dbf-57be-49cd-9ee1-60b3e2f7db79.jpeg,"
BJ's Wholesale Club,Wellsley Farms French Beans,$5.09,,,18 oz,[],,"https://www.instacart.com/image-server/257x257/filters:fill(FFF,true):format(jpg)/d2lnr5mha7bycj.cloudfront.net/product-image/file/large_155d0c77-eee4-4771-81d6-91ccbe262553.jpeg,"
BJ's Wholesale Club,Wellsley Farms Organic Lettuce Blend,$5.49,,,16 oz,['Organic'],Many in stock,"https://www.instacart.com/image-server/257x257/filters:fill(FFF,true):format(jpg)/d2lnr5mha7bycj.cloudfront.net/product-image/file/large_3ecc9d2b-dcf9-46e8-9ae2-1d0e7761cebf.jpeg,"
BJ's Wholesale Club,"Tropicana 100% Juice, Orange, Original, No Pulp",$10.59,,,128 fl oz,[],Many in stock,"https://www.instacart.com/image-server/257x257/filters:fill(FFF,true):format(jpg)/d2lnr5mha7bycj.cloudfront.net/product-image/file/large_b3b09627-2806-4997-b0c1-da50a31f7daa.jpeg,"
BJ's Wholesale Club,Simply Orange Pulp Free Orange Juice,$8.89,,,2 x 52 fl oz,[],,"https://www.instacart.com/image-server/257x257/filters:fill(FFF,true):format(jpg)/d2lnr5mha7bycj.cloudfront.net/product-image/file/large_a47b0f87-19dc-4ebb-8bf1-a630259396ce.jpeg,"
BJ's Wholesale Club,"Kool-Aid Jammers Cherry, Grape, Tropical Punch & Strawberry Kiwi Artificially Flavored Kids Soft Drink Pouches Variety Pack",$10.19,,,40 x 6 fl oz,[],,"https://www.instacart.com/image-server/257x257/filters:fill(FFF,true):format(jpg)/d2lnr5mha7bycj.cloudfront.net/product-image/file/large_23bb800e-48bf-4720-867a-67213cdc047b.jpeg,"
BJ's Wholesale Club,"Capri Sun Fruit Punch, Strawberry Kiwi & Pacific Cooler Kids Juice Pouches Variety Pack",$12.69,,,40 x 6 fl oz,[],,"https://www.instacart.com/image-server/257x257/filters:fill(FFF,true):format(jpg)/d2lnr5mha7bycj.cloudfront.net/product-image/file/large_2ba4adca-409d-4efb-8969-ee57f18e028b.jpeg,"
BJ's Wholesale Club,Wellsley Farms Honeycrisp Style Organic Apple Juice,$11.49,,,2 x 96 fl oz,['Organic'],Many in stock,"https://www.instacart.com/image-server/257x257/filters:fill(FFF,true):format(jpg)/d2lnr5mha7bycj.cloudfront.net/product-image/file/large_e1501190-341a-47c4-8671-cc110b276d0c.jpeg,"
BJ's Wholesale Club,"Welch's Juice Drink, Fruit Punch/Orange/Pineapple Grape",$19.09,,,24 x 10 fl oz,[],,"https://www.instacart.com/image-server/257x257/filters:fill(FFF,true):format(jpg)/d2lnr5mha7bycj.cloudfront.net/product-image/file/large_3ecf93a0-9cad-4a75-9e05-5d0e8c14793c.jpeg,"
BJ's Wholesale Club,Wellsley Farms Organic Lemonade,$12.69,,,2 x 96 fl oz,['Organic'],Many in stock,"https://www.instacart.com/image-server/257x257/filters:fill(FFF,true):format(jpg)/d2lnr5mha7bycj.cloudfront.net/product-image/file/large_3e4bc4b9-f149-48e4-b27d-b2d1b7fe8e8f.jpeg,"
BJ's Wholesale Club,Simply Fruit Punch Bottles,$9.59,,,3 x 52 fl oz,[],,"https://www.instacart.com/image-server/257x257/filters:fill(FFF,true):format(jpg)/d2lnr5mha7bycj.cloudfront.net/product-image/file/large_38459da9-63d4-4cd1-901c-ef3ee7814e5d.jpeg,"
BJ's Wholesale Club,Tropicana No Pulp with Calcium & Vitamin D 100% Orange Juice,$10.59,,,128 fl oz,[],Many in stock,"https://www.instacart.com/image-server/257x257/filters:fill(FFF,true):format(jpg)/d2lnr5mha7bycj.cloudfront.net/product-image/file/large_16f30ddc-7a66-4571-8949-5d484fff1427.jpeg,"
BJ's Wholesale Club,Ocean Spray Tropical Juice Drink Blend Variety Pack,$21.59,,,24 x 10 fl oz,[],,"https://www.instacart.com/image-server/257x257/filters:fill(FFF,true):format(jpg)/d2lnr5mha7bycj.cloudfront.net/product-image/file/large_a7e84e43-f97c-42b7-9882-d8bd374c42f7.jpeg,"
BJ's Wholesale Club,Mott's 100% Original Apple Juice,$12.69,,,2 x 1 gal,['No Sugar Added'],,"https://www.instacart.com/image-server/257x257/filters:fill(FFF,true):format(jpg)/d2lnr5mha7bycj.cloudfront.net/product-image/file/large_4e1bb3a0-5fed-48fb-b1f7-3e376c66852d.jpeg,"
BJ's Wholesale Club,"AriZona Juice, Fruit Punch, Mucho Mango, Watermelon, Variety Pack",$23.49,,,24 x 20 oz,[],,"https://www.instacart.com/image-server/257x257/filters:fill(FFF,true):format(jpg)/d2lnr5mha7bycj.cloudfront.net/product-image/file/large_cd3d8e4a-71d7-4c21-844b-7c9b19a4ea39.jpeg,"
BJ's Wholesale Club,"Tropicana Orange Juice, Pure Premium",$10.59,,,128 fl oz,[],Many in stock,"https://www.instacart.com/image-server/257x257/filters:fill(FFF,true):format(jpg)/d2lnr5mha7bycj.cloudfront.net/product-image/file/large_aff0cd37-5aa8-4983-8f9f-14225ff3fc79.jpeg,"
BJ's Wholesale Club,Ocean Spray Cranberry Apple-Nonround,$9.39,,,2 x 96 fl oz,[],,"https://www.instacart.com/image-server/257x257/filters:fill(FFF,true):format(jpg)/d2lnr5mha7bycj.cloudfront.net/product-image/file/large_00ff10d7-a2a8-4a19-9aa8-694904c7df77.jpeg,"
BJ's Wholesale Club,Wellsley Farms Mango Passion Fruit Organic Juice Blend,$10.79,,,2 x 96 fl oz,['Organic'],,"https://www.instacart.com/image-server/257x257/filters:fill(FFF,true):format(jpg)/d2lnr5mha7bycj.cloudfront.net/product-image/file/large_e715aecd-24d8-467e-a76c-63a4d231a699.jpeg,"
BJ's Wholesale Club,SunnyD Tangy Original Shelf Stable Orange Juice Drinks,$19.09,,,30 x 11.3 oz,[],,"https://www.instacart.com/image-server/257x257/filters:fill(FFF,true):format(jpg)/d2lnr5mha7bycj.cloudfront.net/product-image/file/large_f1e8f690-15a0-465a-9854-17893ff71c58.jpeg,"
BJ's Wholesale Club,Mott's 100% Original Apple Juice,$17.79,,,24 x 8 fl oz,['No Sugar Added'],,"https://www.instacart.com/image-server/257x257/filters:fill(FFF,true):format(jpg)/d2lnr5mha7bycj.cloudfront.net/product-image/file/large_3d419d44-d191-46a6-b7d2-25547e721112.jpeg,"
BJ's Wholesale Club,Ocean Spray Original Cranberry Juice Cocktail,$9.39,,,192 fl oz,[],,"https://www.instacart.com/image-server/257x257/filters:fill(FFF,true):format(jpg)/d2lnr5mha7bycj.cloudfront.net/product-image/file/large_ea28f56e-e3c9-49c6-97a6-0dbfcdea26eb.jpeg,"
BJ's Wholesale Club,Dole Pineapple Juice,$21.59,,,24 x 8 fl oz,[],Many in stock,"https://www.instacart.com/image-server/257x257/filters:fill(FFF,true):format(jpg)/d2lnr5mha7bycj.cloudfront.net/product-image/file/large_d096dc53-f35b-4f7c-bbb5-562b4b42d656.jpeg,"
BJ's Wholesale Club,Mayer Brothers Pink Lemonade Fine Beverages,$3.19,,,59 fl oz,[],,"https://www.instacart.com/image-server/257x257/filters:fill(FFF,true):format(jpg)/d2lnr5mha7bycj.cloudfront.net/product-image/file/large_7a6588ab-e6b3-4b58-b4e8-af4d54d68c28.jpeg,"
BJ's Wholesale Club,Wellsley Farms Apple Juice,$7.69,,,2 x 96 fl oz,[],,"https://www.instacart.com/image-server/257x257/filters:fill(FFF,true):format(jpg)/d2lnr5mha7bycj.cloudfront.net/product-image/file/large_b2507ecc-e294-4610-b3af-b613f8dc657c.jpeg,"
BJ's Wholesale Club,Wellsley Farms Orange Peach Mango Organic Juice,$10.19,,,128 fl oz,['Organic'],,"https://www.instacart.com/image-server/257x257/filters:fill(FFF,true):format(jpg)/d2lnr5mha7bycj.cloudfront.net/product-image/file/large_8e3a32a9-7331-422b-8954-5b0284148922.jpeg,"
BJ's Wholesale Club,Bolthouse Farms Berry Boost®,$7.69,,,52 fl oz,[],Many in stock,"https://www.instacart.com/image-server/257x257/filters:fill(FFF,true):format(jpg)/d2lnr5mha7bycj.cloudfront.net/product-image/file/large_03379640-5d24-4d7f-903f-5d2b0a6b8546.jpeg,"
BJ's Wholesale Club,Ocean Spray Cranberry Juice,$10.69,,,2 x 96 fl oz,[],,"https://www.instacart.com/image-server/257x257/filters:fill(FFF,true):format(jpg)/d2lnr5mha7bycj.cloudfront.net/product-image/file/large_0c9f131c-145e-45aa-838c-fc1d1947b41a.jpeg,"
BJ's Wholesale Club,Wellsley Farms Tropical Flavored Punch Blend,$5.59,,,96 fl oz,[],,"https://www.instacart.com/image-server/257x257/filters:fill(FFF,true):format(jpg)/d2lnr5mha7bycj.cloudfront.net/product-image/file/large_57fd5209-0af9-4343-8387-8db7ba39fd2e.jpeg,"
BJ's Wholesale Club,Dean's Garelick Farms Orchard Pure 100% Orange Juice,$8.89,,,1 gal,[],Many in stock,"https://www.instacart.com/image-server/257x257/filters:fill(FFF,true):format(jpg)/d2lnr5mha7bycj.cloudfront.net/product-image/file/large_18aed1e5-7dc7-409f-b1a7-3e1be5b509db.jpeg,"
BJ's Wholesale Club,Wellsley Farms Cinnamon Apple Cider,$3.79,,,64 fl oz,[],,"https://www.instacart.com/image-server/257x257/filters:fill(FFF,true):format(jpg)/d2lnr5mha7bycj.cloudfront.net/product-image/file/large_70eeaa8c-cae4-4799-b72c-5143975a7101.jpeg,"
BJ's Wholesale Club,POM Wonderful 100% Pomegranate Juice,$11.49,,,48 fl oz,['No Sugar Added'],,"https://www.instacart.com/image-server/257x257/filters:fill(FFF,true):format(jpg)/d2lnr5mha7bycj.cloudfront.net/product-image/file/large_44c2b2a4-2185-400c-9079-b1da234fe96c.jpeg,"
BJ's Wholesale Club,Sambazon Original Açaí Juice,$12.69,,,fl oz,['Organic'],,"https://www.instacart.com/image-server/257x257/filters:fill(FFF,true):format(jpg)/d2lnr5mha7bycj.cloudfront.net/product-image/file/large_a16f2884-d005-4a76-977d-b79228f3d2eb.jpg,"
BJ's Wholesale Club,Sunberry Farms Mango Organic Nectar,$17.79,,,2 x 128 fl oz,['Organic'],,"https://www.instacart.com/image-server/257x257/filters:fill(FFF,true):format(jpg)/d2lnr5mha7bycj.cloudfront.net/product-image/file/large_32241c59-6283-4d30-a8b1-e3eebdf66d5a.jpeg,"
BJ's Wholesale Club,Mayer Brothers Original Lemonade,$3.19,,,59 fl oz,[],,"https://www.instacart.com/image-server/257x257/filters:fill(FFF,true):format(jpg)/d2lnr5mha7bycj.cloudfront.net/product-image/file/large_4350a0e1-3eac-4115-9a84-82abe57bcb21.jpeg,"
BJ's Wholesale Club,Mayer Brothers Mb Blood Orange Lemonade,$3.19,,,52 oz,[],,"https://www.instacart.com/image-server/257x257/filters:fill(FFF,true):format(jpg)/d2lnr5mha7bycj.cloudfront.net/product-image/file/large_9fb8a6bb-d150-4f62-a4b3-158ca6555760.jpeg,"
BJ's Wholesale Club,"Naked Juice, Strawberry Banana",$10.19,,,64 fl oz,['No Sugar Added'],,"https://www.instacart.com/image-server/257x257/filters:fill(FFF,true):format(jpg)/d2lnr5mha7bycj.cloudfront.net/product-image/file/large_d8d01a66-bf51-4ba5-97f8-bc100df834d4.jpeg,"
BJ's Wholesale Club,Bolthouse Farms Golden Goodness,$7.69,,,52 fl oz,[],,"https://www.instacart.com/image-server/257x257/filters:fill(FFF,true):format(jpg)/d2lnr5mha7bycj.cloudfront.net/product-image/file/large_fe861124-988a-450f-a757-2f41675bb3b1.jpeg,"
BJ's Wholesale Club,"Tropicana 100% Juice, Orange, 12 Pack",$21.59,,,12 x 15.2 fl oz,[],,"https://www.instacart.com/image-server/257x257/filters:fill(FFF,true):format(jpg)/d2lnr5mha7bycj.cloudfront.net/product-image/file/large_6bc6ac6d-ddc4-4dd5-8137-d0527bdc9e1c.jpeg,"
BJ's Wholesale Club,Ocean Spray Loose Cjc Club Pack 48Cs Plt,$21.59,,,24 x 10 fl oz,[],,"https://www.instacart.com/image-server/257x257/filters:fill(FFF,true):format(jpg)/d2lnr5mha7bycj.cloudfront.net/product-image/file/large_68560dab-be5c-4f20-899a-f7a43fa177b6.jpeg,"
BJ's Wholesale Club,Ocean Spray Cranberry Mango Flavored Juice Drink,$9.39,,,2 x 96 fl oz,[],,"https://www.instacart.com/image-server/257x257/filters:fill(FFF,true):format(jpg)/d2lnr5mha7bycj.cloudfront.net/product-image/file/large_ca53be85-123d-48cc-b45e-6fe753e51a4e.jpeg,"
BJ's Wholesale Club,Good 2 Grow 100% Apple Juice,$19.09,,,6 x 6 fl oz,[],,"https://www.instacart.com/image-server/257x257/filters:fill(FFF,true):format(jpg)/d2lnr5mha7bycj.cloudfront.net/product-image/file/large_0330f40d-6454-45c5-ae41-5cbe3e4f8e2a.jpeg,"
BJ's Wholesale Club,Sunberry Farms Passion Fruit Nectar,$19.09,,,128 fl oz,[],,"https://www.instacart.com/image-server/257x257/filters:fill(FFF,true):format(jpg)/d2lnr5mha7bycj.cloudfront.net/product-image/file/large_11f9b1f7-07f9-41de-9c47-e4c48ca1cb21.jpeg,"
BJ's Wholesale Club,"Tyson Chicken Nuggets, White Meat",$18.49,,,80 oz,[],,"https://www.instacart.com/image-server/257x257/filters:fill(FFF,true):format(jpg)/d2lnr5mha7bycj.cloudfront.net/product-image/file/large_b27b700e-77a2-44b8-bb18-5669c4980a5f.jpeg,"
BJ's Wholesale Club,"Yummy Dinosaur-Shaped, Chicken Breast Nuggets",$19.09,,,5 lb,[],Many in stock,"https://www.instacart.com/image-server/257x257/filters:fill(FFF,true):format(jpg)/d2lnr5mha7bycj.cloudfront.net/product-image/file/large_6fdd4cbb-164f-4fbb-9498-fad4bf0aa494.jpg,"
BJ's Wholesale Club,Red Lobster Cheddar Bay Biscuit Cod,$16.49,,,23.2 oz,[],,"https://www.instacart.com/image-server/257x257/filters:fill(FFF,true):format(jpg)/d2lnr5mha7bycj.cloudfront.net/product-image/file/large_192d72e2-d3e0-46b1-bb33-c053ca2cbe7c.png,"
BJ's Wholesale Club,"Tyson Fully Cooked Crispy Chicken Strips, Frozen",$18.49,,,56 oz,[],,"https://www.instacart.com/image-server/257x257/filters:fill(FFF,true):format(jpg)/d2lnr5mha7bycj.cloudfront.net/product-image/file/large_5a3a0d73-7d4e-492d-a904-9dd99597e7a5.jpeg,"
BJ's Wholesale Club,Wellsley Farms Raw Shrimp 21/25 Count,$13.99,,,24 oz,['Gluten-Free'],,"https://www.instacart.com/image-server/257x257/filters:fill(FFF,true):format(jpg)/d2lnr5mha7bycj.cloudfront.net/product-image/file/large_a967a82a-916c-43b2-8d05-0e5e484e7c6c.jpeg,"
BJ's Wholesale Club,Wellsley Farms Atlantic Salmon,$25.39,,,32 oz,['Gluten-Free'],,"https://www.instacart.com/image-server/257x257/filters:fill(FFF,true):format(jpg)/d2lnr5mha7bycj.cloudfront.net/product-image/file/large_4b30463a-87fc-43c0-81f1-61f3d8978b80.jpeg,"
BJ's Wholesale Club,Red Lobster Cheddar Bay Biscuit Shrimp,$13.99,,,24 oz,[],,"https://www.instacart.com/image-server/257x257/filters:fill(FFF,true):format(jpg)/d2lnr5mha7bycj.cloudfront.net/product-image/file/large_d4138a02-169a-487c-b76f-ba9ba064f59d.jpeg,"
BJ's Wholesale Club,Wellsley Farms Raw Shrimp 31/40 Ct,$14.59,,,32 oz,['Gluten-Free'],,"https://www.instacart.com/image-server/257x257/filters:fill(FFF,true):format(jpg)/d2lnr5mha7bycj.cloudfront.net/product-image/file/large_80e766af-b585-45d0-8725-5aa50d5439f7.jpeg,"
BJ's Wholesale Club,Wellsley Farms Crispy Chicken Strips,$15.89,,,3.5 lb,[],,"https://www.instacart.com/image-server/257x257/filters:fill(FFF,true):format(jpg)/d2lnr5mha7bycj.cloudfront.net/product-image/file/large_f023a646-84cd-497b-9f02-af4ae49c3432.jpeg,"
BJ's Wholesale Club,Perdue No Antibiotics Ever Gluten Free Chicken Breast Tenders,$15.29,,,2.63 lb,['Gluten-Free'],,"https://www.instacart.com/image-server/257x257/filters:fill(FFF,true):format(jpg)/d2lnr5mha7bycj.cloudfront.net/product-image/file/large_b68d6f15-64c9-41eb-89bc-18a260f72743.jpeg,"
BJ's Wholesale Club,Impossible Chicken Nuggets,$17.79,,,32 oz,[],,"https://www.instacart.com/image-server/257x257/filters:fill(FFF,true):format(jpg)/d2lnr5mha7bycj.cloudfront.net/product-image/file/large_862a6585-409c-4085-ae73-7e2b9ccb6eec.jpeg,"
BJ's Wholesale Club,"Tyson Popcorn Chicken, Panko",$24.19,,,56 oz,[],Many in stock,"https://www.instacart.com/image-server/257x257/filters:fill(FFF,true):format(jpg)/d2lnr5mha7bycj.cloudfront.net/product-image/file/large_c2ffd8f0-a30d-4647-888d-833ae16b5697.jpeg,"
BJ's Wholesale Club,Wellsley Farms Sockeye Salmon 32 Ounce,$28.99,,,2 lb,['Gluten-Free'],Many in stock,"https://www.instacart.com/image-server/257x257/filters:fill(FFF,true):format(jpg)/d2lnr5mha7bycj.cloudfront.net/product-image/file/large_ee737817-20d6-4800-b369-a8b45974b7a5.jpeg,"
BJ's Wholesale Club,Wellsley Farms Buffalo Chicken Bites,$17.79,,,3.5 lb,[],Many in stock,"https://www.instacart.com/image-server/257x257/filters:fill(FFF,true):format(jpg)/d2lnr5mha7bycj.cloudfront.net/product-image/file/large_628692c7-d78b-4d61-9f9c-82c76f3050e1.jpeg,"
BJ's Wholesale Club,"Naked Shrimp Raw ""Easy Peel"" Shrimp",$19.09,,,1.4 lb,['Gluten-Free'],,"https://www.instacart.com/image-server/257x257/filters:fill(FFF,true):format(jpg)/d2lnr5mha7bycj.cloudfront.net/product-image/file/large_2edb5f0a-0aa6-43b1-88e9-fb2f1639a07f.png,"
BJ's Wholesale Club,Gorton's Golden Crispy Panko Fish Sticks,$20.39,,,56 oz,[],,"https://www.instacart.com/image-server/257x257/filters:fill(FFF,true):format(jpg)/d2lnr5mha7bycj.cloudfront.net/product-image/file/large_8d79015d-e2e4-4260-9496-ba6ba4a715b9.jpeg,"
BJ's Wholesale Club,"Tyson Chicken Breast Strips, Grilled",$25.39,,,48 oz,[],,"https://www.instacart.com/image-server/257x257/filters:fill(FFF,true):format(jpg)/d2lnr5mha7bycj.cloudfront.net/product-image/file/large_df6da2c1-ab69-4ac0-a116-f950ba43d68f.jpeg,"
BJ's Wholesale Club,"Tyson Chicken Bites, Honey BBQ Flavored, Boneless",$20.39,,,56 oz,[],,"https://www.instacart.com/image-server/257x257/filters:fill(FFF,true):format(jpg)/d2lnr5mha7bycj.cloudfront.net/product-image/file/large_61c335be-fd02-4afa-8744-54c0c06ab144.jpeg,"
BJ's Wholesale Club,Naked Shrimp Jumbo Cooked Shrimp,$25.39,,,1.4 lb,['Gluten-Free'],,"https://www.instacart.com/image-server/257x257/filters:fill(FFF,true):format(jpg)/d2lnr5mha7bycj.cloudfront.net/product-image/file/large_4fd19203-49c8-427e-8fab-a81954e2bc6b.png,"
BJ's Wholesale Club,"Tyson Chicken Wings, First & Second Sections",$36.89,,,10 lb,[],,"https://www.instacart.com/image-server/257x257/filters:fill(FFF,true):format(jpg)/d2lnr5mha7bycj.cloudfront.net/product-image/file/large_7220d3dd-e4c8-46c6-8853-76fc00d0061c.jpeg,"
BJ's Wholesale Club,Wellsley Farms Chicken Patties,$20.39,,,5 lb,[],,"https://www.instacart.com/image-server/257x257/filters:fill(FFF,true):format(jpg)/d2lnr5mha7bycj.cloudfront.net/product-image/file/large_a187bef1-00ee-4196-aa0a-c610b0e5166f.jpeg,"
BJ's Wholesale Club,Gorton's Pub Style Cod,$20.39,,,32.5 oz,[],,"https://www.instacart.com/image-server/257x257/filters:fill(FFF,true):format(jpg)/d2lnr5mha7bycj.cloudfront.net/product-image/file/large_373300e5-82f8-4c2b-b45e-c0d91a67c99f.jpeg,"
BJ's Wholesale Club,Wellsley Farms Frozen Sirloin & Beef Patties,$25.39,,,4 lb,[],Many in stock,"https://www.instacart.com/image-server/257x257/filters:fill(FFF,true):format(jpg)/d2lnr5mha7bycj.cloudfront.net/product-image/file/large_26f1bd4a-331d-43fe-9055-1a1549405ecf.jpeg,"
BJ's Wholesale Club,"Tyson Boneless Skinless Chicken Breast Tenderloins, (Frozen)",$31.79,,,6 lb,[],,"https://www.instacart.com/image-server/257x257/filters:fill(FFF,true):format(jpg)/d2lnr5mha7bycj.cloudfront.net/product-image/file/large_4bf268be-8c5b-48d6-8dbb-62750578b44e.jpeg,"
BJ's Wholesale Club,Caribbean Food Delights Jamaican Style Spicy Beef Patties,$19.09,,,50 oz,[],,"https://www.instacart.com/image-server/257x257/filters:fill(FFF,true):format(jpg)/d2lnr5mha7bycj.cloudfront.net/product-image/file/large_3a10a8b8-ed1c-4160-8782-c3428120936f.jpeg,"
BJ's Wholesale Club,"Tyson Hot Wings, Buffalo Style",$25.39,,,4 lb,[],,"https://www.instacart.com/image-server/257x257/filters:fill(FFF,true):format(jpg)/d2lnr5mha7bycj.cloudfront.net/product-image/file/large_c83b1801-abac-48ed-b98d-b29e1c346a7a.jpeg,"
BJ's Wholesale Club,"Tyson Chicken Patties, White Meat, Panko Breaded",$22.89,,,5 lb,[],,"https://www.instacart.com/image-server/257x257/filters:fill(FFF,true):format(jpg)/d2lnr5mha7bycj.cloudfront.net/product-image/file/large_65708237-5454-4384-b577-2bb2f47d6d4d.jpeg,"
BJ's Wholesale Club,"Tyson Chicken Breast Tenderloins, Uncooked, Breaded",$27.99,,,5 lb,[],,"https://www.instacart.com/image-server/257x257/filters:fill(FFF,true):format(jpg)/d2lnr5mha7bycj.cloudfront.net/product-image/file/large_b570b089-3476-44e1-af81-44d83f415e03.jpeg,"
BJ's Wholesale Club,Crazy Cuizine General Tso's Chicken,$18.49,,,,[],,"https://www.instacart.com/image-server/257x257/filters:fill(FFF,true):format(jpg)/d2lnr5mha7bycj.cloudfront.net/product-image/file/large_f194cece-de75-4785-9672-ed689e7ceeb4.jpeg,"
BJ's Wholesale Club,"Wellsley Farms Angus Beef Meatballs, 4 lbs.",$31.79,,,4 lb,[],,"https://www.instacart.com/image-server/257x257/filters:fill(FFF,true):format(jpg)/d2lnr5mha7bycj.cloudfront.net/product-image/file/large_1e24355e-f69c-4edf-a9eb-6d521fd3ac15.jpeg,"
BJ's Wholesale Club,"SeaPak Shrimp, Popcorn, Jumbo",$19.09,,,40 oz,[],Many in stock,"https://www.instacart.com/image-server/257x257/filters:fill(FFF,true):format(jpg)/d2lnr5mha7bycj.cloudfront.net/product-image/file/large_629626d9-6005-4d9f-ad5c-0cd3021676d3.jpeg,"
BJ's Wholesale Club,Tyson Honey BBQ Flavored Wings,$25.39,,,64 oz,[],Many in stock,"https://www.instacart.com/image-server/257x257/filters:fill(FFF,true):format(jpg)/d2lnr5mha7bycj.cloudfront.net/product-image/file/large_07429981-1199-45a1-bf9f-f1b9185e3015.jpeg,"
BJ's Wholesale Club,"Barber Foods Chicken Breasts, Raw Stuffed, Cordon Bleu, Breaded, Club Pack",$17.79,,,6 ct,[],,"https://www.instacart.com/image-server/257x257/filters:fill(FFF,true):format(jpg)/d2lnr5mha7bycj.cloudfront.net/product-image/file/large_a40e76ec-7f73-4b91-957a-349cdfa8e534.jpeg,"
BJ's Wholesale Club,Wellsley Farms Tilapia Loins,$12.09,,,2 lb,[],Many in stock,"https://www.instacart.com/image-server/257x257/filters:fill(FFF,true):format(jpg)/d2lnr5mha7bycj.cloudfront.net/product-image/file/large_735176f8-dd85-4c1b-a07e-f2cbda554299.jpeg,"
BJ's Wholesale Club,Wellsley Farms Popcorn Chicken,$13.99,,,2.5 lb,[],,"https://www.instacart.com/image-server/257x257/filters:fill(FFF,true):format(jpg)/d2lnr5mha7bycj.cloudfront.net/product-image/file/large_3166122a-b2a1-4d91-86a8-f51641d71808.jpeg,"
BJ's Wholesale Club,Original price: $13.99,$10.19,,,1.75 lb,[],,"https://www.instacart.com/image-server/257x257/filters:fill(FFF,true):format(jpg)/d2lnr5mha7bycj.cloudfront.net/product-image/file/large_be666e24-08ff-4bbc-ab32-6a825ee6fe8c.png,"
BJ's Wholesale Club,SeaPak Jumbo Butterfly Shrimp,$19.09,,,32 oz,[],Many in stock,"https://www.instacart.com/image-server/257x257/filters:fill(FFF,true):format(jpg)/d2lnr5mha7bycj.cloudfront.net/product-image/file/large_93b9953c-d49e-47af-bfe8-6eede48a9122.jpeg,"
BJ's Wholesale Club,Butterball Frozen Turkey 10-16 lbs,$24.57,each (est.),$1.89 / lb,About 13.0 lb each,[],,"https://www.instacart.com/image-server/257x257/filters:fill(FFF,true):format(jpg)/d2lnr5mha7bycj.cloudfront.net/product-image/file/large_db876520-3876-4dee-9cab-ed51b0578341.jpeg,"
BJ's Wholesale Club,SeaPak Shrimp Scampi,$17.79,,,24 oz,[],Many in stock,"https://www.instacart.com/image-server/257x257/filters:fill(FFF,true):format(jpg)/d2lnr5mha7bycj.cloudfront.net/product-image/file/large_a98d6aad-67c8-430c-baa9-4a93c949a368.jpeg,"
BJ's Wholesale Club,Wellsley Farms Hot Chicken Wings Tray,$13.99,,,,[],,"https://www.instacart.com/image-server/257x257/filters:fill(FFF,true):format(jpg)/d2lnr5mha7bycj.cloudfront.net/product-image/file/large_74cf08eb-1e34-496a-892f-38ff64ff734a.jpeg,"
BJ's Wholesale Club,"Beyond Meat Breaded Tenders, Plant-Based, Original",$15.29,,,22 oz,['Vegan'],Many in stock,"https://www.instacart.com/image-server/257x257/filters:fill(FFF,true):format(jpg)/d2lnr5mha7bycj.cloudfront.net/product-image/file/large_50cff8bb-6b24-440c-8d04-d05c659705b7.jpeg,"
BJ's Wholesale Club,Wellsley Farms Raw Shrimp 16/20,$20.39,,,24 oz,['Gluten-Free'],,"https://www.instacart.com/image-server/257x257/filters:fill(FFF,true):format(jpg)/d2lnr5mha7bycj.cloudfront.net/product-image/file/large_cdc5a8b9-ece3-4ea8-b837-f57795faa7fc.jpeg,"
BJ's Wholesale Club,Original price: $16.49,$13.99,,,40 x 0.5 oz,['Gluten-Free'],,"https://www.instacart.com/image-server/257x257/filters:fill(FFF,true):format(jpg)/d2lnr5mha7bycj.cloudfront.net/product-image/file/large_32122d1a-dd30-47ac-bc3e-80fb490470d2.jpeg,"
BJ's Wholesale Club,Sensible Portions Variety Pack Garden Veggie Straw,$18.79,,,30 ct,[],,"https://www.instacart.com/image-server/257x257/filters:fill(FFF,true):format(jpg)/d2lnr5mha7bycj.cloudfront.net/product-image/file/large_2fd5aa80-345d-4b5f-a79f-1a6789d857c9.jpeg,"
BJ's Wholesale Club,KIND Dark Chocolate Nuts & Sea Salt Or Caramel Almond & Sea Salt Mini's Bar Variety Pack,$25.39,,,32 ct,[],,"https://www.instacart.com/image-server/257x257/filters:fill(FFF,true):format(jpg)/d2lnr5mha7bycj.cloudfront.net/product-image/file/large_5dcbf964-3dda-4c00-b871-41113858c13c.jpeg,"
BJ's Wholesale Club,"Nabisco Cookies, 60 Packs",$20.39,,,60 each,[],Many in stock,"https://www.instacart.com/image-server/257x257/filters:fill(FFF,true):format(jpg)/d2lnr5mha7bycj.cloudfront.net/product-image/file/large_f9e2eeb6-15c4-4f5e-982b-2a5c514bcd81.jpeg,"
BJ's Wholesale Club,Welch's Mixed Fruit Snacks,$17.79,,,90 x 0.8 oz,['Gluten-Free'],,"https://www.instacart.com/image-server/257x257/filters:fill(FFF,true):format(jpg)/d2lnr5mha7bycj.cloudfront.net/product-image/file/large_99bade57-08fe-4eab-a0d7-04bc4f3bbc96.jpeg,"
BJ's Wholesale Club,"Kellogg's Rice Krispies Treats Crispy Marshmallow Squares, Kids Snacks, Snack Bars, Original",$17.19,,,60 x 0.78 oz,[],,"https://www.instacart.com/image-server/257x257/filters:fill(FFF,true):format(jpg)/d2lnr5mha7bycj.cloudfront.net/product-image/file/large_f2894d27-c7d3-4f61-a272-a47413ff5655.jpeg,"
BJ's Wholesale Club,Meiji Chocolate Crème Center with a Crunchy Cookie Shell,$13.99,,,30 x 0.75 oz,[],,"https://www.instacart.com/image-server/257x257/filters:fill(FFF,true):format(jpg)/d2lnr5mha7bycj.cloudfront.net/product-image/file/large_5b787d5e-85b1-427f-9b43-7959eeb2896d.jpg,"
BJ's Wholesale Club,"Frito Lay Snacks, Premiere Mix",$25.39,,,30 ct,[],Many in stock,"https://www.instacart.com/image-server/257x257/filters:fill(FFF,true):format(jpg)/d2lnr5mha7bycj.cloudfront.net/product-image/file/large_8e57a95c-64a4-4e69-8ee0-5b97ea0c991f.jpeg,"
BJ's Wholesale Club,Gushers Strawberry and Tropical Fruit Flavored Snacks,$17.79,,,33.6 oz,['Gluten-Free'],Many in stock,"https://www.instacart.com/image-server/257x257/filters:fill(FFF,true):format(jpg)/d2lnr5mha7bycj.cloudfront.net/product-image/file/large_363c68b9-379f-4704-8316-a9efce7a4304.jpeg,"
BJ's Wholesale Club,Lance Variety Pack Sandwich Crackers,$13.99,,,36 ct,[],,"https://www.instacart.com/image-server/257x257/filters:fill(FFF,true):format(jpg)/d2lnr5mha7bycj.cloudfront.net/product-image/file/large_f57de1f3-2a64-4aae-b1ab-e032e4699ea2.jpeg,"
BJ's Wholesale Club,"UNREAL Dark Chocolate, Coconut, Mini Bars",$12.69,,,11.1 oz,"['Gluten-Free', 'Vegan']",,"https://www.instacart.com/image-server/257x257/filters:fill(FFF,true):format(jpg)/d2lnr5mha7bycj.cloudfront.net/product-image/file/large_d98a6c22-aea5-4f56-b3cd-cb6d6e46e3ff.jpg,"
BJ's Wholesale Club,"Mott’s Fruit Flavored Snacks, Assorted Fruit, Pouches",$16.49,,,72 oz,['Gluten-Free'],,"https://www.instacart.com/image-server/257x257/filters:fill(FFF,true):format(jpg)/d2lnr5mha7bycj.cloudfront.net/product-image/file/large_a7db2966-5506-4888-bf7d-9669ab7f6fc3.jpeg,"
BJ's Wholesale Club,"Frito Lay Snacks, Variety Mix, Variety Packs",$25.39,,,30 each,[],Many in stock,"https://www.instacart.com/image-server/257x257/filters:fill(FFF,true):format(jpg)/d2lnr5mha7bycj.cloudfront.net/product-image/file/large_1993241d-85a9-47fa-b595-132e2e373610.jpeg,"
BJ's Wholesale Club,"Pringles Potato Crisps Chips, Lunch Snacks",$25.39,,,48 ct,[],,"https://www.instacart.com/image-server/257x257/filters:fill(FFF,true):format(jpg)/d2lnr5mha7bycj.cloudfront.net/product-image/file/large_470d98d9-c11f-493b-a86a-1c65c9c08cef.jpeg,"
BJ's Wholesale Club,"Frito Lay Cool & Tangy Mix, Variety Packs",$25.39,,,50 x 1 oz,[],,"https://www.instacart.com/image-server/257x257/filters:fill(FFF,true):format(jpg)/d2lnr5mha7bycj.cloudfront.net/product-image/file/large_7466f143-0d77-4fa2-bf4e-dbfd3c1064b9.jpeg,"
BJ's Wholesale Club,Snyder's of Hanover Mini Pretzels 100 Calorie Packs,$12.69,,,36 x 0.92 oz,[],Many in stock,"https://www.instacart.com/image-server/257x257/filters:fill(FFF,true):format(jpg)/d2lnr5mha7bycj.cloudfront.net/product-image/file/large_3047a4fc-59b3-4093-9439-41868b5cb251.jpeg,"
BJ's Wholesale Club,Entenmann's Little Bites Chocolate Chip Muffins,$14.99,,,20 x 1.65 oz,[],Many in stock,"https://www.instacart.com/image-server/257x257/filters:fill(FFF,true):format(jpg)/d2lnr5mha7bycj.cloudfront.net/product-image/file/large_447f52c0-3c44-4710-b07f-d4bc6b0076bb.jpeg,"
BJ's Wholesale Club,Wellsley Farms Plantain Chips,$5.09,,,11 oz,['Vegan'],,"https://www.instacart.com/image-server/257x257/filters:fill(FFF,true):format(jpg)/d2lnr5mha7bycj.cloudfront.net/product-image/file/large_a16515da-4026-48ac-a593-cc91463ed37c.jpeg,"
BJ's Wholesale Club,Utz Party Mix,$12.09,,,43 oz,[],,"https://www.instacart.com/image-server/257x257/filters:fill(FFF,true):format(jpg)/d2lnr5mha7bycj.cloudfront.net/product-image/file/large_963248af-752f-4ea8-9617-3a791e19e960.jpeg,"
BJ's Wholesale Club,"On The Border Tortilla Chips, Cafe Style",$5.79,,,22.25 oz,['Vegan'],Many in stock,"https://www.instacart.com/image-server/257x257/filters:fill(FFF,true):format(jpg)/d2lnr5mha7bycj.cloudfront.net/product-image/file/large_9a37f28c-fd2e-491f-83f5-cfce4ad2fd6a.jpeg,"
BJ's Wholesale Club,Original price: $8.89,$7.29,,,14 oz,"['Gluten-Free', 'Vegan']",Many in stock,"https://www.instacart.com/image-server/257x257/filters:fill(FFF,true):format(jpg)/d2lnr5mha7bycj.cloudfront.net/product-image/file/large_9d2159e4-9662-4246-af53-618263d6b5d5.jpeg,"
BJ's Wholesale Club,Wellsley Farms Peanut Butter Filled Pretzels,$12.69,,,50 oz,[],Many in stock,"https://www.instacart.com/image-server/257x257/filters:fill(FFF,true):format(jpg)/d2lnr5mha7bycj.cloudfront.net/product-image/file/large_4c3aef8b-6ab5-4660-8a34-e842ae14cc92.jpeg,"
BJ's Wholesale Club,UNREAL Dark Chocolate Peanut Butter Cups,$12.69,,,19 x 10.05 oz,"['Gluten-Free', 'Organic']",,"https://www.instacart.com/image-server/257x257/filters:fill(FFF,true):format(jpg)/d2lnr5mha7bycj.cloudfront.net/product-image/file/large_d54de2b9-1fbb-4dd5-904e-ca715aef1991.jpg,"
BJ's Wholesale Club,Pepperidge Farm Goldfish Cheddar Crackers,$16.49,,,30 x 1.5 oz,[],,"https://www.instacart.com/image-server/257x257/filters:fill(FFF,true):format(jpg)/d2lnr5mha7bycj.cloudfront.net/product-image/file/large_587fa86f-2417-48e6-ad39-dc94b7f17d5d.jpeg,"
BJ's Wholesale Club,Wellsley Farms Chewy Chocolate Chip Granola Bar,$12.59,,,60 oz,[],Many in stock,"https://www.instacart.com/image-server/257x257/filters:fill(FFF,true):format(jpg)/d2lnr5mha7bycj.cloudfront.net/product-image/file/large_bc4e3c39-5446-45d5-9ec8-91fefdd26ab2.jpeg,"
BJ's Wholesale Club,Dole Mandarin Oranges,$11.49,,,16 x 4 oz,['Vegan'],,"https://www.instacart.com/image-server/257x257/filters:fill(FFF,true):format(jpg)/d2lnr5mha7bycj.cloudfront.net/product-image/file/large_6141b68c-4ff9-4497-914c-7594ff00b333.jpeg,"
BJ's Wholesale Club,Original price: $13.99,$12.09,,,21.2 oz,[],,"https://www.instacart.com/image-server/257x257/filters:fill(FFF,true):format(jpg)/d2lnr5mha7bycj.cloudfront.net/product-image/file/large_c404be90-33f9-4e0c-8337-d1c1417bdcfa.jpeg,"
BJ's Wholesale Club,Ritz Original Crackers,$12.69,,,62 oz,[],,"https://www.instacart.com/image-server/257x257/filters:fill(FFF,true):format(jpg)/d2lnr5mha7bycj.cloudfront.net/product-image/file/large_dbb8c08e-f703-4d7a-b821-a80d01683cfb.jpeg,"
BJ's Wholesale Club,Pepperidge Farm Goldfish Cheddar Crackers,$13.99,,,58 oz,[],,"https://www.instacart.com/image-server/257x257/filters:fill(FFF,true):format(jpg)/d2lnr5mha7bycj.cloudfront.net/product-image/file/large_0ba377a4-6ecb-41c2-b7a9-12c00b328442.jpeg,"
BJ's Wholesale Club,Snack Factory Original Flavor Pretzel Crisps,$8.89,,,737 g,[],,"https://www.instacart.com/image-server/257x257/filters:fill(FFF,true):format(jpg)/d2lnr5mha7bycj.cloudfront.net/product-image/file/large_ac7013a4-ddca-469f-8338-17146ce14c2d.jpeg,"
BJ's Wholesale Club,Original price: $17.79,$15.89,,,8.4 oz,[],,"https://www.instacart.com/image-server/257x257/filters:fill(FFF,true):format(jpg)/d2lnr5mha7bycj.cloudfront.net/product-image/file/large_a5c61915-21d1-443c-8c75-7e0e500a9d8c.jpeg,"
BJ's Wholesale Club,Snyder's of Hanover Mini Pretzels,$11.49,,,40 oz,['Low Fat'],,"https://www.instacart.com/image-server/257x257/filters:fill(FFF,true):format(jpg)/d2lnr5mha7bycj.cloudfront.net/product-image/file/large_5ee121c1-e77a-4e55-9b9e-5aa8860955aa.jpeg,"
BJ's Wholesale Club,Pepperidge Farm Sweet & Savory Crackers Variety Pack,$20.39,,,45 x 46 oz,[],,"https://www.instacart.com/image-server/257x257/filters:fill(FFF,true):format(jpg)/d2lnr5mha7bycj.cloudfront.net/product-image/file/large_24e8b0ae-5349-45a6-a843-c773af50b26b.jpeg,"
BJ's Wholesale Club,"Cheez-It Cheese Crackers, Baked Snack Crackers, Lunch Snacks, Original",$19.09,,,45 ct,['Light Sodium'],,"https://www.instacart.com/image-server/257x257/filters:fill(FFF,true):format(jpg)/d2lnr5mha7bycj.cloudfront.net/product-image/file/large_1accd337-ea99-4a65-9ce0-a40be2dc8ccf.jpeg,"
BJ's Wholesale Club,"Frito Lay Doritos Cheetos Mix, Variety Packs",$25.39,,,30 ct,[],,"https://www.instacart.com/image-server/257x257/filters:fill(FFF,true):format(jpg)/d2lnr5mha7bycj.cloudfront.net/product-image/file/large_fb095a74-5158-49f8-b94d-ad90aae08d85.jpeg,"
BJ's Wholesale Club,Original price: $20.39,$17.79,,,28 ct,[],Many in stock,"https://www.instacart.com/image-server/257x257/filters:fill(FFF,true):format(jpg)/d2lnr5mha7bycj.cloudfront.net/product-image/file/large_9b246642-b8b3-4e7b-9ec2-90a8f15caf09.jpeg,"
BJ's Wholesale Club,Lance Toasty Peanut Butter Sandwich Crackers,$12.69,,,40 x 1.29 oz,[],,"https://www.instacart.com/image-server/257x257/filters:fill(FFF,true):format(jpg)/d2lnr5mha7bycj.cloudfront.net/product-image/file/large_1a8b062a-d855-4599-b85a-368f343ab99e.jpeg,"
BJ's Wholesale Club,Original price: $17.79,$15.89,,,240 g,[],,"https://www.instacart.com/image-server/257x257/filters:fill(FFF,true):format(jpg)/d2lnr5mha7bycj.cloudfront.net/product-image/file/large_bf778e16-6d3a-430e-a06e-49740a71222d.jpeg,"
BJ's Wholesale Club,Wise Grab & Snack Variety Pack,$20.39,,,37.5 oz,[],,"https://www.instacart.com/image-server/257x257/filters:fill(FFF,true):format(jpg)/d2lnr5mha7bycj.cloudfront.net/product-image/file/large_466d12af-101a-44a6-9c80-144392a902c9.jpeg,"
BJ's Wholesale Club,Doritos Pick n' Pack Nacho Cheese & Lay's Classic Tortilla Chips,$8.89,,,2 ct,[],,"https://www.instacart.com/image-server/257x257/filters:fill(FFF,true):format(jpg)/d2lnr5mha7bycj.cloudfront.net/product-image/file/large_49deb91d-980c-4443-9118-3b0fce66542e.jpeg,"
BJ's Wholesale Club,"Nabisco Honey Maid Graham Crackers, 4 x 14.4 oz",$11.49,,,4 x 14.4 oz,[],,"https://www.instacart.com/image-server/257x257/filters:fill(FFF,true):format(jpg)/d2lnr5mha7bycj.cloudfront.net/product-image/file/large_c2a31f4d-474a-48bb-93f0-b69442a68e2d.jpeg,"
BJ's Wholesale Club,Famous Amos Cookies Chocolate Chip,$24.19,,,42 x 2 oz,[],Many in stock,"https://www.instacart.com/image-server/257x257/filters:fill(FFF,true):format(jpg)/d2lnr5mha7bycj.cloudfront.net/product-image/file/large_490a705b-52d3-428b-bcd9-5e3f7f84989b.jpeg,"
BJ's Wholesale Club,Original price: $10.19,$8.59,,,13.5 oz,['Gluten-Free'],,"https://www.instacart.com/image-server/257x257/filters:fill(FFF,true):format(jpg)/d2lnr5mha7bycj.cloudfront.net/product-image/file/large_63ced475-045b-4cc2-8c33-026f78dcaa9e.jpeg,"
BJ's Wholesale Club,Original price: $22.89,$20.39,,,65 x 0.8 oz,['Organic'],,"https://www.instacart.com/image-server/257x257/filters:fill(FFF,true):format(jpg)/d2lnr5mha7bycj.cloudfront.net/product-image/file/large_72ff038e-95e4-45e8-9059-367d29cfcd1b.jpeg,"
BJ's Wholesale Club,Original price: $15.29,$12.69,,,64 oz,[],,"https://www.instacart.com/image-server/257x257/filters:fill(FFF,true):format(jpg)/d2lnr5mha7bycj.cloudfront.net/product-image/file/large_e8ba2fe9-395b-4ff5-8638-2033f9167412.jpeg,"
BJ's Wholesale Club,"Cheez-It Cheese Crackers, Baked Snack Crackers, Lunch Snacks, Original",$12.69,,,2 x 48 oz,['Light Sodium'],,"https://www.instacart.com/image-server/257x257/filters:fill(FFF,true):format(jpg)/d2lnr5mha7bycj.cloudfront.net/product-image/file/large_61082b19-0318-4699-b801-21a31dfa340a.jpeg,"
BJ's Wholesale Club,"Club Crackers, Lunch Snacks, Snack Crackers, Original",$12.69,,,50 oz,[],,"https://www.instacart.com/image-server/257x257/filters:fill(FFF,true):format(jpg)/d2lnr5mha7bycj.cloudfront.net/product-image/file/large_7acf0da8-1322-4cdf-927c-18cdd01e7cce.jpeg,"
BJ's Wholesale Club,"Nature Valley Crunchy Granola Bars, Oats 'n Honey",$20.39,,,73.01 oz,[],,"https://www.instacart.com/image-server/257x257/filters:fill(FFF,true):format(jpg)/d2lnr5mha7bycj.cloudfront.net/product-image/file/large_2241a4e6-4586-4360-b0bf-39d1c4310cdf.jpeg,"
BJ's Wholesale Club,Honey Nut Cheerios Heart Healthy Cereal With Happy Heart Shapes,$11.29,,,2 x 27.5 oz,['Whole Grain'],,"https://www.instacart.com/image-server/257x257/filters:fill(FFF,true):format(jpg)/d2lnr5mha7bycj.cloudfront.net/product-image/file/large_d93d31eb-4b89-452b-bbb4-58c6ffeec266.jpeg,"
BJ's Wholesale Club,General Mills Kids Triple Variety Pack Cereal,$10.19,,,38.5 oz,['Gluten-Free'],Many in stock,"https://www.instacart.com/image-server/257x257/filters:fill(FFF,true):format(jpg)/d2lnr5mha7bycj.cloudfront.net/product-image/file/large_3a2a220e-adc6-4e53-ad6f-03737c0e424c.jpeg,"
BJ's Wholesale Club,Kodiak Cakes Flapjack & Waffle Mix,$15.29,,,20 oz,[],,"https://www.instacart.com/image-server/257x257/filters:fill(FFF,true):format(jpg)/d2lnr5mha7bycj.cloudfront.net/product-image/file/large_73fd8e71-8380-4b87-b567-36bdc5ed21bd.jpeg,"
BJ's Wholesale Club,"Wellsley Farms Swiss Granola With Almonds, Hazelnuts & Strawberries",$12.69,,,32 oz,[],,"https://www.instacart.com/image-server/257x257/filters:fill(FFF,true):format(jpg)/d2lnr5mha7bycj.cloudfront.net/product-image/file/large_94a311b9-2f85-4e68-abdf-fddea7f3c01c.jpeg,"
BJ's Wholesale Club,"Cap'N Crunch Cereal, Sweetened Corn & Oat, Crunch Berries",$7.69,,,40 oz,[],,"https://www.instacart.com/image-server/257x257/filters:fill(FFF,true):format(jpg)/d2lnr5mha7bycj.cloudfront.net/product-image/file/large_94d885f1-38a3-492b-ae04-185e3bb3160b.jpeg,"
BJ's Wholesale Club,"Pop-Tarts Toaster Pastries, Breakfast Foods, Kids Snacks, Variety Pack",$14.59,,,48 x 81.2 oz,[],Many in stock,"https://www.instacart.com/image-server/257x257/filters:fill(FFF,true):format(jpg)/d2lnr5mha7bycj.cloudfront.net/product-image/file/large_ece631a3-3c67-46e6-8101-e0c892f559c0.jpeg,"
BJ's Wholesale Club,Post PEBBLES Cereal,$10.19,,,38 oz,[],,"https://www.instacart.com/image-server/257x257/filters:fill(FFF,true):format(jpg)/d2lnr5mha7bycj.cloudfront.net/product-image/file/large_188a24a3-9661-4764-9e86-374bf70fb62d.jpeg,"
BJ's Wholesale Club,"Frosted Flakes Breakfast Cereal, Kids Cereal, Family Breakfast, Original",$11.49,,,61.9 oz,[],,"https://www.instacart.com/image-server/257x257/filters:fill(FFF,true):format(jpg)/d2lnr5mha7bycj.cloudfront.net/product-image/file/large_77f04da0-7972-43e7-96e0-3030b3583ef8.jpeg,"
BJ's Wholesale Club,Quaker Variety Instant Oats Hot Cereal,$17.79,,,52 each,[],Many in stock,"https://www.instacart.com/image-server/257x257/filters:fill(FFF,true):format(jpg)/d2lnr5mha7bycj.cloudfront.net/product-image/file/large_ff87cede-26cc-418a-bdb1-f7fc648cde74.jpeg,"
BJ's Wholesale Club,Quaker Instant Grits,$16.49,,,46 ct,[],,"https://www.instacart.com/image-server/257x257/filters:fill(FFF,true):format(jpg)/d2lnr5mha7bycj.cloudfront.net/product-image/file/large_d7c589a7-39a6-402b-b4e4-b4dc8a416d81.jpeg,"
BJ's Wholesale Club,brekki Overnight Oats,$13.99,,,6 x 5.3 oz,[],,"https://www.instacart.com/image-server/257x257/filters:fill(FFF,true):format(jpg)/d2lnr5mha7bycj.cloudfront.net/product-image/file/large_70a84647-76b0-4025-83c0-bae8b8d224fd.jpeg,"
BJ's Wholesale Club,Pillsbury Strawberry Toaster Strudel Pastries With Icing Packets,$15.29,,,58.5 oz,[],,"https://www.instacart.com/image-server/257x257/filters:fill(FFF,true):format(jpg)/d2lnr5mha7bycj.cloudfront.net/product-image/file/large_f538059e-9692-4c02-a053-23a57802fbaa.jpeg,"
BJ's Wholesale Club,"Kellogg's Breakfast Cereal, 8 Vitamins and Minerals, Variety Pack",$11.19,,,3 x 37.3 oz,[],,"https://www.instacart.com/image-server/257x257/filters:fill(FFF,true):format(jpg)/d2lnr5mha7bycj.cloudfront.net/product-image/file/large_56a5a516-79a7-4899-b62e-bbfecde416d3.jpeg,"
BJ's Wholesale Club,Quaker Variety Oatmeal,$17.19,,,42.3 oz,[],,"https://www.instacart.com/image-server/257x257/filters:fill(FFF,true):format(jpg)/d2lnr5mha7bycj.cloudfront.net/product-image/file/large_99b74aa4-e2d1-4320-ba94-8f5f5126ea7b.jpeg,"
BJ's Wholesale Club,"Kellogg’s Nutri-Grain Soft Baked Breakfast Bars, Made with Whole Grains, Kids Snacks, Variety Pack",$17.19,,,48 x 62.4 oz,[],,"https://www.instacart.com/image-server/257x257/filters:fill(FFF,true):format(jpg)/d2lnr5mha7bycj.cloudfront.net/product-image/file/large_a820158b-10ca-4621-a343-52126d4c449b.jpeg,"
BJ's Wholesale Club,Lucky Charms Gluten Free Breakfast Cereal with Marshmallows,$10.19,,,46 oz,"['Gluten-Free', 'Whole Grain']",,"https://www.instacart.com/image-server/257x257/filters:fill(FFF,true):format(jpg)/d2lnr5mha7bycj.cloudfront.net/product-image/file/large_4f9a445d-182e-45b4-a6b9-747025ae4f68.jpeg,"
BJ's Wholesale Club,"Quaker Oats, 100% Whole Grain",$15.29,,,2 x 5 lb,[],,"https://www.instacart.com/image-server/257x257/filters:fill(FFF,true):format(jpg)/d2lnr5mha7bycj.cloudfront.net/product-image/file/large_f4949f68-7942-42e5-9044-1d3788b657b7.jpeg,"
BJ's Wholesale Club,"Pop-Tarts Toaster Pastries, Breakfast Foods, Kids Snacks, Variety Pack",$10.19,,,48 x 81.2 oz,[],,"https://www.instacart.com/image-server/257x257/filters:fill(FFF,true):format(jpg)/d2lnr5mha7bycj.cloudfront.net/product-image/file/large_510f9126-8ba4-49b7-ba57-ba976f2ea54b.jpeg,"
BJ's Wholesale Club,"Kellogg's Cold Breakfast Cereal, Single Serve, Kids Snacks, Variety Pack",$12.49,,,25 x 26.9 oz,[],Many in stock,"https://www.instacart.com/image-server/257x257/filters:fill(FFF,true):format(jpg)/d2lnr5mha7bycj.cloudfront.net/product-image/file/large_47dc528f-0955-4f61-b007-58f4203a3799.jpeg,"
BJ's Wholesale Club,Post Honey Bunches of Oats with Almonds Cereal,$9.79,,,48 oz,['Whole Grain'],,"https://www.instacart.com/image-server/257x257/filters:fill(FFF,true):format(jpg)/d2lnr5mha7bycj.cloudfront.net/product-image/file/large_44a59bd5-0bba-432a-a096-88a4e7dcff2e.jpeg,"
BJ's Wholesale Club,"Kellogg Froot Loops Breakfast Cereal, Kids Cereal, Family Breakfast, Original",$11.49,,,2 x 43.6 oz,[],,"https://www.instacart.com/image-server/257x257/filters:fill(FFF,true):format(jpg)/d2lnr5mha7bycj.cloudfront.net/product-image/file/large_a6922e33-a601-48a5-926b-7cc81d19b3bc.jpeg,"
BJ's Wholesale Club,Cheerios Heart Healthy Cereal With Limited Edition Happy Heart Shapes,$8.29,,,40.7 oz,['Whole Grain'],,"https://www.instacart.com/image-server/257x257/filters:fill(FFF,true):format(jpg)/d2lnr5mha7bycj.cloudfront.net/product-image/file/large_99cca1c9-bbf1-4688-8b81-ec2eff3e803f.jpeg,"
BJ's Wholesale Club,"Kellogg’s Special K Pastry Crisps, Breakfast Bars, 100 Calorie Snacks, Variety Pack",$13.99,,,60 ct,[],Many in stock,"https://www.instacart.com/image-server/257x257/filters:fill(FFF,true):format(jpg)/d2lnr5mha7bycj.cloudfront.net/product-image/file/large_4d094d1c-be04-4097-b020-ab102d038abc.jpeg,"
BJ's Wholesale Club,Chrissy Teigen Cravings Buttermilk Mochi Pancake & Waffle Mix,$10.79,,,2 x 14.2 oz,['Gluten-Free'],,"https://www.instacart.com/image-server/257x257/filters:fill(FFF,true):format(jpg)/d2lnr5mha7bycj.cloudfront.net/product-image/file/large_9b398fbd-a779-471c-8da2-95a375085b3e.jpeg,"
BJ's Wholesale Club,Post Honey Bunches of Oats Honey Roasted Cereal,$9.79,,,48 oz,['Whole Grain'],,"https://www.instacart.com/image-server/257x257/filters:fill(FFF,true):format(jpg)/d2lnr5mha7bycj.cloudfront.net/product-image/file/large_170a1fc6-5c78-4427-abc6-97ae00f9d12e.jpeg,"
BJ's Wholesale Club,General Mills Minis Triple Variety Pack Cereal,$10.19,,,34.8 oz,[],,"https://www.instacart.com/image-server/257x257/filters:fill(FFF,true):format(jpg)/d2lnr5mha7bycj.cloudfront.net/product-image/file/large_bd2cd5bc-e2e5-41fc-9e45-94ba56c8270d.jpeg,"
BJ's Wholesale Club,"Raisin Bran Breakfast Cereal, Family Breakfast, Fiber Cereal, Original",$12.69,,,76.5 oz,['Whole Grain'],,"https://www.instacart.com/image-server/257x257/filters:fill(FFF,true):format(jpg)/d2lnr5mha7bycj.cloudfront.net/product-image/file/large_bebec152-d097-4ba3-a89e-489c30575834.jpeg,"
BJ's Wholesale Club,"Quaker Oats, Old Fashioned, 100% Wole Grain, Rolled",$17.79,,,2 x 5 lb,[],,"https://www.instacart.com/image-server/257x257/filters:fill(FFF,true):format(jpg)/d2lnr5mha7bycj.cloudfront.net/product-image/file/large_3ce40460-c540-4ec0-90a0-5d7457379a46.jpeg,"
BJ's Wholesale Club,"Raisin Bran Breakfast Cereal, High Fiber Cereal, Original",$6.99,,,2 x 42 oz,['Whole Grain'],,"https://www.instacart.com/image-server/257x257/filters:fill(FFF,true):format(jpg)/d2lnr5mha7bycj.cloudfront.net/product-image/file/large_903cfaba-46ad-40fe-b424-e72a05fda2d6.jpeg,"
BJ's Wholesale Club,"Bisquick Pancake & Baking Mix, All Purpose",$11.19,,,96 oz,[],,"https://www.instacart.com/image-server/257x257/filters:fill(FFF,true):format(jpg)/d2lnr5mha7bycj.cloudfront.net/product-image/file/large_b7606e95-6ae2-45e0-892a-c3ec9360589f.jpeg,"
BJ's Wholesale Club,"Pearl Milling Company Pancake & Waffle Mix, Buttermilk, Complete, Giant Size",$14.59,,,80 oz,[],,"https://www.instacart.com/image-server/257x257/filters:fill(FFF,true):format(jpg)/d2lnr5mha7bycj.cloudfront.net/product-image/file/large_8e89f913-e440-4294-915c-e3be56ad08b3.jpeg,"
BJ's Wholesale Club,"Kellogg’s Special K Breakfast Cereal, Family Breakfast, Fiber Cereal, Red Berries",$12.69,,,2 x 21.5 oz,['Whole Grain'],,"https://www.instacart.com/image-server/257x257/filters:fill(FFF,true):format(jpg)/d2lnr5mha7bycj.cloudfront.net/product-image/file/large_169e703f-5899-4aae-92b3-c852f361a46c.jpeg,"
BJ's Wholesale Club,"Life Cereal, Multigrain, Original",$12.69,,,62 oz,['Multigrain'],,"https://www.instacart.com/image-server/257x257/filters:fill(FFF,true):format(jpg)/d2lnr5mha7bycj.cloudfront.net/product-image/file/large_1764eb03-623e-473f-a952-0065b0a5f978.jpeg,"
BJ's Wholesale Club,Cocoa Puffs Cereal,$8.89,,,39.25 oz,['Whole Grain'],Many in stock,"https://www.instacart.com/image-server/257x257/filters:fill(FFF,true):format(jpg)/d2lnr5mha7bycj.cloudfront.net/product-image/file/large_9e572087-7e68-4322-8324-6dc05185ce93.jpeg,"
BJ's Wholesale Club,Frosted Mini-Wheats Mini Wheats Cereal Bite Size Frosted,$10.79,,,2 x 55 oz,['Whole Grain'],,"https://www.instacart.com/image-server/257x257/filters:fill(FFF,true):format(jpg)/d2lnr5mha7bycj.cloudfront.net/product-image/file/large_488ba125-39f0-4fd5-997c-e50037b0c884.jpeg,"
BJ's Wholesale Club,"Kellogg's Corn Flakes Breakfast Cereal, 8 Vitamins and Minerals, Original",$10.79,,,2 x 43 oz,[],,"https://www.instacart.com/image-server/257x257/filters:fill(FFF,true):format(jpg)/d2lnr5mha7bycj.cloudfront.net/product-image/file/large_dccde068-a54e-4c03-8538-a355702ce46b.jpeg,"
BJ's Wholesale Club,"Kellogg's Rice Krispies Breakfast Cereal, Kids Snacks, Family Breakfast, Original",$12.69,,,2 x 42 oz,[],,"https://www.instacart.com/image-server/257x257/filters:fill(FFF,true):format(jpg)/d2lnr5mha7bycj.cloudfront.net/product-image/file/large_d9921c2e-2995-44d1-a354-f3a5813ce17e.jpeg,"
BJ's Wholesale Club,Cheerios Oat Crunch Cinnamon Oat Breakfast Cereal,$11.19,,,59.5 oz,['Whole Grain'],,"https://www.instacart.com/image-server/257x257/filters:fill(FFF,true):format(jpg)/d2lnr5mha7bycj.cloudfront.net/product-image/file/large_31d5d2b6-89eb-4f86-9315-7e0f15605f79.jpeg,"
BJ's Wholesale Club,Purely Elizabeth Granola,$14.59,,,24 oz,[],,"https://www.instacart.com/image-server/257x257/filters:fill(FFF,true):format(jpg)/d2lnr5mha7bycj.cloudfront.net/product-image/file/large_4c43e77c-66ec-4afb-8b65-3dbfc0e4cf33.jpeg,"
BJ's Wholesale Club,Wellsley Farms Large White Eggs,$20.39,,,60 ct,[],Many in stock,"https://www.instacart.com/image-server/257x257/filters:fill(FFF,true):format(jpg)/d2lnr5mha7bycj.cloudfront.net/product-image/file/large_ba3f9d2c-f05c-434b-b560-7d6e82ac57d3.jpeg,"
BJ's Wholesale Club,Del Monte Blue Lake Cut Green Beans,$15.29,,,12 x 14.5 oz,[],,"https://www.instacart.com/image-server/257x257/filters:fill(FFF,true):format(jpg)/d2lnr5mha7bycj.cloudfront.net/product-image/file/large_6b437879-ac84-4ad3-88c4-29165382ad31.jpeg,"
BJ's Wholesale Club,Smithfield Hometown Original Bacon,$19.09,,,16 oz,[],,"https://www.instacart.com/image-server/257x257/filters:fill(FFF,true):format(jpg)/d2lnr5mha7bycj.cloudfront.net/product-image/file/large_056266dd-7de5-4531-a6ac-822eb7c1479c.jpeg,"
BJ's Wholesale Club,"Dave's Killer Bread Organic Bread, 21 Whole Grains and Seeds",$10.79,,,2 ct,['Organic'],,"https://www.instacart.com/image-server/257x257/filters:fill(FFF,true):format(jpg)/d2lnr5mha7bycj.cloudfront.net/product-image/file/large_c176deff-44eb-45b5-871b-646c4e6378e4.jpeg,"
BJ's Wholesale Club,Applegate Natural Hickory Smoked Uncured Sunday Bacon,$19.09,,,2 x 12 oz,[],,"https://www.instacart.com/image-server/257x257/filters:fill(FFF,true):format(jpg)/d2lnr5mha7bycj.cloudfront.net/product-image/file/large_482a9fc7-31ee-45ef-927d-b7605b960342.jpeg,"
BJ's Wholesale Club,Goya Premium Black Beans,$10.19,,,8 x 15.5 oz,[],Many in stock,"https://www.instacart.com/image-server/257x257/filters:fill(FFF,true):format(jpg)/d2lnr5mha7bycj.cloudfront.net/product-image/file/large_37b5521e-8996-4fd0-b9ef-850df9caaf11.jpg,"
BJ's Wholesale Club,Oscar Mayer Naturally Hardwood Smoked Bacon,$19.09,,,3 x 16 oz,[],,"https://www.instacart.com/image-server/257x257/filters:fill(FFF,true):format(jpg)/d2lnr5mha7bycj.cloudfront.net/product-image/file/large_730da373-20b6-473d-8d03-1377ad8d5c66.jpeg,"
BJ's Wholesale Club,Wellsley Farms Wheat Soft Bread,$6.09,,,2 x 20 oz,[],,"https://www.instacart.com/image-server/257x257/filters:fill(FFF,true):format(jpg)/d2lnr5mha7bycj.cloudfront.net/product-image/file/large_b0512e6e-ac9e-4010-9335-957e0e720f09.jpeg,"
BJ's Wholesale Club,"Land O Lakes Eggs, Brown, Cage Free, Large",$10.19,,,24 each,['Cage-Free'],Many in stock,"https://www.instacart.com/image-server/257x257/filters:fill(FFF,true):format(jpg)/d2lnr5mha7bycj.cloudfront.net/product-image/file/large_059245f3-3b88-48cf-8813-215b816725c3.jpeg,"
BJ's Wholesale Club,Bush's Best Original Baked Beans,$13.99,,,8 x 16.5 oz,[],Many in stock,"https://www.instacart.com/image-server/257x257/filters:fill(FFF,true):format(jpg)/d2lnr5mha7bycj.cloudfront.net/product-image/file/large_8e6ab7b1-2eee-4f7c-a8b8-be34a90b412b.jpeg,"
BJ's Wholesale Club,"Dave's Killer Bread Bread, Organic, Good Seed",$10.79,,,2 ct,['Organic'],,"https://www.instacart.com/image-server/257x257/filters:fill(FFF,true):format(jpg)/d2lnr5mha7bycj.cloudfront.net/product-image/file/large_1296a878-25b8-4202-b0a3-2cf8c352b06c.jpeg,"
BJ's Wholesale Club,Pepperidge Farm Whole Grain 15 Grain Bread,$7.29,,,24 oz,[],,"https://www.instacart.com/image-server/257x257/filters:fill(FFF,true):format(jpg)/d2lnr5mha7bycj.cloudfront.net/product-image/file/large_c09a2abc-829e-4763-904a-ec5c929b2446.jpeg,"
BJ's Wholesale Club,Hormel Black Label Fully Cooked Bacon,$19.09,,,10.5 oz,[],,"https://www.instacart.com/image-server/257x257/filters:fill(FFF,true):format(jpg)/d2lnr5mha7bycj.cloudfront.net/product-image/file/large_7a3eb189-add8-4be1-a4f1-2366f03d50c2.jpeg,"
BJ's Wholesale Club,Eggland's Best Grade A Large White Eggs,$7.39,,,12 ct,[],,"https://www.instacart.com/image-server/257x257/filters:fill(FFF,true):format(jpg)/d2lnr5mha7bycj.cloudfront.net/product-image/file/large_2a3764ed-542d-400d-a670-ca3e1d80010b.jpeg,"
BJ's Wholesale Club,Pepperidge Farm Whole Grain 100% Whole Wheat Bread,$7.29,,,24 oz,[],,"https://www.instacart.com/image-server/257x257/filters:fill(FFF,true):format(jpg)/d2lnr5mha7bycj.cloudfront.net/product-image/file/large_83893d10-a122-49f2-a4e5-c7734c94b06f.jpeg,"
BJ's Wholesale Club,Hormel Black Label Microwave Ready Bacon,$16.49,,,24 oz,[],,"https://www.instacart.com/image-server/257x257/filters:fill(FFF,true):format(jpg)/d2lnr5mha7bycj.cloudfront.net/product-image/file/large_4188cf8f-ed8e-449e-840a-ef50527c69c2.jpeg,"
BJ's Wholesale Club,Sara Lee Soft & Smooth Whole Grain White Bread Twin Pack,$7.99,,,40 oz,[],,"https://www.instacart.com/image-server/257x257/filters:fill(FFF,true):format(jpg)/d2lnr5mha7bycj.cloudfront.net/product-image/file/large_b7c1617b-f30a-492f-b975-5db7d5ee2fb6.jpeg,"
BJ's Wholesale Club,Sara Lee 100% Whole Wheat Bread,$7.99,,,2 x 20 oz,[],,"https://www.instacart.com/image-server/257x257/filters:fill(FFF,true):format(jpg)/d2lnr5mha7bycj.cloudfront.net/product-image/file/large_328765a3-b2d4-420f-8832-e4fc672fc37c.jpeg,"
BJ's Wholesale Club,Butterball All Natural 93% Lean/7% Fat Ground Turkey,$12.69,,,2.5 lb,[],,"https://www.instacart.com/image-server/257x257/filters:fill(FFF,true):format(jpg)/d2lnr5mha7bycj.cloudfront.net/product-image/file/large_900527d6-ba9a-40d7-b57c-a0163ea2afb1.jpeg,"
BJ's Wholesale Club,"Perdue Fresh Chicken Thighs, Freezer Ready Pouches, Club Pack",$17.00,/pkg (est.),$1.79 / lb,About 9.5 lb / package,['Thigh'],,"https://www.instacart.com/image-server/257x257/filters:fill(FFF,true):format(jpg)/d2lnr5mha7bycj.cloudfront.net/product-image/file/large_b8a7d96f-3053-48d3-be1d-b57bfb2941d9.jpeg,"
BJ's Wholesale Club,PERDUE HARVESTLAND Thin Sliced Free Range Breasts,$15.21,/pkg (est.),$6.39 / lb,About 2.38 lb / package,['Breast'],,"https://www.instacart.com/image-server/257x257/filters:fill(FFF,true):format(jpg)/d2lnr5mha7bycj.cloudfront.net/product-image/file/large_2bc7b551-baf4-4c97-87d4-2f06aa5c248b.jpeg,"
BJ's Wholesale Club,Perdue No Antibiotics Ever Ground Chicken 92% Lean 8% Fat,$11.79,,,3 lb,[],,"https://www.instacart.com/image-server/257x257/filters:fill(FFF,true):format(jpg)/d2lnr5mha7bycj.cloudfront.net/product-image/file/large_64b1ee94-b6ff-4845-ba33-c70024dfe3e4.jpeg,"
BJ's Wholesale Club,PERDUE HARVESTLAND Free Range Boneless Thighs,$10.48,/pkg (est.),$4.19 / lb,About 2.5 lb / package,['Thigh'],,"https://www.instacart.com/image-server/257x257/filters:fill(FFF,true):format(jpg)/d2lnr5mha7bycj.cloudfront.net/product-image/file/large_a9a85aca-a129-4248-bdc2-954b47ba1590.jpeg,"
BJ's Wholesale Club,"Perdue Fresh Chicken Wings, Freezer Ready Pouches, Club Pack",$27.68,/pkg (est.),$3.69 / lb,About 7.5 lb / package,['Wing'],,"https://www.instacart.com/image-server/257x257/filters:fill(FFF,true):format(jpg)/d2lnr5mha7bycj.cloudfront.net/product-image/file/large_34cff27c-3729-41d6-80be-3c122e42f3f6.jpeg,"
BJ's Wholesale Club,Boneless Skinless Chicken Breast,$18.78,/pkg (est.),$3.49 / lb,About 5.38 lb / package,['Breast'],,"https://www.instacart.com/image-server/257x257/filters:fill(FFF,true):format(jpg)/d2lnr5mha7bycj.cloudfront.net/product-image/file/large_c39056fa-2aa1-4f8e-b938-50b49267c9a4.jpeg,"
BJ's Wholesale Club,Butterball Fresh Ground Turkey,$16.49,,,3 x 1.33 lb,[],Many in stock,"https://www.instacart.com/image-server/257x257/filters:fill(FFF,true):format(jpg)/d2lnr5mha7bycj.cloudfront.net/product-image/file/large_203df38f-9ca0-410a-a7e3-29f4de17cc00.jpeg,"
BJ's Wholesale Club,PERDUE HARVESTLAND Free Range Drumsticks,$8.97,/pkg (est.),$2.99 / lb,About 3.0 lb / package,[],,"https://www.instacart.com/image-server/257x257/filters:fill(FFF,true):format(jpg)/d2lnr5mha7bycj.cloudfront.net/product-image/file/large_e88fd5db-db50-49a2-ac28-3c1528126540.jpeg,"
BJ's Wholesale Club,Oscar Mayer Turkey Bacon,$17.79,,,4 x 12 oz,[],,"https://www.instacart.com/image-server/257x257/filters:fill(FFF,true):format(jpg)/d2lnr5mha7bycj.cloudfront.net/product-image/file/large_efab4c2c-abed-41f7-bfc3-e6a1b108d1fd.jpeg,"
BJ's Wholesale Club,"Perdue Fresh Chicken Drumsticks, Freezer Ready Pouches, Club Pack",$13.52,/pkg (est.),$1.69 / lb,About 8.0 lb / package,[],,"https://www.instacart.com/image-server/257x257/filters:fill(FFF,true):format(jpg)/d2lnr5mha7bycj.cloudfront.net/product-image/file/large_41da539b-3bbb-4173-92e5-58632704525d.jpeg,"
BJ's Wholesale Club,Wellsley Farms Chicken Wing Sections,$34.29,,,10 lb,['Wing'],,"https://www.instacart.com/image-server/257x257/filters:fill(FFF,true):format(jpg)/d2lnr5mha7bycj.cloudfront.net/product-image/file/large_afee0e75-629e-4eeb-b784-0a257c8052ad.jpeg,"
BJ's Wholesale Club,Wellsley Farms Turkey,$10.09,/pkg (est.),$9.59 / lb,About 1.05 lb / package,[],,"https://www.instacart.com/image-server/257x257/filters:fill(FFF,true):format(jpg)/d2lnr5mha7bycj.cloudfront.net/product-image/file/large_2210d475-8786-4226-b7cd-1b01ef290f23.jpeg,"
BJ's Wholesale Club,PERDUE HARVESTLAND Free Range Boneless Breasts,$17.97,/pkg (est.),$5.99 / lb,About 3.0 lb / package,['Breast'],,"https://www.instacart.com/image-server/257x257/filters:fill(FFF,true):format(jpg)/d2lnr5mha7bycj.cloudfront.net/product-image/file/large_5b674aab-2bff-471a-92c6-6a2754aa7544.jpeg,"
BJ's Wholesale Club,Butterball Original Seasoned Turkey Burgers,$21.59,,,64 oz,[],,"https://www.instacart.com/image-server/257x257/filters:fill(FFF,true):format(jpg)/d2lnr5mha7bycj.cloudfront.net/product-image/file/large_349e655f-8df9-4f2c-90dc-682b4ed0ca86.jpeg,"
BJ's Wholesale Club,Smoked Turkey Drumsticks,$15.01,/pkg (est.),$4.19 / lb,About 3.58 lb / package,[],,"https://www.instacart.com/image-server/257x257/filters:fill(FFF,true):format(jpg)/d2lnr5mha7bycj.cloudfront.net/product-image/file/large_59c07a85-7439-4895-b6bc-7f3abd03c3d4.jpeg,"
BJ's Wholesale Club,Perdue Boneless Chicken Breasts Cp 6,$27.44,/pkg (est.),$4.19 / lb,About 6.55 lb / package,['Breast'],,"https://www.instacart.com/image-server/257x257/filters:fill(FFF,true):format(jpg)/d2lnr5mha7bycj.cloudfront.net/product-image/file/large_5704ab51-c41d-41bb-949c-c9c271e7c9d0.jpeg,"
BJ's Wholesale Club,Wellsley Farms Low Sodium Turkey,$5.08,/pkg (est.),$9.59 / lb,About 0.53 lb / package,['Breast'],,"https://www.instacart.com/image-server/257x257/filters:fill(FFF,true):format(jpg)/d2lnr5mha7bycj.cloudfront.net/product-image/file/large_a2fa1ed1-d999-44af-80ed-565e9b2d3c5c.jpeg,"
BJ's Wholesale Club,"Applegate Naturals Bacon, Turkey, Uncured, Hickory Smoked",$17.79,,,2 each,[],,"https://www.instacart.com/image-server/257x257/filters:fill(FFF,true):format(jpg)/d2lnr5mha7bycj.cloudfront.net/product-image/file/large_71f25837-0d6f-49c4-a733-763d24c91f69.jpeg,"
BJ's Wholesale Club,PERDUE HARVESTLAND Whole Chicken Free Range,$11.23,/pkg (est.),$2.19 / lb,About 5.13 lb / package,['Whole'],,"https://www.instacart.com/image-server/257x257/filters:fill(FFF,true):format(jpg)/d2lnr5mha7bycj.cloudfront.net/product-image/file/large_3a17bbd7-64dc-4aa0-848d-e47ac7b0fb73.jpeg,"
BJ's Wholesale Club,"Perdue Fresh Whole Cornish Hen, Twin Pack",$13.97,/pkg (est.),$3.19 / lb,About 4.38 lb / package,[],,"https://www.instacart.com/image-server/257x257/filters:fill(FFF,true):format(jpg)/d2lnr5mha7bycj.cloudfront.net/product-image/file/large_65d3714e-fcb1-44e0-8314-ef7a9d5f5e24.jpeg,"
BJ's Wholesale Club,Winchester Farms 1.0 to 1.5 Pounds Chicken Cordon Bleu,$12.48,/pkg (est.),$10.19 / lb,About 1.23 lb / package,['Breast'],,"https://www.instacart.com/image-server/257x257/filters:fill(FFF,true):format(jpg)/d2lnr5mha7bycj.cloudfront.net/product-image/file/large_e8a27c52-e951-4f21-9b5a-f4c92e9f6f98.jpeg,"
BJ's Wholesale Club,Perdue No Antibiotics Ever Original Roasted Carved Chicken Breast Strips,$13.39,,,1.63 lb,['Breast'],,"https://www.instacart.com/image-server/257x257/filters:fill(FFF,true):format(jpg)/d2lnr5mha7bycj.cloudfront.net/product-image/file/large_31a386d8-99b3-4390-a93e-4c7c3adc0e2a.jpeg,"
BJ's Wholesale Club,Wellsley Farms Yakitori Chicken,$16.49,,,10 x 1.75 oz,[],,"https://www.instacart.com/image-server/257x257/filters:fill(FFF,true):format(jpg)/d2lnr5mha7bycj.cloudfront.net/product-image/file/large_18de2c5d-a055-47e1-bc12-2d0c4139a28c.jpeg,"
BJ's Wholesale Club,Perdue No Antibiotics Ever Chicken Breast Cutlets,$15.29,,,3 x 2.25 lb,['Breast'],,"https://www.instacart.com/image-server/257x257/filters:fill(FFF,true):format(jpg)/d2lnr5mha7bycj.cloudfront.net/product-image/file/large_9d0ecd78-12ed-413d-859e-40505f7cafea.jpeg,"
BJ's Wholesale Club,Perdue Oven Stuffer,$15.07,/pkg (est.),$2.19 / lb,About 6.88 lb / package,['Whole'],,"https://www.instacart.com/image-server/257x257/filters:fill(FFF,true):format(jpg)/d2lnr5mha7bycj.cloudfront.net/product-image/file/large_ed98a72c-4ad4-4d53-9432-2852353c3bc7.jpeg,"
BJ's Wholesale Club,Fresh Express Caesar Salad & Toppings Kit,$5.79,,,19.5 oz,[],,"https://www.instacart.com/image-server/257x257/filters:fill(FFF,true):format(jpg)/d2lnr5mha7bycj.cloudfront.net/product-image/file/large_c95320f1-338b-42a2-97de-3cd0bab9bb8a.jpeg,"
BJ's Wholesale Club,Lunchables Kids Lunch Variety Combo Ham & Cheddar & Turkey & American Cheese Crackers,$11.49,,,6 ct,[],,"https://www.instacart.com/image-server/257x257/filters:fill(FFF,true):format(jpg)/d2lnr5mha7bycj.cloudfront.net/product-image/file/large_3828499c-96c8-4871-8003-82cf88b0be50.jpeg,"
BJ's Wholesale Club,Taylor Farms Avocado Ranch Chopped Salad Kit,$4.49,,,12.8 oz,[],,"https://www.instacart.com/image-server/257x257/filters:fill(FFF,true):format(jpg)/d2lnr5mha7bycj.cloudfront.net/product-image/file/large_450b7a41-46af-4005-ac21-c221cb0ab3e8.jpeg,"
BJ's Wholesale Club,Columbus Charcuterie Sampler,$12.69,,,12 oz,[],,"https://www.instacart.com/image-server/257x257/filters:fill(FFF,true):format(jpg)/d2lnr5mha7bycj.cloudfront.net/product-image/file/large_c3f375f5-466e-4b9e-bea1-f85477e1090c.jpeg,"
BJ's Wholesale Club,"Eggland's Best Eggs, Medium, Hard-Cooked",$6.39,,,12 ct,[],,"https://www.instacart.com/image-server/257x257/filters:fill(FFF,true):format(jpg)/d2lnr5mha7bycj.cloudfront.net/product-image/file/large_0677272b-8159-4820-921e-43578c650f31.jpeg,"
BJ's Wholesale Club,Taylor Farms Sweet Kale Chopped Salad Kit,$4.49,,,12 oz,[],,"https://www.instacart.com/image-server/257x257/filters:fill(FFF,true):format(jpg)/d2lnr5mha7bycj.cloudfront.net/product-image/file/large_6cc2ac39-703f-4047-89c2-696846499232.jpeg,"
BJ's Wholesale Club,Veggies Made Great Spinach Egg White Frittatas,$10.69,,,24 oz,[],,"https://www.instacart.com/image-server/257x257/filters:fill(FFF,true):format(jpg)/d2lnr5mha7bycj.cloudfront.net/product-image/file/large_be43458d-00c4-4b80-9490-dd72e0b9d5c2.jpeg,"
BJ's Wholesale Club,Sargento Balanced Breaks Cheese & Crackers,$16.49,,,12 ct,[],Many in stock,"https://www.instacart.com/image-server/257x257/filters:fill(FFF,true):format(jpg)/d2lnr5mha7bycj.cloudfront.net/product-image/file/large_09af872d-8625-4521-bd86-d12646a7de46.jpeg,"
BJ's Wholesale Club,Wellsley Farms Organic Herb Salad Mix,$3.79,,,6 x 5 oz,[],Many in stock,"https://www.instacart.com/image-server/257x257/filters:fill(FFF,true):format(jpg)/d2lnr5mha7bycj.cloudfront.net/product-image/file/large_e7f2d5b9-2c27-40fd-b6eb-373f558daf74.jpeg,"
BJ's Wholesale Club,Taylor Farms Asian Chopped Salad Kit,$4.49,,,13 oz,[],,"https://www.instacart.com/image-server/257x257/filters:fill(FFF,true):format(jpg)/d2lnr5mha7bycj.cloudfront.net/product-image/file/large_012120e4-f3cc-40d5-8998-ece32b9bea41.jpeg,"
BJ's Wholesale Club,Wellsley Farms White Meat Chicken Salad,$15.29,,,32 oz,[],Many in stock,"https://www.instacart.com/image-server/257x257/filters:fill(FFF,true):format(jpg)/d2lnr5mha7bycj.cloudfront.net/product-image/file/large_ccd3147a-3a1c-4b72-84b5-24c9a9a60aa1.jpeg,"
BJ's Wholesale Club,Wellsley Farms Homestyle Mashed Potatoes,$7.69,,,2 x 24 oz,[],,"https://www.instacart.com/image-server/257x257/filters:fill(FFF,true):format(jpg)/d2lnr5mha7bycj.cloudfront.net/product-image/file/large_03f2fe30-24aa-4262-b39b-0fcaf08810a4.jpeg,"
BJ's Wholesale Club,"Wellsley Farms Assorted Cookie Platter, 48 ct.",$25.39,,,,[],,"https://www.instacart.com/image-server/257x257/filters:fill(FFF,true):format(jpg)/d2lnr5mha7bycj.cloudfront.net/product-image/file/large_a989a8f8-d365-400a-8ab0-10bcc566f5d1.jpeg,"
BJ's Wholesale Club,Wellsley Farms Seafood Salad 32 Ounce,$8.89,,,2 lb container,[],,"https://www.instacart.com/image-server/257x257/filters:fill(FFF,true):format(jpg)/d2lnr5mha7bycj.cloudfront.net/product-image/file/large_c755ed6f-9660-40d5-9302-c7b2f514ee3c.jpeg,"
BJ's Wholesale Club,Sargento Balanced Breaks Original Variety Single Serve Cheese Snacks,$16.49,,,12 ct,[],,"https://www.instacart.com/image-server/257x257/filters:fill(FFF,true):format(jpg)/d2lnr5mha7bycj.cloudfront.net/product-image/file/large_e20e68a2-fba5-4c6d-ad8d-6c3cbee3936a.jpeg,"
BJ's Wholesale Club,Panera Bread at Home Broccoli Cheddar Soup,$13.99,,,48 oz,[],Many in stock,"https://www.instacart.com/image-server/257x257/filters:fill(FFF,true):format(jpg)/d2lnr5mha7bycj.cloudfront.net/product-image/file/large_b673cb80-fcc0-4f32-a665-52213b2c6ee0.jpeg,"
BJ's Wholesale Club,Taylor Farms Caesar Chopped Salad Kit,$4.49,,,11.15 oz,[],,"https://www.instacart.com/image-server/257x257/filters:fill(FFF,true):format(jpg)/d2lnr5mha7bycj.cloudfront.net/product-image/file/large_9bed2c79-d686-4ff0-a62a-fedafbc616ed.jpeg,"
BJ's Wholesale Club,Panera Bread Broccoli Cheddar Soup 4 Pack,$15.29,,,4 each,[],,"https://www.instacart.com/image-server/257x257/filters:fill(FFF,true):format(jpg)/d2lnr5mha7bycj.cloudfront.net/product-image/file/large_3321dea9-e92b-4dcc-a865-ad6d1aaca354.jpeg,"
BJ's Wholesale Club,Wellsley Farms Traditional Macaroni Salad,$6.39,,,32 oz,[],Many in stock,"https://www.instacart.com/image-server/257x257/filters:fill(FFF,true):format(jpg)/d2lnr5mha7bycj.cloudfront.net/product-image/file/large_37873e8d-79ae-4344-826b-24334c7260bb.jpeg,"
BJ's Wholesale Club,Del Monte Vegetable Tray,$8.89,,,32 oz,[],,"https://www.instacart.com/image-server/257x257/filters:fill(FFF,true):format(jpg)/d2lnr5mha7bycj.cloudfront.net/product-image/file/large_0aa52914-f2dd-40cc-bcef-fb9545f6c78f.jpg,"
BJ's Wholesale Club,Wellsley Farms Chick Pea Salad,$7.69,,,20 oz,[],,"https://www.instacart.com/image-server/257x257/filters:fill(FFF,true):format(jpg)/d2lnr5mha7bycj.cloudfront.net/product-image/file/large_5971af24-0c90-4b5f-8695-689141f41d49.jpeg,"
BJ's Wholesale Club,Panera Bread Italian Style Wedding Soup With Chicken Meatballs,$13.99,,,2 x 24 oz,[],,"https://www.instacart.com/image-server/257x257/filters:fill(FFF,true):format(jpg)/d2lnr5mha7bycj.cloudfront.net/product-image/file/large_fbdb1c5a-8429-412f-9285-4640296afffc.jpeg,"
BJ's Wholesale Club,Cedar's Mediterranean Foods Roasted Red Pepper Hommus With Pretzels Snack Packs,$10.59,,,6 x 3.5 oz,[],Many in stock,"https://www.instacart.com/image-server/257x257/filters:fill(FFF,true):format(jpg)/d2lnr5mha7bycj.cloudfront.net/product-image/file/large_2d999394-d391-48b8-bc87-284328cdff34.jpeg,"
BJ's Wholesale Club,Panera Bread Squash Soup,$13.99,,,48 oz,[],Many in stock,"https://www.instacart.com/image-server/257x257/filters:fill(FFF,true):format(jpg)/d2lnr5mha7bycj.cloudfront.net/product-image/file/large_f221e9b6-698d-4807-93ed-b1aa80e041f6.jpeg,"
BJ's Wholesale Club,Panera Bread Mac & Cheese Microwave Meal Pack of 2 (Vegetarian),$15.29,,,4 each,[],,"https://www.instacart.com/image-server/257x257/filters:fill(FFF,true):format(jpg)/d2lnr5mha7bycj.cloudfront.net/product-image/file/large_a94bda13-9d79-4197-92f0-44162821952f.jpeg,"
BJ's Wholesale Club,Panera Bread at Home Creamy Tomato Soup,$13.99,,,48 oz,[],,"https://www.instacart.com/image-server/257x257/filters:fill(FFF,true):format(jpg)/d2lnr5mha7bycj.cloudfront.net/product-image/file/large_1e871df3-3051-47f5-ade3-9cb172de92f4.jpeg,"
BJ's Wholesale Club,Lunchables Pepperoni & Extra Cheesy Pizza Kids Lunch Snack Kit Multipack,$11.49,,,6 ct,[],Many in stock,"https://www.instacart.com/image-server/257x257/filters:fill(FFF,true):format(jpg)/d2lnr5mha7bycj.cloudfront.net/product-image/file/large_6f613a94-4b4b-4c46-a5ce-892be8ea7db7.jpeg,"
BJ's Wholesale Club,Taylor Farms Southwest Chopped Salad Kit,$4.49,,,12.6 oz,[],,"https://www.instacart.com/image-server/257x257/filters:fill(FFF,true):format(jpg)/d2lnr5mha7bycj.cloudfront.net/product-image/file/large_5e8c4c67-b815-40ee-8deb-027942d7dafd.jpeg,"
BJ's Wholesale Club,Panera Bread at Home Mac & Cheese,$13.99,,,40 oz,[],,"https://www.instacart.com/image-server/257x257/filters:fill(FFF,true):format(jpg)/d2lnr5mha7bycj.cloudfront.net/product-image/file/large_3622f903-aeb7-405f-be3c-b800f06ba8ca.jpeg,"
BJ's Wholesale Club,Taylor Farms Sunflower Crunch Chopped Salad Kit,$4.49,,,12.85 oz bag,[],,"https://www.instacart.com/image-server/257x257/filters:fill(FFF,true):format(jpg)/d2lnr5mha7bycj.cloudfront.net/product-image/file/large_437d84b4-eb5c-47f2-8195-a69f8d719871.jpeg,"
BJ's Wholesale Club,Taylor Farms Mexican Street Corn Chopped Salad Kit,$4.49,,,11.62 oz,[],,"https://www.instacart.com/image-server/257x257/filters:fill(FFF,true):format(jpg)/d2lnr5mha7bycj.cloudfront.net/product-image/file/large_d9c0f290-ca78-44d0-984e-7b4b0594001c.jpeg,"
BJ's Wholesale Club,"Hormel Party Tray, Supreme",$21.59,,,39.7 oz,[],,"https://www.instacart.com/image-server/257x257/filters:fill(FFF,true):format(jpg)/d2lnr5mha7bycj.cloudfront.net/product-image/file/large_e02ee66d-789a-40f7-9d68-23eda3dd0a91.jpeg,"
BJ's Wholesale Club,Wellsley Farms Potato Salad,$8.29,,,3 lb,[],,"https://www.instacart.com/image-server/257x257/filters:fill(FFF,true):format(jpg)/d2lnr5mha7bycj.cloudfront.net/product-image/file/large_4a229bb0-f9ac-4982-a068-b6217ae1f15c.jpeg,"
BJ's Wholesale Club,Hormel Signature Deli Party Tray,$24.19,,,48 oz,[],,"https://www.instacart.com/image-server/257x257/filters:fill(FFF,true):format(jpg)/d2lnr5mha7bycj.cloudfront.net/product-image/file/large_f570832b-582e-4182-a2e7-01179cb0af17.jpeg,"
BJ's Wholesale Club,Fresh Express Spring Mix,$6.39,,,,[],,"https://www.instacart.com/image-server/257x257/filters:fill(FFF,true):format(jpg)/d2lnr5mha7bycj.cloudfront.net/product-image/file/large_8c3ebcbc-4f45-41aa-a130-d9ba774a9496.jpeg,"
BJ's Wholesale Club,Wellsley Farms Traditional Red Bliss Potato Salad,$8.29,,,3 lb,[],,"https://www.instacart.com/image-server/257x257/filters:fill(FFF,true):format(jpg)/d2lnr5mha7bycj.cloudfront.net/product-image/file/large_ceb6efbd-bbb9-4b1e-8e19-2159e1373871.jpeg,"
BJ's Wholesale Club,Wellsley Farms Aegean Greek Pasta,$8.89,,,32 oz,[],,"https://www.instacart.com/image-server/257x257/filters:fill(FFF,true):format(jpg)/d2lnr5mha7bycj.cloudfront.net/product-image/file/large_07185177-2e1c-4b69-b301-b465d1897daf.jpeg,"
BJ's Wholesale Club,Taylor Farms Thai Chili Mango Chopped Salad Kit,$4.49,,,11.25 oz,[],,"https://www.instacart.com/image-server/257x257/filters:fill(FFF,true):format(jpg)/d2lnr5mha7bycj.cloudfront.net/product-image/file/large_279696de-bdfd-4943-8539-6d5a270dae8a.jpeg,"
BJ's Wholesale Club,"Taylor Farms Salad, Apple Walnut",$4.49,,,5.5 oz,[],,"https://www.instacart.com/image-server/257x257/filters:fill(FFF,true):format(jpg)/d2lnr5mha7bycj.cloudfront.net/product-image/file/large_3e78e282-d639-4108-b0b2-1b3f564ab663.jpeg,"
BJ's Wholesale Club,Winchester Farms Asparagus & Provolone Chicken,$13.50,each (est.),$10.19 / lb,About 1.33 lb each,[],,"https://www.instacart.com/image-server/257x257/filters:fill(FFF,true):format(jpg)/d2lnr5mha7bycj.cloudfront.net/product-image/file/large_3058b666-a55c-49f8-8202-57158cf61786.jpeg,"
BJ's Wholesale Club,Panera Bread at Home Baked Potato Soup,$13.99,,,48 oz,[],,"https://www.instacart.com/image-server/257x257/filters:fill(FFF,true):format(jpg)/d2lnr5mha7bycj.cloudfront.net/product-image/file/large_52a08e42-b571-4756-b160-f5bbc0bceec8.jpeg,"
BJ's Wholesale Club,"Wellsley Farms 2 Percent Milk, 1 Gallon",$3.69,,,1 gal,[],,"https://www.instacart.com/image-server/257x257/filters:fill(FFF,true):format(jpg)/d2lnr5mha7bycj.cloudfront.net/product-image/file/large_2170952c-973e-454e-bfd4-ef76b689d0f6.jpeg,"
BJ's Wholesale Club,Garelick Farms Lowfat Milk,$3.39,,,1 gal,[],,"https://www.instacart.com/image-server/257x257/filters:fill(FFF,true):format(jpg)/d2lnr5mha7bycj.cloudfront.net/product-image/file/large_a768b605-155c-408c-be5a-b18a8d83c24b.jpeg,"
BJ's Wholesale Club,"fairlife Fat Free Ultra-Filtered Milk, Lactose Free",$5.49,,,52 fl oz,[],,"https://www.instacart.com/image-server/257x257/filters:fill(FFF,true):format(jpg)/d2lnr5mha7bycj.cloudfront.net/product-image/file/large_8b19ec4b-cc25-49d7-a400-5f5ca047c871.jpeg,"
BJ's Wholesale Club,Wellsley Farms Fat Free Skim Milk,$3.09,,,1 gal,['Cow Milk'],Many in stock,"https://www.instacart.com/image-server/257x257/filters:fill(FFF,true):format(jpg)/d2lnr5mha7bycj.cloudfront.net/product-image/file/large_eb31ad6b-b56d-49a6-9a0c-d0db2e7b41c0.jpeg,"
BJ's Wholesale Club,Lactaid 2% Reduced Fat Milk,$7.49,,,96 fl oz,[],,"https://www.instacart.com/image-server/257x257/filters:fill(FFF,true):format(jpg)/d2lnr5mha7bycj.cloudfront.net/product-image/file/large_71c152cc-645e-4025-9d2a-15a024b6daa5.jpeg,"
BJ's Wholesale Club,Lactaid Whole Milk,$7.49,,,96 fl oz,[],,"https://www.instacart.com/image-server/257x257/filters:fill(FFF,true):format(jpg)/d2lnr5mha7bycj.cloudfront.net/product-image/file/large_66ee83bf-053c-43bd-93e6-338f7f947643.jpeg,"
BJ's Wholesale Club,"fairlife 2% Chocolate Ultra-Filtered Milk, Lactose Free",$5.49,,,52 fl oz,[],,"https://www.instacart.com/image-server/257x257/filters:fill(FFF,true):format(jpg)/d2lnr5mha7bycj.cloudfront.net/product-image/file/large_e40fa78e-5af2-4c50-aa2d-cbe46bfdb1d0.jpeg,"
BJ's Wholesale Club,WF Organic Skim Milk,$14.99,,,3 x 64 fl oz,['Organic'],Many in stock,"https://www.instacart.com/image-server/257x257/filters:fill(FFF,true):format(jpg)/d2lnr5mha7bycj.cloudfront.net/product-image/file/large_434e3381-d8f5-43f1-af63-fd83212e3e6a.jpeg,"
BJ's Wholesale Club,Organic 2% Milk,$14.99,,,3 x 64 fl oz,[],,"https://www.instacart.com/image-server/257x257/filters:fill(FFF,true):format(jpg)/d2lnr5mha7bycj.cloudfront.net/product-image/file/large_1a577edb-fc26-4746-a920-e51be66068f3.jpeg,"
BJ's Wholesale Club,TruMoo Chocolate Lowfat Milk,$6.39,,,1 gal,[],,"https://www.instacart.com/image-server/257x257/filters:fill(FFF,true):format(jpg)/d2lnr5mha7bycj.cloudfront.net/product-image/file/large_64e7453a-5913-4657-8285-21b07d73e9cd.jpg,"
BJ's Wholesale Club,Almond Breeze Unsweetened Original Almondmilk,$6.09,,,96 fl oz,[],,"https://www.instacart.com/image-server/257x257/filters:fill(FFF,true):format(jpg)/d2lnr5mha7bycj.cloudfront.net/product-image/file/large_aab90946-6a5b-49d3-8a09-fef662861fa0.jpeg,"
BJ's Wholesale Club,Horizon Organic DHA Omega-3 Vitamin D Organic Whole Milk,$6.39,,,64 fl oz,['Organic'],,"https://www.instacart.com/image-server/257x257/filters:fill(FFF,true):format(jpg)/d2lnr5mha7bycj.cloudfront.net/product-image/file/large_07673e70-a00e-489b-b6a5-8fb45ef6d56e.jpeg,"
BJ's Wholesale Club,Wellsley Farms Organic Whole Milk,$14.99,,,3 x 0.5 gal,['Organic'],,"https://www.instacart.com/image-server/257x257/filters:fill(FFF,true):format(jpg)/d2lnr5mha7bycj.cloudfront.net/product-image/file/large_9fea89d9-1d43-4d03-90a7-d33a70fe30ab.jpeg,"
BJ's Wholesale Club,Lactaid Fat Free Milk,$7.49,,,96 fl oz,[],Many in stock,"https://www.instacart.com/image-server/257x257/filters:fill(FFF,true):format(jpg)/d2lnr5mha7bycj.cloudfront.net/product-image/file/large_1ed99d91-48ad-4d74-81ef-1b3acae23c47.jpeg,"
BJ's Wholesale Club,Planet Oat Unsweetened Original Oatmilk,$6.39,,,86 fl oz,['Vegan'],,"https://www.instacart.com/image-server/257x257/filters:fill(FFF,true):format(jpg)/d2lnr5mha7bycj.cloudfront.net/product-image/file/large_9adaf735-a67b-4a03-be61-a34f84f8d697.jpeg,"
BJ's Wholesale Club,Wellsley Farms Organic 1% Low Fat Milk,$14.99,,,3 x 0.5 gal,['Organic'],,"https://www.instacart.com/image-server/257x257/filters:fill(FFF,true):format(jpg)/d2lnr5mha7bycj.cloudfront.net/product-image/file/large_ca9d68ec-d74f-4461-81b1-c4ce0c33674e.jpeg,"
BJ's Wholesale Club,Almond Breeze Unsweetened Vanilla Almondmilk,$6.09,,,96 fl oz,[],,"https://www.instacart.com/image-server/257x257/filters:fill(FFF,true):format(jpg)/d2lnr5mha7bycj.cloudfront.net/product-image/file/large_d045791a-2daf-4df8-bf6b-690b05d3b8da.jpeg,"
BJ's Wholesale Club,Nestlé NESQUIK Chocolate Lowfat Milk,$16.49,,,15 x 8 fl oz,[],Many in stock,"https://www.instacart.com/image-server/257x257/filters:fill(FFF,true):format(jpg)/d2lnr5mha7bycj.cloudfront.net/product-image/file/large_6d41390c-08f3-4179-b00a-d5a70d05cd94.jpeg,"
BJ's Wholesale Club,Califia Farms Refrigerated Oat Barista Blend Oat Milk,$5.49,,,32 fl oz,"['Vegan', 'Gluten-Free']",,"https://www.instacart.com/image-server/257x257/filters:fill(FFF,true):format(jpg)/d2lnr5mha7bycj.cloudfront.net/product-image/file/large_6caa837b-0203-476c-b87f-ae2f1fe820b0.jpeg,"
BJ's Wholesale Club,Lactaid Lowfat Lactose Free Milk,$7.49,,,96 fl oz,[],,"https://www.instacart.com/image-server/257x257/filters:fill(FFF,true):format(jpg)/d2lnr5mha7bycj.cloudfront.net/product-image/file/large_30bbb52b-088a-45cf-92a6-63c17e3b995f.jpeg,"
BJ's Wholesale Club,Planet Oat Original Oatmilk,$6.39,,,86 fl oz,"['Vegan', 'Gluten-Free']",Many in stock,"https://www.instacart.com/image-server/257x257/filters:fill(FFF,true):format(jpg)/d2lnr5mha7bycj.cloudfront.net/product-image/file/large_f0ca1ed5-0bc4-4881-a458-5c853c1258e8.jpeg,"
BJ's Wholesale Club,Yoo-hoo Chocolate Drink,$17.79,,,40 x 6.5 fl oz,[],Many in stock,"https://www.instacart.com/image-server/257x257/filters:fill(FFF,true):format(jpg)/d2lnr5mha7bycj.cloudfront.net/product-image/file/large_ccba418b-c464-4e27-ad5f-88aa51f544c2.jpeg,"
BJ's Wholesale Club,Almond Breeze Original Almondmilk,$6.09,,,96 fl oz,[],,"https://www.instacart.com/image-server/257x257/filters:fill(FFF,true):format(jpg)/d2lnr5mha7bycj.cloudfront.net/product-image/file/large_bcd91b22-b6a2-45c0-bbd0-cbb23cc10a37.jpeg,"
BJ's Wholesale Club,Horizon Organic 2% Reduced Fat DHA Omega-3 Milk,$6.39,,,64 fl oz,['Organic'],,"https://www.instacart.com/image-server/257x257/filters:fill(FFF,true):format(jpg)/d2lnr5mha7bycj.cloudfront.net/product-image/file/large_bb8ac64c-d54c-4aa8-8441-4e76d2f95b0a.jpeg,"
BJ's Wholesale Club,Horizon Organic 1% Lowfat UHT DHA Omega-3 Chocolate Milk,$27.99,,,18 x 8 fl oz,['Organic'],,"https://www.instacart.com/image-server/257x257/filters:fill(FFF,true):format(jpg)/d2lnr5mha7bycj.cloudfront.net/product-image/file/large_5f4f5fed-8575-47eb-acaf-e8eba390ab65.jpeg,"
BJ's Wholesale Club,So Delicious Dairy Free Organic Coconut Milk Beverage Unsweetened,$5.99,,,64 fl oz,"['Organic', 'Vegan']",,"https://www.instacart.com/image-server/257x257/filters:fill(FFF,true):format(jpg)/d2lnr5mha7bycj.cloudfront.net/product-image/file/large_42ccc714-176b-4ca9-aa38-30d4a0b4411b.jpeg,"
BJ's Wholesale Club,Silk Vanilla Almond Milk,$7.99,,,2 x 64 fl oz,[],,"https://www.instacart.com/image-server/257x257/filters:fill(FFF,true):format(jpg)/d2lnr5mha7bycj.cloudfront.net/product-image/file/large_3b7fad14-403f-4483-990a-a84aa689e166.jpeg,"
BJ's Wholesale Club,Horizon Organic Whole Shelf-Stable Milk,$25.39,,,18 x 8 fl oz,['Organic'],,"https://www.instacart.com/image-server/257x257/filters:fill(FFF,true):format(jpg)/d2lnr5mha7bycj.cloudfront.net/product-image/file/large_25b5f3ff-0f30-4906-9cd9-9e721744aff1.jpeg,"
BJ's Wholesale Club,Wellsley Farms Organic Whole Milk,$6.99,,,0.5 gal,"['Organic', 'Grass-Fed']",,"https://www.instacart.com/image-server/257x257/filters:fill(FFF,true):format(jpg)/d2lnr5mha7bycj.cloudfront.net/product-image/file/large_d30a47ee-ce9e-46ad-a423-b6164693b5e0.jpeg,"
BJ's Wholesale Club,Wellsley Farms Original Unsweetened Organic Almondmilk,$10.19,,,2 x 52 fl oz,"['Organic', 'Vegan']",,"https://www.instacart.com/image-server/257x257/filters:fill(FFF,true):format(jpg)/d2lnr5mha7bycj.cloudfront.net/product-image/file/large_143dd5df-4bc7-4617-ad93-5121bd73d640.jpeg,"
BJ's Wholesale Club,Silk Unsweetened Vanilla Almond Milk,$7.99,,,2 x 64 fl oz,[],,"https://www.instacart.com/image-server/257x257/filters:fill(FFF,true):format(jpg)/d2lnr5mha7bycj.cloudfront.net/product-image/file/large_c801a4bc-bb15-4354-ae58-28fe2c31e43a.jpeg,"
BJ's Wholesale Club,Wellsley Farms Unsweetened Vanilla Flavored Organic Almondmilk,$10.19,,,2 x 52 fl oz,"['Organic', 'Vegan']",,"https://www.instacart.com/image-server/257x257/filters:fill(FFF,true):format(jpg)/d2lnr5mha7bycj.cloudfront.net/product-image/file/large_7937b389-d407-470e-a6b7-d9a28d0518d7.jpeg,"
BJ's Wholesale Club,Almond Breeze Unsweetened Original Club 6-Pack,$15.29,,,6 x 32 fl oz,['Vegan'],,"https://www.instacart.com/image-server/257x257/filters:fill(FFF,true):format(jpg)/d2lnr5mha7bycj.cloudfront.net/product-image/file/large_069ea804-3f77-4e07-8c0e-96677d1b4ebd.jpeg,"
BJ's Wholesale Club,Silk Unsweetened Almond Milk,$7.99,,,2 x 64 fl oz,[],,"https://www.instacart.com/image-server/257x257/filters:fill(FFF,true):format(jpg)/d2lnr5mha7bycj.cloudfront.net/product-image/file/large_a68b41f3-c949-4a44-b9de-cad9af6ed912.jpeg,"
BJ's Wholesale Club,Silk Original Almond Milk,$7.99,,,2 x 64 fl oz,[],,"https://www.instacart.com/image-server/257x257/filters:fill(FFF,true):format(jpg)/d2lnr5mha7bycj.cloudfront.net/product-image/file/large_6f9b5916-db48-416d-a5b2-15c9d6a37749.jpeg,"
BJ's Wholesale Club,Ardmore Farms Unsweetened Original Almondmilk,$4.49,,,96 fl oz,[],,"https://www.instacart.com/image-server/257x257/filters:fill(FFF,true):format(jpg)/d2lnr5mha7bycj.cloudfront.net/product-image/file/large_8e26e94a-a4b6-4857-8c9e-81a46916d1f6.jpeg,"
BJ's Wholesale Club,"Horizon Organic Organic Vanilla Milk, 18 X 8 oz",$27.99,,,18 x 8 fl oz,['Organic'],,"https://www.instacart.com/image-server/257x257/filters:fill(FFF,true):format(jpg)/d2lnr5mha7bycj.cloudfront.net/product-image/file/large_510e5491-4636-4d0c-808d-03521f80be28.jpeg,"
BJ's Wholesale Club,Planet Oat Original Oatmilk,$20.39,,,6 x 32 fl oz,"['Vegan', 'Gluten-Free']",,"https://www.instacart.com/image-server/257x257/filters:fill(FFF,true):format(jpg)/d2lnr5mha7bycj.cloudfront.net/product-image/file/large_14209abd-ec3b-4720-8eea-a5386ba6cd57.jpeg,"
BJ's Wholesale Club,So Delicious Vanilla and Strawberry Coconut Milk Yogurt Variety Pack,$17.59,,,12 x 5.3 oz,[],,"https://www.instacart.com/image-server/257x257/filters:fill(FFF,true):format(jpg)/d2lnr5mha7bycj.cloudfront.net/product-image/file/large_73b22ca5-d6a4-4b37-b1f7-9e437186b50a.jpeg,"
BJ's Wholesale Club,"Nissin Ramen Noodle Soup, Chicken Flavor, 24 Pack",$15.29,,,24 x 2.2 oz,[],,"https://www.instacart.com/image-server/257x257/filters:fill(FFF,true):format(jpg)/d2lnr5mha7bycj.cloudfront.net/product-image/file/large_cad57851-074a-45c4-8821-89cbc1e0e4cd.jpeg,"
BJ's Wholesale Club,"Nissin Noodle Soup, Ramen, Chicken Flavor, 48 Pack",$17.79,,,48 x 3 oz,[],,"https://www.instacart.com/image-server/257x257/filters:fill(FFF,true):format(jpg)/d2lnr5mha7bycj.cloudfront.net/product-image/file/large_f432feaf-77b1-4971-bd21-8fccce5c12ac.jpeg,"
BJ's Wholesale Club,Campbell's Cream of Mushroom Soup,$6.09,,,4 x 10.5 oz,[],,"https://www.instacart.com/image-server/257x257/filters:fill(FFF,true):format(jpg)/d2lnr5mha7bycj.cloudfront.net/product-image/file/large_bb630a0b-9297-427e-9c43-6d7f43fd11d8.jpeg,"
BJ's Wholesale Club,Campbell's Chicken Noodle Soup,$16.89,,,12 x 10.75 oz,[],,"https://www.instacart.com/image-server/257x257/filters:fill(FFF,true):format(jpg)/d2lnr5mha7bycj.cloudfront.net/product-image/file/large_f1032d27-4652-495a-8992-b383046455d1.jpeg,"
BJ's Wholesale Club,"Panera Bread Soup, Chicken Noodle, 2 Pack",$13.99,,,2 ct,[],,"https://www.instacart.com/image-server/257x257/filters:fill(FFF,true):format(jpg)/d2lnr5mha7bycj.cloudfront.net/product-image/file/large_593f259b-f305-49f4-b6e5-ecec95fb66a6.jpeg,"
BJ's Wholesale Club,"Swanson's 100% Natural, 33% Less Sodium Chicken Broth",$16.29,,,6 x 32 oz,[],,"https://www.instacart.com/image-server/257x257/filters:fill(FFF,true):format(jpg)/d2lnr5mha7bycj.cloudfront.net/product-image/file/large_c3fe2c09-1712-4617-9d5e-260eb1cb71e9.jpeg,"
BJ's Wholesale Club,"Nissin Ramen Noodle Soup, with Shrimp, The Original, 24 Pack",$15.29,,,24 x 2.25 oz,[],,"https://www.instacart.com/image-server/257x257/filters:fill(FFF,true):format(jpg)/d2lnr5mha7bycj.cloudfront.net/product-image/file/large_19738dd7-9d22-4e56-9d76-f684fa8a267f.jpeg,"
BJ's Wholesale Club,Progresso Traditional Chicken Noodle Soup,$18.49,,,6 x 19 oz,[],,"https://www.instacart.com/image-server/257x257/filters:fill(FFF,true):format(jpg)/d2lnr5mha7bycj.cloudfront.net/product-image/file/large_75e020f0-d202-4c0c-9c75-6dfcca4adf4c.jpeg,"
BJ's Wholesale Club,"Panera Bread Soup, Chicken Tortilla, 2 Pack",$13.99,,,2 ct,[],,"https://www.instacart.com/image-server/257x257/filters:fill(FFF,true):format(jpg)/d2lnr5mha7bycj.cloudfront.net/product-image/file/large_cd2a099d-f8b5-44f5-af02-b4ca843be125.jpeg,"
BJ's Wholesale Club,Hormel Chili With Beans,$13.99,,,5.63 lb,[],,"https://www.instacart.com/image-server/257x257/filters:fill(FFF,true):format(jpg)/d2lnr5mha7bycj.cloudfront.net/product-image/file/large_38a0c52f-a95a-4e12-856b-303f3212de5f.jpeg,"
BJ's Wholesale Club,RO*TEL Original Diced Tomatoes and Green Chilies,$10.19,,,8 x 10 oz,[],,"https://www.instacart.com/image-server/257x257/filters:fill(FFF,true):format(jpg)/d2lnr5mha7bycj.cloudfront.net/product-image/file/large_8eb79736-0548-428a-af4f-b683beddb3ef.jpeg,"
BJ's Wholesale Club,Campbell's Tomato Soup,$16.89,,,12 x 306 g,[],,"https://www.instacart.com/image-server/257x257/filters:fill(FFF,true):format(jpg)/d2lnr5mha7bycj.cloudfront.net/product-image/file/large_fbf3d155-c904-4e2f-8907-1e85fbd08cfa.jpeg,"
BJ's Wholesale Club,Rao's Marinara Sauce,$11.19,,,40 oz,['Vegan'],,"https://www.instacart.com/image-server/257x257/filters:fill(FFF,true):format(jpg)/d2lnr5mha7bycj.cloudfront.net/product-image/file/large_5eb93392-b560-4376-b938-df982194cde6.jpeg,"
BJ's Wholesale Club,Hellmann's Mayonnaise Real Mayonnaise,$12.69,,,2 x 25 fl oz,[],Many in stock,"https://www.instacart.com/image-server/257x257/filters:fill(FFF,true):format(jpg)/d2lnr5mha7bycj.cloudfront.net/product-image/file/large_8525c5ba-af39-4318-acef-82f22cb44817.jpeg,"
BJ's Wholesale Club,Hellmann's Mayonnaise Real Mayo,$12.69,,,64 fl oz,[],,"https://www.instacart.com/image-server/257x257/filters:fill(FFF,true):format(jpg)/d2lnr5mha7bycj.cloudfront.net/product-image/file/large_9a2a44f6-53bb-4a3a-b6b5-0c103d3595c5.jpeg,"
BJ's Wholesale Club,Wellsley Farms Tomato Organic Ketchup,$11.49,,,2 x 40 oz,"['Organic', 'Vegan']",Many in stock,"https://www.instacart.com/image-server/257x257/filters:fill(FFF,true):format(jpg)/d2lnr5mha7bycj.cloudfront.net/product-image/file/large_bdb445b0-541e-4aae-be2a-e750d827ed16.jpeg,"
BJ's Wholesale Club,"Hidden Valley Original Ranch® Homestyle Salad Dressing & Topping, Gluten Free",$16.29,,,2 x 40 fl oz,[],,"https://www.instacart.com/image-server/257x257/filters:fill(FFF,true):format(jpg)/d2lnr5mha7bycj.cloudfront.net/product-image/file/large_7a1cde2d-15c3-4ff0-8fd1-57d251453f5c.jpeg,"
BJ's Wholesale Club,Bertolli Alfredo Sauce with Aged Parmesan Cheese,$9.29,,,15 oz,[],,"https://www.instacart.com/image-server/257x257/filters:fill(FFF,true):format(jpg)/d2lnr5mha7bycj.cloudfront.net/product-image/file/large_fd3cf50d-9b50-4d88-89da-f4bae660a9f5.jpeg,"
BJ's Wholesale Club,"Heinz Ketchup/Sweet Relish, Yellow Mustard Picnic Pack",$12.09,,,4 ct,[],,"https://www.instacart.com/image-server/257x257/filters:fill(FFF,true):format(jpg)/d2lnr5mha7bycj.cloudfront.net/product-image/file/large_fa95c982-e15a-47cb-9ef9-3e4c6210573a.jpeg,"
BJ's Wholesale Club,"Vlasic Kosher Dill Baby Whole Pickles, Keto Friendly",$6.39,,,46 fl oz,[],,"https://www.instacart.com/image-server/257x257/filters:fill(FFF,true):format(jpg)/d2lnr5mha7bycj.cloudfront.net/product-image/file/large_7ca55ac4-cca8-49ca-ac75-5479edbd16c9.jpeg,"
BJ's Wholesale Club,Tabasco Brand Pepper Sauce,$7.69,,,12 fl oz,['Gluten-Free'],,"https://www.instacart.com/image-server/257x257/filters:fill(FFF,true):format(jpg)/d2lnr5mha7bycj.cloudfront.net/product-image/file/large_63347432-b36b-464a-940e-c850d6573c17.jpeg,"
BJ's Wholesale Club,Frank's RedHot® Twin Pack Original Cayenne Pepper Hot Sauce,$13.39,,,25 fl oz,['Vegan'],Many in stock,"https://www.instacart.com/image-server/257x257/filters:fill(FFF,true):format(jpg)/d2lnr5mha7bycj.cloudfront.net/product-image/file/large_aec5da0b-79a6-43de-993a-30428846d92a.jpeg,"
BJ's Wholesale Club,Sweet Baby Ray's Honey Bbq Sauce,$7.69,,,2 x 40 oz,[],Many in stock,"https://www.instacart.com/image-server/257x257/filters:fill(FFF,true):format(jpg)/d2lnr5mha7bycj.cloudfront.net/product-image/file/large_05a7f85a-000a-47b0-b693-341eb4043580.jpeg,"
BJ's Wholesale Club,Ragu Old World Style Traditional Pasta Sauce,$12.09,,,3 x 45 fl oz,[],,"https://www.instacart.com/image-server/257x257/filters:fill(FFF,true):format(jpg)/d2lnr5mha7bycj.cloudfront.net/product-image/file/large_adcd7172-9d85-4ee0-9c67-e276dd2e65c1.jpeg,"
BJ's Wholesale Club,"Chosen Foods 100% Pure Avocado Oil-Based, Classic Mayo",$13.99,,,24 fl oz,['Organic'],,"https://www.instacart.com/image-server/257x257/filters:fill(FFF,true):format(jpg)/d2lnr5mha7bycj.cloudfront.net/product-image/file/large_c0b37278-5e11-4134-acb9-7b4d0e96e9ee.png,"
BJ's Wholesale Club,Sweet Baby Ray's Barbecue Sauce,$7.69,,,40 oz,[],Many in stock,"https://www.instacart.com/image-server/257x257/filters:fill(FFF,true):format(jpg)/d2lnr5mha7bycj.cloudfront.net/product-image/file/large_9898ef59-0f7e-4428-86c0-6ace916ad033.jpeg,"
BJ's Wholesale Club,Bertolli Tomato & Basil Sauce,$8.89,,,24 oz,[],,"https://www.instacart.com/image-server/257x257/filters:fill(FFF,true):format(jpg)/d2lnr5mha7bycj.cloudfront.net/product-image/file/large_114b0bb1-2c26-4dac-9cbc-9cf0891c8296.jpeg,"
BJ's Wholesale Club,"Rao's Sauce, Tomato Basil",$11.19,,,40 oz,['Vegan'],Many in stock,"https://www.instacart.com/image-server/257x257/filters:fill(FFF,true):format(jpg)/d2lnr5mha7bycj.cloudfront.net/product-image/file/large_1888d0b4-3de4-4a33-b785-d5d397935300.jpeg,"
BJ's Wholesale Club,"Tostitos Salsa, Chunky, Medium",$12.69,,,69 oz,[],Many in stock,"https://www.instacart.com/image-server/257x257/filters:fill(FFF,true):format(jpg)/d2lnr5mha7bycj.cloudfront.net/product-image/file/large_4f5a976c-05d4-48fe-b757-c4b41b2b6100.jpeg,"
BJ's Wholesale Club,Wellsley Farms Basil Pesto,$11.49,,,22 oz,[],,"https://www.instacart.com/image-server/257x257/filters:fill(FFF,true):format(jpg)/d2lnr5mha7bycj.cloudfront.net/product-image/file/large_e79055a1-921c-4244-9026-523a8f515059.jpeg,"
BJ's Wholesale Club,Ragu Chunky Tomato Garlic & Onion Pasta Sauce,$12.09,,,3 x 45 oz,[],,"https://www.instacart.com/image-server/257x257/filters:fill(FFF,true):format(jpg)/d2lnr5mha7bycj.cloudfront.net/product-image/file/large_b7ff3874-af37-4542-8852-ab94e0e76d80.jpeg,"
BJ's Wholesale Club,Claussen Deli Style Kosher Dill Spears,$10.19,,,80 fl oz,[],,"https://www.instacart.com/image-server/257x257/filters:fill(FFF,true):format(jpg)/d2lnr5mha7bycj.cloudfront.net/product-image/file/large_d9ee86e1-a1b8-4054-9540-25c54754ecbd.jpeg,"
BJ's Wholesale Club,"Naked Seafood Cocktail Sauce, Freshly Prepared",$7.69,,,24 oz,['Gluten-Free'],,"https://www.instacart.com/image-server/257x257/filters:fill(FFF,true):format(jpg)/d2lnr5mha7bycj.cloudfront.net/product-image/file/large_56ae6953-a3b5-4f8e-a8c5-231ff7c30d0e.jpg,"
BJ's Wholesale Club,Prego Traditional Pasta Sauce,$11.49,,,45 oz,['Gluten-Free'],,"https://www.instacart.com/image-server/257x257/filters:fill(FFF,true):format(jpg)/d2lnr5mha7bycj.cloudfront.net/product-image/file/large_9c484ebc-cb3e-469c-9829-5de602e81f4c.jpeg,"
BJ's Wholesale Club,A.1. Original Steak Sauce,$12.09,,,2 x 15 oz,[],,"https://www.instacart.com/image-server/257x257/filters:fill(FFF,true):format(jpg)/d2lnr5mha7bycj.cloudfront.net/product-image/file/large_0e06e63a-083a-4c70-baf5-2019c14ae772.jpeg,"
BJ's Wholesale Club,Classico Tomato & Basil Spaghetti Pasta Sauce,$11.79,,,32 oz,[],,"https://www.instacart.com/image-server/257x257/filters:fill(FFF,true):format(jpg)/d2lnr5mha7bycj.cloudfront.net/product-image/file/large_453d0644-bcc8-4567-b51c-657b27e57dca.jpeg,"
BJ's Wholesale Club,Wellsley Farms Spanish Manzanilla Olives Stuffed With Minced Pimientos,$10.19,,,6 x 8.3 oz,['Vegan'],,"https://www.instacart.com/image-server/257x257/filters:fill(FFF,true):format(jpg)/d2lnr5mha7bycj.cloudfront.net/product-image/file/large_86196d66-8bc1-437a-8546-d09c86efb00b.jpeg,"
BJ's Wholesale Club,"Tostitos Salsa Con Queso, Medium",$12.09,,,15 oz,[],,"https://www.instacart.com/image-server/257x257/filters:fill(FFF,true):format(jpg)/d2lnr5mha7bycj.cloudfront.net/product-image/file/large_609834a1-5236-4da9-bd63-b1565e9cef3b.jpeg,"
BJ's Wholesale Club,Rao's Vodka Sauce,$11.19,,,40 oz,[],,"https://www.instacart.com/image-server/257x257/filters:fill(FFF,true):format(jpg)/d2lnr5mha7bycj.cloudfront.net/product-image/file/large_08a16399-3df9-4450-b231-b0a5e5f9830d.jpeg,"
BJ's Wholesale Club,Hellmann's Mayonnaise Light Mayo,$12.69,,,30 oz,[],,"https://www.instacart.com/image-server/257x257/filters:fill(FFF,true):format(jpg)/d2lnr5mha7bycj.cloudfront.net/product-image/file/large_0be57bb7-dd4c-4e70-847c-70ef108737ed.jpeg,"
BJ's Wholesale Club,Wellsley Farms Mild Salsa,$6.99,,,30 oz,['Vegan'],,"https://www.instacart.com/image-server/257x257/filters:fill(FFF,true):format(jpg)/d2lnr5mha7bycj.cloudfront.net/product-image/file/large_257f354b-ab5a-481b-8422-dfea05414bf8.jpeg,"
BJ's Wholesale Club,Wellsley Farms Castlevetrano Pitted Sicilian Green Olives,$10.19,,,35 oz,[],,"https://www.instacart.com/image-server/257x257/filters:fill(FFF,true):format(jpg)/d2lnr5mha7bycj.cloudfront.net/product-image/file/large_352e1dab-cb82-411f-b3a6-1b7ed1ed008e.jpeg,"
BJ's Wholesale Club,"Marie's Dressing+Dip, Chunky Blue Cheese",$7.69,,,25 fl oz,[],,"https://www.instacart.com/image-server/257x257/filters:fill(FFF,true):format(jpg)/d2lnr5mha7bycj.cloudfront.net/product-image/file/large_d357bd02-f11c-4333-bb34-3466ac0d490d.jpeg,"
BJ's Wholesale Club,Classico Cook-In Sauces Four Cheese,$12.09,,,96 oz,[],Many in stock,"https://www.instacart.com/image-server/257x257/filters:fill(FFF,true):format(jpg)/d2lnr5mha7bycj.cloudfront.net/product-image/file/large_2dab76cc-818b-41e2-bc6b-f1a95697e077.jpeg,"
BJ's Wholesale Club,Wellsley Farms Pimento Stuffed Olives,$12.69,,,2 x 21 oz,[],,"https://www.instacart.com/image-server/257x257/filters:fill(FFF,true):format(jpg)/d2lnr5mha7bycj.cloudfront.net/product-image/file/large_b0c04c7a-78c9-4cad-a3e8-bfd7e5d3849e.jpeg,"
BJ's Wholesale Club,"Bertolli Organic Olive Oil, Basil & Garlic Sauce",$11.79,,,24 oz,"['Organic', 'Vegan']",,"https://www.instacart.com/image-server/257x257/filters:fill(FFF,true):format(jpg)/d2lnr5mha7bycj.cloudfront.net/product-image/file/large_95c7a266-94d1-4740-818b-4db11afda001.jpeg,"
BJ's Wholesale Club,Virginia Vidalia Onion Vinegarette,$10.19,,,2 x 26 fl oz,[],,"https://www.instacart.com/image-server/257x257/filters:fill(FFF,true):format(jpg)/d2lnr5mha7bycj.cloudfront.net/product-image/file/large_82ca4442-4f35-477c-a092-96e31400c4de.jpeg,"
BJ's Wholesale Club,Wellsley Farms Medium Organic Salsa,$12.49,,,2 x 35 oz,"['Organic', 'Vegan']",,"https://www.instacart.com/image-server/257x257/filters:fill(FFF,true):format(jpg)/d2lnr5mha7bycj.cloudfront.net/product-image/file/large_90273f33-aaf1-4ea0-99a6-02f890541270.jpeg,"
BJ's Wholesale Club,French's® Classic Yellow Mustard Squeeze Bottle,$6.99,,,30 oz,[],,"https://www.instacart.com/image-server/257x257/filters:fill(FFF,true):format(jpg)/d2lnr5mha7bycj.cloudfront.net/product-image/file/large_6227dd7c-1f2c-4bd6-a068-99527681e13a.jpeg,"
BJ's Wholesale Club,Keepos Mixed Greek Pitted Olives,$8.89,,,12.3 oz,[],,"https://www.instacart.com/image-server/257x257/filters:fill(FFF,true):format(jpg)/d2lnr5mha7bycj.cloudfront.net/product-image/file/large_5002b58e-cdaa-4aa6-8865-1f6f5303ed70.jpeg,"
BJ's Wholesale Club,Lea & Perrins The Original Worcestershire Sauce,$9.59,,,15 fl oz,[],,"https://www.instacart.com/image-server/257x257/filters:fill(FFF,true):format(jpg)/d2lnr5mha7bycj.cloudfront.net/product-image/file/large_32cf125b-2036-4f59-92fc-f2c4c7d98430.jpeg,"
BJ's Wholesale Club,Sunset Qukes Qukes Cucumbers & Ranch Dip 2.61 Oz 3 Count,$5.09,,,3 x 2.61 oz,[],,"https://www.instacart.com/image-server/257x257/filters:fill(FFF,true):format(jpg)/d2lnr5mha7bycj.cloudfront.net/product-image/file/large_c4c9343d-03fd-4c91-a20a-10a4af93d470.jpeg,"
BJ's Wholesale Club,"Garden Fresh Gourmet Jack's Special, Medium Salsa",$8.89,,,48 oz,[],,"https://www.instacart.com/image-server/257x257/filters:fill(FFF,true):format(jpg)/d2lnr5mha7bycj.cloudfront.net/product-image/file/large_2cbc1880-4f62-447c-8696-6467075eb210.jpeg,"
BJ's Wholesale Club,Wish-Bone Italian Italian Dressing,$11.49,,,72 fl oz,[],,"https://www.instacart.com/image-server/257x257/filters:fill(FFF,true):format(jpg)/d2lnr5mha7bycj.cloudfront.net/product-image/file/large_6e085453-6f13-422e-9ab8-4be9c2c25543.jpeg,"
BJ's Wholesale Club,"Nature's Own Bread, Butterbread, 2 Pack",$6.79,,,2 each,[],,"https://www.instacart.com/image-server/257x257/filters:fill(FFF,true):format(jpg)/d2lnr5mha7bycj.cloudfront.net/product-image/file/large_00169849-deb6-416d-aecc-272cadb4e8ad.jpeg,"
BJ's Wholesale Club,Nature's Own Honey Wheat Enriched Bread,$6.79,,,2 x 20 oz,[],,"https://www.instacart.com/image-server/257x257/filters:fill(FFF,true):format(jpg)/d2lnr5mha7bycj.cloudfront.net/product-image/file/large_4053ef3c-3a35-488f-ba57-3c2430a423ae.jpeg,"
BJ's Wholesale Club,"Wellsley Farms Wellsley Farms Mini Cornbread Loves, 12 ct./2 oz.",$7.69,,,12 ct,[],,"https://www.instacart.com/image-server/257x257/filters:fill(FFF,true):format(jpg)/d2lnr5mha7bycj.cloudfront.net/product-image/file/large_970b0722-0c94-4764-8d38-6bf9b7a6b2a5.jpeg,"
BJ's Wholesale Club,Wellsley Farms White Bread,$5.09,,,2 x 20 oz,[],,"https://www.instacart.com/image-server/257x257/filters:fill(FFF,true):format(jpg)/d2lnr5mha7bycj.cloudfront.net/product-image/file/large_9794faf3-d7f0-4933-9e6b-08c7a2765430.jpeg,"
BJ's Wholesale Club,Wellsley Farms French Style Take & Bake Demi Baguette Organic Bread,$5.09,,,12 oz,"['Organic', 'Vegan']",Many in stock,"https://www.instacart.com/image-server/257x257/filters:fill(FFF,true):format(jpg)/d2lnr5mha7bycj.cloudfront.net/product-image/file/large_83d4ad30-78ab-4f13-a650-97d2a660a810.jpeg,"
BJ's Wholesale Club,Laromme Premium Challah Bread,$10.19,,,30 oz,[],,"https://www.instacart.com/image-server/257x257/filters:fill(FFF,true):format(jpg)/d2lnr5mha7bycj.cloudfront.net/product-image/file/large_20a1983c-dcc8-43b7-9c01-bfd1178faaab.jpeg,"
BJ's Wholesale Club,Jessicas Artisan Brick Oven Bakery Tuscan White,$7.69,,,16 x 27 oz,[],Many in stock,"https://www.instacart.com/image-server/257x257/filters:fill(FFF,true):format(jpg)/d2lnr5mha7bycj.cloudfront.net/product-image/file/large_51a380df-4311-4a3c-87ae-ca7ede3be5db.jpeg,"
BJ's Wholesale Club,Wellsley Farms Baguette,$5.09,,,24 oz,[],,"https://www.instacart.com/image-server/257x257/filters:fill(FFF,true):format(jpg)/d2lnr5mha7bycj.cloudfront.net/product-image/file/large_c5f0391e-24c3-4d8a-8a5f-0ed938331c53.jpeg,"
BJ's Wholesale Club,Wellsley Farms Sliced Sesame Italian Bread,$6.39,,,24 oz,[],Many in stock,"https://www.instacart.com/image-server/257x257/filters:fill(FFF,true):format(jpg)/d2lnr5mha7bycj.cloudfront.net/product-image/file/large_095ef1c1-dc79-446c-8942-d81be9f0e84b.jpeg,"
BJ's Wholesale Club,"Dave's Killer Bread Bread, Organic, White",$10.79,,,2 x 24 oz,['Organic'],,"https://www.instacart.com/image-server/257x257/filters:fill(FFF,true):format(jpg)/d2lnr5mha7bycj.cloudfront.net/product-image/file/large_32525f0b-2b47-4c56-8b14-e2ca169adcd5.jpeg,"
BJ's Wholesale Club,Wellsley Farms Italian Bread,$5.09,,,24 oz,[],,"https://www.instacart.com/image-server/257x257/filters:fill(FFF,true):format(jpg)/d2lnr5mha7bycj.cloudfront.net/product-image/file/large_326414cc-23ab-4d34-ba9c-22033a6aff22.jpeg,"
BJ's Wholesale Club,Wellsley Farms Sliced Country Multigrain Bread,$6.39,,,24 oz,[],,"https://www.instacart.com/image-server/257x257/filters:fill(FFF,true):format(jpg)/d2lnr5mha7bycj.cloudfront.net/product-image/file/large_92ae48d5-023f-4812-9413-5a5447805dd3.jpeg,"
BJ's Wholesale Club,Wellsley Farms Puerto Rican Bread,$4.49,,,22 oz,[],,"https://www.instacart.com/image-server/257x257/filters:fill(FFF,true):format(jpg)/d2lnr5mha7bycj.cloudfront.net/product-image/file/large_674b0580-6ccc-458d-8e5c-f5db726dd281.jpeg,"
BJ's Wholesale Club,SCHWEBELS GIANT WHITE BREAD 2/22 OZ,$5.99,,,2/22 oz,[],,"https://www.instacart.com/image-server/257x257/filters:fill(FFF,true):format(jpg)/d2lnr5mha7bycj.cloudfront.net/product-image/file/large_df8172c4-a90d-41f8-a114-6938d663b409.jpeg,"
BJ's Wholesale Club,Sara Lee Honey Wheat Bread,$7.99,,,40 oz,[],Many in stock,"https://www.instacart.com/image-server/257x257/filters:fill(FFF,true):format(jpg)/d2lnr5mha7bycj.cloudfront.net/product-image/file/large_ef9e015c-ee34-4d73-a194-2192bbfa3d06.jpeg,"
BJ's Wholesale Club,Larome Kosher Rye Bread,$7.69,,,32 oz,[],,"https://www.instacart.com/image-server/257x257/filters:fill(FFF,true):format(jpg)/d2lnr5mha7bycj.cloudfront.net/product-image/file/large_a1d63690-0766-4dae-b814-a23d8d230e42.jpeg,"
BJ's Wholesale Club,Pepperidge Farm Hearty White Bread,$7.29,,,24 oz,[],,"https://www.instacart.com/image-server/257x257/filters:fill(FFF,true):format(jpg)/d2lnr5mha7bycj.cloudfront.net/product-image/file/large_4a1f42d6-3abc-435e-ac68-ea2c29d7fe99.jpeg,"
BJ's Wholesale Club,Sara Lee Butter Bread,$7.99,,,2 x 40 oz,[],,"https://www.instacart.com/image-server/257x257/filters:fill(FFF,true):format(jpg)/d2lnr5mha7bycj.cloudfront.net/product-image/file/large_01d522ba-f365-4c72-adcd-475b6b28e25a.jpeg,"
BJ's Wholesale Club,Sara Lee Classic White Bread,$6.39,,,2 x 40 oz,[],,"https://www.instacart.com/image-server/257x257/filters:fill(FFF,true):format(jpg)/d2lnr5mha7bycj.cloudfront.net/product-image/file/large_d778b322-098c-4388-b804-2211e29afa15.jpeg,"
BJ's Wholesale Club,Wellsley Farms Ciabatta Loaf,$5.09,,,2 ct,[],,"https://www.instacart.com/image-server/257x257/filters:fill(FFF,true):format(jpg)/d2lnr5mha7bycj.cloudfront.net/product-image/file/large_e080dc5c-38b2-4888-b63d-b8b26f521bd8.jpeg,"
BJ's Wholesale Club,Sara Lee Original Artesano Bakery Bread,$8.29,,,2 x 40 oz,[],,"https://www.instacart.com/image-server/257x257/filters:fill(FFF,true):format(jpg)/d2lnr5mha7bycj.cloudfront.net/product-image/file/large_63d043cd-8739-4ec4-ad09-843c2b396dd5.jpeg,"
BJ's Wholesale Club,Schwebel's Rheuben Rye Bread,$5.49,,,36 oz,[],,"https://www.instacart.com/image-server/257x257/filters:fill(FFF,true):format(jpg)/d2lnr5mha7bycj.cloudfront.net/product-image/file/large_f9ddb97e-68bc-4cd1-bd59-1b5059c0d79a.jpeg,"
BJ's Wholesale Club,Wellsley Farms 16 Z Multigrain Batard,$5.09,,,16 oz,['Organic'],,"https://www.instacart.com/image-server/257x257/filters:fill(FFF,true):format(jpg)/d2lnr5mha7bycj.cloudfront.net/product-image/file/large_5f4ed474-d864-4c24-86d2-699d8381d095.jpeg,"
BJ's Wholesale Club,Veggies Made Great Jalapeno Cornbread,$12.69,,,24 oz,['Gluten-Free'],,"https://www.instacart.com/image-server/257x257/filters:fill(FFF,true):format(jpg)/d2lnr5mha7bycj.cloudfront.net/product-image/file/large_c51fc103-f408-4818-a616-c113df4e4e74.jpeg,"
BJ's Wholesale Club,Wellsley Farms Cornbread,$6.39,,,1 each,[],,"https://www.instacart.com/image-server/257x257/filters:fill(FFF,true):format(jpg)/d2lnr5mha7bycj.cloudfront.net/product-image/file/large_d8e0c7e6-dbf2-43c7-909a-2a8e6483bf19.jpeg,"
BJ's Wholesale Club,Thomas’ Cinnamon Raisin Swirl Bread,$3.79,,,16 oz,[],,"https://www.instacart.com/image-server/257x257/filters:fill(FFF,true):format(jpg)/d2lnr5mha7bycj.cloudfront.net/product-image/file/large_7bd359dd-e812-4ad0-93d3-5e886dd0677c.jpeg,"
BJ's Wholesale Club,St Pierre Sliced Brioche Loaf,$7.69,,,17.6 fl oz,[],Many in stock,"https://www.instacart.com/image-server/257x257/filters:fill(FFF,true):format(jpg)/d2lnr5mha7bycj.cloudfront.net/product-image/file/large_a0f5ba2c-e4a0-40ab-851e-2362799ded27.jpeg,"
BJ's Wholesale Club,Beefsteak Soft Rye Bread,$5.49,,,18 oz,[],,"https://www.instacart.com/image-server/257x257/filters:fill(FFF,true):format(jpg)/d2lnr5mha7bycj.cloudfront.net/product-image/file/large_c6e48b12-4a25-4eea-88e2-f6fc99d854bb.jpeg,"
BJ's Wholesale Club,Pepperidge Farm Seeded Rye Bread,$5.09,,,32 oz,[],,"https://www.instacart.com/image-server/257x257/filters:fill(FFF,true):format(jpg)/d2lnr5mha7bycj.cloudfront.net/product-image/file/large_89e0e5af-b20e-46e0-8b35-c7e9b222a12f.jpeg,"
BJ's Wholesale Club,Pepperidge Farm Raisin Cinnamon Swirl Bread,$6.99,,,16 oz,[],,"https://www.instacart.com/image-server/257x257/filters:fill(FFF,true):format(jpg)/d2lnr5mha7bycj.cloudfront.net/product-image/file/large_ae0c4e60-db66-4b26-95fd-065129203aaf.jpeg,"
BJ's Wholesale Club,Brownberry Whole Grains Oatnut Bread,$7.99,,,2 x 16 oz,[],,"https://www.instacart.com/image-server/257x257/filters:fill(FFF,true):format(jpg)/d2lnr5mha7bycj.cloudfront.net/product-image/file/large_40d4cc38-6872-4729-8344-126eb6548b23.jpeg,"
BJ's Wholesale Club,Brownberry Whole Grains 12 Grain Bread,$7.49,,,2 x 48 oz,[],,"https://www.instacart.com/image-server/257x257/filters:fill(FFF,true):format(jpg)/d2lnr5mha7bycj.cloudfront.net/product-image/file/large_6ffa693c-af12-437e-a42a-c2a03164284e.jpeg,"
BJ's Wholesale Club,Brownberry Whole Grains 100% Whole Wheat Bread,$7.49,,,2 x 48 oz,[],,"https://www.instacart.com/image-server/257x257/filters:fill(FFF,true):format(jpg)/d2lnr5mha7bycj.cloudfront.net/product-image/file/large_3de0e2ba-cf3a-4836-a496-f5f29fa9361c.jpeg,"
