Store,Item Name,Price,Units,Unit Price,Amount,Tags,In Stock,Image
Giant Eagle,Banana,$0.22,each (est.),$0.59 / lb,About 0.37 lb each,[],,"https://www.instacart.com/image-server/257x257/filters:fill(FFF,true):format(jpg)/d2lnr5mha7bycj.cloudfront.net/product-image/file/large_e6e74c48-6368-4eb7-af76-8ab4e5dcf1b5.png,"
Giant Eagle,Giant Eagle 2% Reduced Fat Milk,$2.99,,,1 gal,[],Many in stock,"https://www.instacart.com/image-server/257x257/filters:fill(FFF,true):format(jpg)/d2lnr5mha7bycj.cloudfront.net/product-image/file/large_576706a6-4950-44b7-8b1e-7430fe5611e6.png,"
Giant Eagle,Cucumber,$1.59,,,,[],Many in stock,"https://www.instacart.com/image-server/257x257/filters:fill(FFF,true):format(jpg)/d2lnr5mha7bycj.cloudfront.net/product-image/file/large_53eecb9e-2fe4-41be-829c-683347049db8.png,"
Giant Eagle,"Thomas Farms Organic Grass Fed Ground Beef, 93% Lean 7% Fat",$8.99,,,16 oz,"['Organic', 'Grass-Fed']",,"https://www.instacart.com/image-server/257x257/filters:fill(FFF,true):format(jpg)/d2lnr5mha7bycj.cloudfront.net/product-image/file/large_d9bde381-59eb-405b-b809-07759b7ba8cb.jpg,"
Giant Eagle,Land O Lakes Salted Butter Sticks,$6.99,,,1 lb,[],Many in stock,"https://www.instacart.com/image-server/257x257/filters:fill(FFF,true):format(jpg)/d2lnr5mha7bycj.cloudfront.net/product-image/file/large_38fe7401-62a1-4509-abb2-73902a791877.png,"
Giant Eagle,"Maruchan Ramen Noodle Soup, Chicken Flavor, 12 Pack",$3.99,,,12 x 3 oz,[],,"https://www.instacart.com/image-server/257x257/filters:fill(FFF,true):format(jpg)/d2lnr5mha7bycj.cloudfront.net/product-image/file/large_db42e49a-ba3f-4d5b-9a54-c201dd5c34d9.png,"
Giant Eagle,Giant Eagle Cold Rotisserie Chicken,$6.99,,,1 each,[],,"https://www.instacart.com/image-server/257x257/filters:fill(FFF,true):format(jpg)/d2lnr5mha7bycj.cloudfront.net/product-image/file/large_bef6ae62-12c4-47a5-a2d8-eb9b83d57bd1.png,"
Giant Eagle,New York Bakery The Original Texas Toast with Real Garlic,$3.99,,,8 ct,[],,"https://www.instacart.com/image-server/257x257/filters:fill(FFF,true):format(jpg)/d2lnr5mha7bycj.cloudfront.net/product-image/file/large_1ac16597-4b87-4fbd-ab0a-788114e0b2be.png,"
Giant Eagle,Giant Eagle Purified Water,$3.99,,,24 x 16.9 fl oz,[],Many in stock,"https://www.instacart.com/image-server/257x257/filters:fill(FFF,true):format(jpg)/d2lnr5mha7bycj.cloudfront.net/product-image/file/large_a2bc4717-0b60-4064-96b9-241964930d45.png,"
Giant Eagle,Smucker's Uncrustables Peanut Butter & Grape Jelly Sandwich,$11.99,,,10 ct,[],,"https://www.instacart.com/image-server/257x257/filters:fill(FFF,true):format(jpg)/d2lnr5mha7bycj.cloudfront.net/product-image/file/large_e422dc54-cecd-482a-b193-94b3f935304c.jpg,"
Giant Eagle,Giant Eagle White Enriched King Size Bread,$1.79,,,20 oz,[],Many in stock,"https://www.instacart.com/image-server/257x257/filters:fill(FFF,true):format(jpg)/d2lnr5mha7bycj.cloudfront.net/product-image/file/large_3b1c9fa3-ad4f-4609-b1d1-a590348bea6b.png,"
Giant Eagle,Heluva Good! French Onion Dip,$2.49,,,12 oz,[],Many in stock,"https://www.instacart.com/image-server/257x257/filters:fill(FFF,true):format(jpg)/d2lnr5mha7bycj.cloudfront.net/product-image/file/large_70dccdd5-fd4c-4ced-a27b-9c7103e23aa1.jpg,"
Giant Eagle,Smucker's Uncrustables Peanut Butter & Strawberry Jam Sandwich,$11.99,,,10 ct,[],,"https://www.instacart.com/image-server/257x257/filters:fill(FFF,true):format(jpg)/d2lnr5mha7bycj.cloudfront.net/product-image/file/large_805548d8-d4d5-4047-8562-258706b0737f.jpg,"
Giant Eagle,Giant Eagle Grade A Cage Free Large White Eggs,$2.99,,,12 oz,['Cage-Free'],Many in stock,"https://www.instacart.com/image-server/257x257/filters:fill(FFF,true):format(jpg)/d2lnr5mha7bycj.cloudfront.net/product-image/file/large_c6bb7fc6-20fe-46ca-81d6-713278f353aa.png,"
Giant Eagle,Giant Eagle Heavy Whipping Cream,$3.99,,,1 pt,[],Many in stock,"https://www.instacart.com/image-server/257x257/filters:fill(FFF,true):format(jpg)/d2lnr5mha7bycj.cloudfront.net/product-image/file/large_dad5d6df-072f-49df-ab4c-380cdaa9069d.png,"
Giant Eagle,Nature's Basket All Natural Boneless Skinless Chicken Breast,$15.24,/pkg (est.),$6.99 / lb,About 2.18 lb / package,['Breast'],,"https://www.instacart.com/image-server/257x257/filters:fill(FFF,true):format(jpg)/d2lnr5mha7bycj.cloudfront.net/product-image/file/large_3060888b-358a-49e4-8fd1-1a19bf415305.png,"
Giant Eagle,"Minute Maid Fruit Punch, Made W/ Real Fruit Juice",$2.59,,,59 fl oz • 2 options,[],Many in stock,"https://www.instacart.com/image-server/257x257/filters:fill(FFF,true):format(jpg)/d2lnr5mha7bycj.cloudfront.net/product-image/file/large_6f6de70d-54b3-4929-b9e8-2a8cde7eb10a.jpg,"
Giant Eagle,Ritz Fresh Stacks Original Crackers,$5.09,,,8 x 1.48 oz,[],Many in stock,"https://www.instacart.com/image-server/257x257/filters:fill(FFF,true):format(jpg)/d2lnr5mha7bycj.cloudfront.net/product-image/file/large_2f87bf55-29b3-44fc-a625-f37c626ab5b2.jpg,"
Giant Eagle,Heinz Tomato Ketchup,$4.99,,,32 oz,[],Many in stock,"https://www.instacart.com/image-server/257x257/filters:fill(FFF,true):format(jpg)/d2lnr5mha7bycj.cloudfront.net/product-image/file/large_9353ca97-b2cf-4df1-b216-201b686a5f0b.jpg,"
Giant Eagle,"Giant Eagle Finely Shredded Iceberg Lettuce For Tacos, Sandwiches & Salads",$2.99,,,8 oz,[],,"https://www.instacart.com/image-server/257x257/filters:fill(FFF,true):format(jpg)/d2lnr5mha7bycj.cloudfront.net/product-image/file/large_eca88e41-b44f-46b0-93a3-e9351f387fe7.png,"
Giant Eagle,Daisy Sour Cream,$2.99,,,16 oz,[],Many in stock,"https://www.instacart.com/image-server/257x257/filters:fill(FFF,true):format(jpg)/d2lnr5mha7bycj.cloudfront.net/product-image/file/large_098cd567-bd00-410e-a4db-f993eca98edb.png,"
Giant Eagle,Jif Peanut Butter Spreads,$3.59,,,16 oz,[],Many in stock,"https://www.instacart.com/image-server/257x257/filters:fill(FFF,true):format(jpg)/d2lnr5mha7bycj.cloudfront.net/product-image/file/large_3eed3100-5e7a-4a66-9380-05a786702414.jpg,"
Giant Eagle,Mission Carb Balance Soft Taco Flour Tortillas,$5.99,,,8 each,['Keto'],,"https://www.instacart.com/image-server/257x257/filters:fill(FFF,true):format(jpg)/d2lnr5mha7bycj.cloudfront.net/product-image/file/large_c02f3fc0-0b04-4784-babb-8fbfcbc862d3.jpg,"
Giant Eagle,Giant Eagle 100% Pure Granulated Sugar,$3.99,,,4 lb,[],,"https://www.instacart.com/image-server/257x257/filters:fill(FFF,true):format(jpg)/d2lnr5mha7bycj.cloudfront.net/product-image/file/large_6ac8188c-2f8e-4e4d-84a6-0e62681269c2.png,"
Giant Eagle,"Philadelphia Original Cream Cheese, for a Keto and Low Carb Lifestyle",$6.99,,,2 x 8 oz,[],,"https://www.instacart.com/image-server/257x257/filters:fill(FFF,true):format(jpg)/d2lnr5mha7bycj.cloudfront.net/product-image/file/large_ca09d57d-c713-471d-9c2d-75e2957c79ea.jpg,"
Giant Eagle,Sargento Natural String Cheese Snacks,$5.99,,,12 ct,['Keto'],Many in stock,"https://www.instacart.com/image-server/257x257/filters:fill(FFF,true):format(jpg)/d2lnr5mha7bycj.cloudfront.net/product-image/file/large_bdcca29a-9f29-4c4f-895f-9f73ca312f61.jpg,"
Giant Eagle,Giant Eagle Enriched Sliced Hamburger Buns,$1.79,,,12 oz,[],Many in stock,"https://www.instacart.com/image-server/257x257/filters:fill(FFF,true):format(jpg)/d2lnr5mha7bycj.cloudfront.net/product-image/file/large_edf28ad3-01e8-48e2-9ee8-b91e8b0bd654.png,"
Giant Eagle,Canada Dry Ginger Ale,$9.99,,,12 x 12 fl oz • 4 options,[],Many in stock,"https://www.instacart.com/image-server/257x257/filters:fill(FFF,true):format(jpg)/d2lnr5mha7bycj.cloudfront.net/product-image/file/large_f40d5265-801a-447b-822b-57e899a75ba1.png,"
Giant Eagle,Isaly’s Chopped Ham,$4.99,/lb,,$0.31/oz,[],Many in stock,"https://www.instacart.com/image-server/257x257/filters:fill(FFF,true):format(jpg)/d2lnr5mha7bycj.cloudfront.net/product-image/file/large_9c99ba56-12e7-49f6-beb3-514b04e2b444.png,"
Giant Eagle,Kraft Original Mac & Cheese Easy Microwavable Dinner,$5.99,,,4 x 2.05 oz,[],,"https://www.instacart.com/image-server/257x257/filters:fill(FFF,true):format(jpg)/d2lnr5mha7bycj.cloudfront.net/product-image/file/large_cc37e9f5-8423-467c-ac99-65fd25751f66.jpg,"
Giant Eagle,"Doritos Tortilla Chips, Nacho Cheese Flavored, Party Size",$6.99,,,14.5 oz,[],,"https://www.instacart.com/image-server/257x257/filters:fill(FFF,true):format(jpg)/d2lnr5mha7bycj.cloudfront.net/product-image/file/large_fdf670de-d20b-47f2-9702-efcf897f7d50.png,"
Giant Eagle,Little Debbie COSMIC ® Brownies,$2.99,,,6 ct,[],Many in stock,"https://www.instacart.com/image-server/257x257/filters:fill(FFF,true):format(jpg)/d2lnr5mha7bycj.cloudfront.net/product-image/file/large_713e854a-d714-4142-9ca2-c6ec34026c77.png,"
Giant Eagle,"Oreo Chocolate Sandwich Cookies, Party Size",$6.99,,,26 oz,[],,"https://www.instacart.com/image-server/257x257/filters:fill(FFF,true):format(jpg)/d2lnr5mha7bycj.cloudfront.net/product-image/file/large_b7d41a98-f808-4b81-871b-9f42e2d76f65.jpg,"
Giant Eagle,Frito Lay Flavor Mix,$14.99,,,18 ct,[],Many in stock,"https://www.instacart.com/image-server/257x257/filters:fill(FFF,true):format(jpg)/d2lnr5mha7bycj.cloudfront.net/product-image/file/large_b723007c-5b60-484a-9695-9c6742afc4d6.png,"
Giant Eagle,Hostess Powdered DONETTES Bag Powdered Sugar Mini Donuts,$3.99,,,10.5 oz,[],,"https://www.instacart.com/image-server/257x257/filters:fill(FFF,true):format(jpg)/d2lnr5mha7bycj.cloudfront.net/product-image/file/large_3d5db3b0-af55-47e1-ad43-1f17c7b38029.jpg,"
Giant Eagle,"On The Border Tortilla Chips, Cafe Style",$3.99,,,11 oz,"['Gluten-Free', 'Vegan']",,"https://www.instacart.com/image-server/257x257/filters:fill(FFF,true):format(jpg)/d2lnr5mha7bycj.cloudfront.net/product-image/file/large_4d24620e-bec8-4fa7-8e97-f4e117caee54.png,"
Giant Eagle,"Oreo Double Stuf Chocolate Sandwich Cookies, Party Size",$6.99,,,27 oz,[],Many in stock,"https://www.instacart.com/image-server/257x257/filters:fill(FFF,true):format(jpg)/d2lnr5mha7bycj.cloudfront.net/product-image/file/large_86268f78-af40-4ee6-9417-2c3ed6f8c947.jpg,"
Giant Eagle,Giant Eagle Saltines Crackers,$1.99,,,16 oz,[],Many in stock,"https://www.instacart.com/image-server/257x257/filters:fill(FFF,true):format(jpg)/d2lnr5mha7bycj.cloudfront.net/product-image/file/large_7fafcc71-e72d-4ef6-977b-cbfa9160fd38.png,"
Giant Eagle,Giant Eagle Original Ripple Potato Chips,$2.99,,,8 oz,"['Gluten-Free', 'Vegan']",Many in stock,"https://www.instacart.com/image-server/257x257/filters:fill(FFF,true):format(jpg)/d2lnr5mha7bycj.cloudfront.net/product-image/file/large_11b885bc-5668-41dd-9aaf-21296e82e390.png,"
Giant Eagle,Frito Lay Classic Mix,$14.99,,,18 ct,[],,"https://www.instacart.com/image-server/257x257/filters:fill(FFF,true):format(jpg)/d2lnr5mha7bycj.cloudfront.net/product-image/file/large_ae7ca37a-c94f-423c-8a6c-345740f3548d.png,"
Giant Eagle,Angie's BOOMCHICKAPOP Sweet & Salty Kettle Corn Popcorn,$6.99,,,6 oz,"['Gluten-Free', 'Vegan']",,"https://www.instacart.com/image-server/257x257/filters:fill(FFF,true):format(jpg)/d2lnr5mha7bycj.cloudfront.net/product-image/file/large_d33da766-fae6-4d76-ac05-8a227b7c293d.jpg,"
Giant Eagle,"Ritz Original Flavor Crackers, 1 Box",$5.09,,,14 oz,[],Many in stock,"https://www.instacart.com/image-server/257x257/filters:fill(FFF,true):format(jpg)/d2lnr5mha7bycj.cloudfront.net/product-image/file/large_764511ee-7451-415b-9d9e-42bd9f0f765b.jpg,"
Giant Eagle,"Sun Chips Flavored Whole Grain Snacks, French Onion",$4.99,,,7 oz,[],Many in stock,"https://www.instacart.com/image-server/257x257/filters:fill(FFF,true):format(jpg)/d2lnr5mha7bycj.cloudfront.net/product-image/file/large_cf18ccec-1ce7-4a8d-96b2-b3a2ab4ff66e.png,"
Giant Eagle,Giant Eagle Restaurant Style Tortilla Chips,$2.99,,,12 oz,[],,"https://www.instacart.com/image-server/257x257/filters:fill(FFF,true):format(jpg)/d2lnr5mha7bycj.cloudfront.net/product-image/file/large_e8398b84-fd7b-43df-aebe-e682ee6bd433.png,"
Giant Eagle,Angie's BOOMCHICKAPOP Sweet & Salty Kettle Corn Popcorn,$4.99,,,7 oz,"['Gluten-Free', 'Low Fat']",Many in stock,"https://www.instacart.com/image-server/257x257/filters:fill(FFF,true):format(jpg)/d2lnr5mha7bycj.cloudfront.net/product-image/file/large_a68e2cff-ade6-4467-9851-ecbf8d7fb941.jpg,"
Giant Eagle,"Doritos Tortilla Chips, Cool Ranch Flavored, Party Size",$6.99,,,14.5 oz,['Gluten-Free'],Many in stock,"https://www.instacart.com/image-server/257x257/filters:fill(FFF,true):format(jpg)/d2lnr5mha7bycj.cloudfront.net/product-image/file/large_74a046cb-04f8-4720-b525-f982ede2b4c0.png,"
Giant Eagle,Utz CheeseBalls,$9.99,,,23 oz,['Gluten-Free'],,"https://www.instacart.com/image-server/257x257/filters:fill(FFF,true):format(jpg)/d2lnr5mha7bycj.cloudfront.net/product-image/file/large_b6ed4bff-3ecc-4d68-8565-bae215c92547.png,"
Giant Eagle,"Ritz Fresh Stacks Original Crackers, Family Size",$5.99,,,12 ct,[],,"https://www.instacart.com/image-server/257x257/filters:fill(FFF,true):format(jpg)/d2lnr5mha7bycj.cloudfront.net/product-image/file/large_3c28bd85-1b32-48ae-ae21-9314ad9ed8ce.jpg,"
Giant Eagle,Vermont Smoke & Cure Original Beef & Pork Sticks,$6.99,,,6 x 0.5 oz,['Gluten-Free'],,"https://www.instacart.com/image-server/257x257/filters:fill(FFF,true):format(jpg)/d2lnr5mha7bycj.cloudfront.net/product-image/file/large_3102353d-91e3-49cf-91b8-8b31d41d6a96.jpg,"
Giant Eagle,"Little Debbie Muffins, Chocolate Chip, Mini",$3.39,,,4 ct,[],,"https://www.instacart.com/image-server/257x257/filters:fill(FFF,true):format(jpg)/d2lnr5mha7bycj.cloudfront.net/product-image/file/large_b4a5ba28-696d-4119-9388-8bca2ad30ca3.png,"
Giant Eagle,"Ritz Original Crackers, Family Size",$5.99,,,20 oz,[],,"https://www.instacart.com/image-server/257x257/filters:fill(FFF,true):format(jpg)/d2lnr5mha7bycj.cloudfront.net/product-image/file/large_646497ea-c017-4fe9-9629-493edb7afff4.jpg,"
Giant Eagle,"GoGo Squeez Apple Sauce, Apple Apple, 12 Pack",$9.99,,,12 x 3.2 oz,"['Vegan', 'Gluten-Free']",Many in stock,"https://www.instacart.com/image-server/257x257/filters:fill(FFF,true):format(jpg)/d2lnr5mha7bycj.cloudfront.net/product-image/file/large_fe8a0cb6-2051-451a-abf8-5cf886471cc8.png,"
Giant Eagle,Stauffer's SNAPS Ginger,$3.99,,,14 oz,[],,"https://www.instacart.com/image-server/257x257/filters:fill(FFF,true):format(jpg)/d2lnr5mha7bycj.cloudfront.net/product-image/file/large_1d7e7e3c-ce31-44d9-b4ff-c8a42e1447ca.png,"
Giant Eagle,"Kellogg’s Nutri-Grain Soft Baked Breakfast Bars, Kids Snacks, Whole Grain, Apple Cinnamon",$3.99,,,10.4 oz,[],,"https://www.instacart.com/image-server/257x257/filters:fill(FFF,true):format(jpg)/d2lnr5mha7bycj.cloudfront.net/product-image/file/large_df872d5a-27bd-4e9a-8c24-c703a97faa5f.jpg,"
Giant Eagle,"Kellogg's Rice Krispies Treats Marshmallow Snack Bars, Kids Snacks, Lunch Snacks, Strawberry",$3.99,,,8 x 6.2 oz,[],,"https://www.instacart.com/image-server/257x257/filters:fill(FFF,true):format(jpg)/d2lnr5mha7bycj.cloudfront.net/product-image/file/large_153dd80b-0b49-4efa-8378-0d5ddf9bf782.jpg,"
Giant Eagle,"Welch's Fruit Snacks, Mixed Fruit",$3.99,,,10 x 0.8 oz,['Gluten-Free'],,"https://www.instacart.com/image-server/257x257/filters:fill(FFF,true):format(jpg)/d2lnr5mha7bycj.cloudfront.net/product-image/file/large_8e852322-1644-4b73-ba9b-cca7fd31850d.png,"
Giant Eagle,Angie's BOOMCHICKAPOP Light Kettle Corn Popcorn,$4.99,,,5 oz,"['Gluten-Free', 'Vegan']",,"https://www.instacart.com/image-server/257x257/filters:fill(FFF,true):format(jpg)/d2lnr5mha7bycj.cloudfront.net/product-image/file/large_80bde4a8-0390-4537-aca6-0c1c38732ae9.jpg,"
Giant Eagle,"Little Debbie Nutty Bars, Big Pack",$5.29,,,12 ct,[],,"https://www.instacart.com/image-server/257x257/filters:fill(FFF,true):format(jpg)/d2lnr5mha7bycj.cloudfront.net/product-image/file/large_d56c9f76-1981-4d8e-ac5c-c41ffb6d9f97.png,"
Giant Eagle,"Smartfood Popcorn, White Cheddar, Party Size!",$6.99,,,9.75 oz,['Gluten-Free'],Many in stock,"https://www.instacart.com/image-server/257x257/filters:fill(FFF,true):format(jpg)/d2lnr5mha7bycj.cloudfront.net/product-image/file/large_44e9b2bc-b2bb-4559-be9b-777512baace1.png,"
Giant Eagle,MadeGood Chocolate Chip Granola Bars,$5.99,,,6 x 0.85 oz,"['Organic', 'Gluten-Free']",,"https://www.instacart.com/image-server/257x257/filters:fill(FFF,true):format(jpg)/d2lnr5mha7bycj.cloudfront.net/product-image/file/large_ffb297b8-3726-4006-aa50-1009aa24573f.jpg,"
Giant Eagle,Smartfood White Cheddar Cheese Popcorn,$5.29,,,6.75 oz,['Gluten-Free'],Many in stock,"https://www.instacart.com/image-server/257x257/filters:fill(FFF,true):format(jpg)/d2lnr5mha7bycj.cloudfront.net/product-image/file/large_1713d1a2-60f5-416b-9438-257a8a1c0605.png,"
Giant Eagle,Giant Eagle Crackers,$3.99,,,13.7 oz,[],Many in stock,"https://www.instacart.com/image-server/257x257/filters:fill(FFF,true):format(jpg)/d2lnr5mha7bycj.cloudfront.net/product-image/file/large_8f451f47-0a27-4c75-bff1-972a0279d3d0.png,"
Giant Eagle,Giant Eagle Cheddar & Sour Cream Flavored Ripple Potato Chips,$2.99,,,7.75 oz,['Gluten-Free'],Many in stock,"https://www.instacart.com/image-server/257x257/filters:fill(FFF,true):format(jpg)/d2lnr5mha7bycj.cloudfront.net/product-image/file/large_b6e534bb-f9a0-4c2e-aeaa-43dd6157b8d0.png,"
Giant Eagle,Entenmann's Little Bites Chocolate Chip Muffins,$5.99,,,8.25 oz,[],Many in stock,"https://www.instacart.com/image-server/257x257/filters:fill(FFF,true):format(jpg)/d2lnr5mha7bycj.cloudfront.net/product-image/file/large_8cc3f5d4-c73f-4c82-8f64-abdfbb865b17.jpg,"
Giant Eagle,"Tostitos Tortilla Chips, Original, Scoops, Party Size",$6.99,,,14.5 oz,"['Gluten-Free', 'Vegan']",,"https://www.instacart.com/image-server/257x257/filters:fill(FFF,true):format(jpg)/d2lnr5mha7bycj.cloudfront.net/product-image/file/large_f46b87bb-2d3d-466a-b8ad-c74044959f10.png,"
Giant Eagle,Act II Butter Lovers Butter Lovers Microwave Popcorn,$4.99,,,6 x 2.75 oz,['Gluten-Free'],,"https://www.instacart.com/image-server/257x257/filters:fill(FFF,true):format(jpg)/d2lnr5mha7bycj.cloudfront.net/product-image/file/large_44b562e1-c192-40b5-8c2f-a91affe0d76b.jpg,"
Giant Eagle,Hostess Golden Sponge Cake With Creamy Filling,$4.59,,,10 ct,[],,"https://www.instacart.com/image-server/257x257/filters:fill(FFF,true):format(jpg)/d2lnr5mha7bycj.cloudfront.net/product-image/file/large_0cb34251-7d57-478b-ac8c-849c34354217.jpg,"
Giant Eagle,"Vermont Smoke & Cure Beef & Pork Stick, Original",$2.29,,,1 oz,['Gluten-Free'],,"https://www.instacart.com/image-server/257x257/filters:fill(FFF,true):format(jpg)/d2lnr5mha7bycj.cloudfront.net/product-image/file/large_6fc38480-f0f7-4187-b877-32e2595f4222.png,"
Giant Eagle,Giant Eagle Lightly Salted Classic Potato Chips,$2.99,,,7.75 oz,"['Gluten-Free', 'Light Sodium']",Many in stock,"https://www.instacart.com/image-server/257x257/filters:fill(FFF,true):format(jpg)/d2lnr5mha7bycj.cloudfront.net/product-image/file/large_5719d131-e0d0-4fe6-bc0c-29ef9589fa31.png,"
Giant Eagle,Giant Eagle Original Graham Crackers,$3.49,,,14.4 oz,[],Many in stock,"https://www.instacart.com/image-server/257x257/filters:fill(FFF,true):format(jpg)/d2lnr5mha7bycj.cloudfront.net/product-image/file/large_bfbac3d9-a7a1-44fd-9e59-c18058282ce0.png,"
Giant Eagle,"Giant Eagle Tortilla Chip, Dippers",$2.99,,,10 oz,['Vegan'],Many in stock,"https://www.instacart.com/image-server/257x257/filters:fill(FFF,true):format(jpg)/d2lnr5mha7bycj.cloudfront.net/product-image/file/large_dda544ae-18fb-4cd1-93c2-5598bce8f70c.png,"
Giant Eagle,Chomps Grass-Fed Original Beef Stick,$2.49,,,1.15 oz,"['Gluten-Free', 'Keto']",,"https://www.instacart.com/image-server/257x257/filters:fill(FFF,true):format(jpg)/d2lnr5mha7bycj.cloudfront.net/product-image/file/large_8e6e7739-15fb-4524-8331-3e5dfcbd3ec6.JPG,"
Giant Eagle,"Keebler Baked Graham Cracker Sticks, Lunch Snacks, Snack Crackers, Cinnamon",$4.99,,,11 oz,['Whole Grain'],,"https://www.instacart.com/image-server/257x257/filters:fill(FFF,true):format(jpg)/d2lnr5mha7bycj.cloudfront.net/product-image/file/large_0aed1645-1520-40eb-bc6a-a796c07b6287.jpg,"
Giant Eagle,"Doritos Flavored Tortilla Chips, Spicy Sweet Chili",$5.99,,,9.25 oz,[],,"https://www.instacart.com/image-server/257x257/filters:fill(FFF,true):format(jpg)/d2lnr5mha7bycj.cloudfront.net/product-image/file/large_0c8c6fca-ea87-41ca-8a04-5e58e4f01a6e.png,"
Giant Eagle,"Kellogg's Rice Krispies Treats Crispy Marshmallow Squares, Kids Snacks, Cereal Bars, Original",$3.99,,,6 x 1.16 oz,[],,"https://www.instacart.com/image-server/257x257/filters:fill(FFF,true):format(jpg)/d2lnr5mha7bycj.cloudfront.net/product-image/file/large_6026c4f3-8feb-404e-b59b-bce5bacdbee2.jpg,"
Giant Eagle,"UNREAL Dark Chocolate Caramel, Peanut Nougat Bars",$5.99,,,3.4 oz,[],,"https://www.instacart.com/image-server/257x257/filters:fill(FFF,true):format(jpg)/d2lnr5mha7bycj.cloudfront.net/product-image/file/large_44fcd2db-6f8a-4f71-9848-2eacc57ac59f.png,"
Giant Eagle,Giant Eagle Minis Pretzel,$2.49,,,16 oz,[],,"https://www.instacart.com/image-server/257x257/filters:fill(FFF,true):format(jpg)/d2lnr5mha7bycj.cloudfront.net/product-image/file/large_5dba1bdf-ea3c-4739-a200-08ebb24a6031.png,"
Giant Eagle,Giant Eagle Bite Size Tortilla Chips,$2.99,,,12 oz,[],Many in stock,"https://www.instacart.com/image-server/257x257/filters:fill(FFF,true):format(jpg)/d2lnr5mha7bycj.cloudfront.net/product-image/file/large_01fdfde8-3c68-4f4d-bf1b-06e396880365.png,"
Giant Eagle,Eagle Home Products Vitamin D Whole Milk,$2.99,,,1 gal,[],Many in stock,"https://www.instacart.com/image-server/257x257/filters:fill(FFF,true):format(jpg)/d2lnr5mha7bycj.cloudfront.net/product-image/file/large_b785ba29-aab0-4103-afc7-8b4a1a058086.png,"
Giant Eagle,Giant Eagle 2% Reduced Fat Milk,$1.59,,,1 qt,[],Many in stock,"https://www.instacart.com/image-server/257x257/filters:fill(FFF,true):format(jpg)/d2lnr5mha7bycj.cloudfront.net/product-image/file/large_dc22ce4b-4d10-4539-bf2b-49bfba7b4da8.png,"
Giant Eagle,Planet Oat Unsweetened Original Oatmilk,$5.99,,,86 fl oz,['Vegan'],,"https://www.instacart.com/image-server/257x257/filters:fill(FFF,true):format(jpg)/d2lnr5mha7bycj.cloudfront.net/product-image/file/large_9eb6612f-b925-4f01-afc1-a503ae1e7453.png,"
Giant Eagle,Giant Eagle Vitamin D Whole Milk,$1.59,,,32 fl oz,[],Many in stock,"https://www.instacart.com/image-server/257x257/filters:fill(FFF,true):format(jpg)/d2lnr5mha7bycj.cloudfront.net/product-image/file/large_e19ce76e-63e0-478a-a0ca-705b6613dc8e.png,"
Giant Eagle,Giant Eagle 2% Reduced Fat Milk,$1.99,,,0.5 gal,[],Many in stock,"https://www.instacart.com/image-server/257x257/filters:fill(FFF,true):format(jpg)/d2lnr5mha7bycj.cloudfront.net/product-image/file/large_a7b6c335-b225-44e0-b1f0-1d4d3ab0544c.png,"
Giant Eagle,Giant Eagle Vitamin D Whole Milk,$1.99,,,0.5 gal,[],Many in stock,"https://www.instacart.com/image-server/257x257/filters:fill(FFF,true):format(jpg)/d2lnr5mha7bycj.cloudfront.net/product-image/file/large_ffd9efff-4bb9-40df-9319-2b20d281da45.png,"
Giant Eagle,Planet Oat Original Oatmilk,$5.99,,,86 fl oz,"['Vegan', 'Gluten-Free']",Many in stock,"https://www.instacart.com/image-server/257x257/filters:fill(FFF,true):format(jpg)/d2lnr5mha7bycj.cloudfront.net/product-image/file/large_7c119ed8-dd2a-40ae-a639-b530c20502df.png,"
Giant Eagle,Giant Eagle Chocolate Whole Milk,$3.99,,,1 gal,[],,"https://www.instacart.com/image-server/257x257/filters:fill(FFF,true):format(jpg)/d2lnr5mha7bycj.cloudfront.net/product-image/file/large_5b1a488c-9346-4182-8f24-b020efef5b33.png,"
Giant Eagle,Giant Eagle 1% Low Fat Milk,$2.99,,,1 gal,[],Many in stock,"https://www.instacart.com/image-server/257x257/filters:fill(FFF,true):format(jpg)/d2lnr5mha7bycj.cloudfront.net/product-image/file/large_4ca8b5af-2803-4e4c-9bb2-626c67e9248d.png,"
Giant Eagle,Giant Eagle Fat Free Skim Milk,$2.99,,,1 gal,[],Many in stock,"https://www.instacart.com/image-server/257x257/filters:fill(FFF,true):format(jpg)/d2lnr5mha7bycj.cloudfront.net/product-image/file/large_c9ee842a-68bf-4ee5-af91-03e08372a63b.png,"
Giant Eagle,"fairlife 2% Chocolate Ultra-Filtered Milk, Lactose Free",$5.99,,,52 fl oz,[],Many in stock,"https://www.instacart.com/image-server/257x257/filters:fill(FFF,true):format(jpg)/d2lnr5mha7bycj.cloudfront.net/product-image/file/large_5801ef66-cafe-4d38-8c96-55cb962f3c02.jpg,"
Giant Eagle,Giant Eagle Chocolate Vitamin D Whole Milk,$2.79,,,0.5 gal,[],Many in stock,"https://www.instacart.com/image-server/257x257/filters:fill(FFF,true):format(jpg)/d2lnr5mha7bycj.cloudfront.net/product-image/file/large_587bdce5-9893-4b29-be54-d5483e72e6cf.png,"
Giant Eagle,Lactaid 2% Reduced Fat Milk,$4.99,,,64 fl oz,[],Many in stock,"https://www.instacart.com/image-server/257x257/filters:fill(FFF,true):format(jpg)/d2lnr5mha7bycj.cloudfront.net/product-image/file/large_a40d8a51-0ef3-4d4f-abb0-b24bd220ab23.jpg,"
Giant Eagle,Giant Eagle 1% Lowfat Chocolate Milk,$3.99,,,1 gal,[],,"https://www.instacart.com/image-server/257x257/filters:fill(FFF,true):format(jpg)/d2lnr5mha7bycj.cloudfront.net/product-image/file/large_ca996a53-3abb-42f4-afe6-063ea6f5b7c1.png,"
Giant Eagle,Planet Oat Vanilla Oatmilk,$4.59,,,52 fl oz,"['Vegan', 'Gluten-Free']",,"https://www.instacart.com/image-server/257x257/filters:fill(FFF,true):format(jpg)/d2lnr5mha7bycj.cloudfront.net/product-image/file/large_f46339da-2a47-48fd-a5c2-9aededd5cf28.jpg,"
Giant Eagle,Giant Eagle Fat Free Skim Milk,$1.99,,,0.5 gal,[],Many in stock,"https://www.instacart.com/image-server/257x257/filters:fill(FFF,true):format(jpg)/d2lnr5mha7bycj.cloudfront.net/product-image/file/large_994905c5-851c-49f9-9ee4-cb66f3b50212.png,"
Giant Eagle,Giant Eagle 1% Lowfat Milk,$1.59,,,32 fl oz,[],,"https://www.instacart.com/image-server/257x257/filters:fill(FFF,true):format(jpg)/d2lnr5mha7bycj.cloudfront.net/product-image/file/large_187688ae-f74e-49eb-8b4a-7a6a6bffae89.png,"
Giant Eagle,Giant Eagle Chocolate Vitamin D Whole Milk,$1.99,,,32 fl oz,[],,"https://www.instacart.com/image-server/257x257/filters:fill(FFF,true):format(jpg)/d2lnr5mha7bycj.cloudfront.net/product-image/file/large_2197e288-1ee9-4da1-bcb5-d351cb9b02f3.png,"
Giant Eagle,"fairlife Fat Free Ultra-Filtered Milk, Lactose Free",$5.99,,,52 fl oz,[],Many in stock,"https://www.instacart.com/image-server/257x257/filters:fill(FFF,true):format(jpg)/d2lnr5mha7bycj.cloudfront.net/product-image/file/large_2edaf243-a89c-4e1a-a376-e60cb1f3ab12.jpg,"
Giant Eagle,Lactaid Whole Milk,$6.99,,,96 fl oz,[],Many in stock,"https://www.instacart.com/image-server/257x257/filters:fill(FFF,true):format(jpg)/d2lnr5mha7bycj.cloudfront.net/product-image/file/large_76eae8a2-8175-4c1e-9141-34afe3482403.jpg,"
Giant Eagle,Nature's Basket Organic Fat Free Milk,$4.59,,,0.5 gal,['Organic'],,"https://www.instacart.com/image-server/257x257/filters:fill(FFF,true):format(jpg)/d2lnr5mha7bycj.cloudfront.net/product-image/file/large_59765697-4b4a-4b80-b60a-973836749e80.png,"
Giant Eagle,Almond Breeze Vanilla Almondmilk,$4.99,,,96 fl oz,[],Many in stock,"https://www.instacart.com/image-server/257x257/filters:fill(FFF,true):format(jpg)/d2lnr5mha7bycj.cloudfront.net/product-image/file/large_5a7ba875-d2a1-4499-bc69-b829fb6c7e37.jpg,"
Giant Eagle,Planet Oat Extra Creamy Original Oatmilk,$4.59,,,52 fl oz,"['Vegan', 'Gluten-Free']",Many in stock,"https://www.instacart.com/image-server/257x257/filters:fill(FFF,true):format(jpg)/d2lnr5mha7bycj.cloudfront.net/product-image/file/large_dfb9e1b3-ce9b-4768-8236-722662b57899.jpg,"
Giant Eagle,Oatly Oatmilk,$5.99,,,64 fl oz,"['Vegan', 'Gluten-Free']",Many in stock,"https://www.instacart.com/image-server/257x257/filters:fill(FFF,true):format(jpg)/d2lnr5mha7bycj.cloudfront.net/product-image/file/large_6c62434d-e15f-40e5-915f-6beda6082e57.png,"
Giant Eagle,Almond Breeze Unsweetened Original Almondmilk Non Dairy Milk Alternative,$3.99,,,64 fl oz,[],Many in stock,"https://www.instacart.com/image-server/257x257/filters:fill(FFF,true):format(jpg)/d2lnr5mha7bycj.cloudfront.net/product-image/file/large_da08b082-b406-420d-b9d8-ca6b8dd49e01.jpg,"
Giant Eagle,Almond Breeze Unsweetened Original Almondmilk,$4.99,,,96 fl oz,[],Many in stock,"https://www.instacart.com/image-server/257x257/filters:fill(FFF,true):format(jpg)/d2lnr5mha7bycj.cloudfront.net/product-image/file/large_a8e8f3ba-08d7-43a2-8d0a-8d44001f2623.jpg,"
Giant Eagle,Almond Breeze Unsweetened Vanilla Almondmilk,$3.99,,,64 fl oz,[],Many in stock,"https://www.instacart.com/image-server/257x257/filters:fill(FFF,true):format(jpg)/d2lnr5mha7bycj.cloudfront.net/product-image/file/large_f31f967e-876a-40ec-a00a-a6463eb5e233.jpg,"
Giant Eagle,Nature's Basket Original Plant-based Almondmilk,$2.99,,,0.5 gal,[],Many in stock,"https://www.instacart.com/image-server/257x257/filters:fill(FFF,true):format(jpg)/d2lnr5mha7bycj.cloudfront.net/product-image/file/large_2aaabecd-cec9-4984-ba98-827db110b76c.png,"
Giant Eagle,"fairlife 2% Reduced Fat Ultra-Filtered Milk, Lactose Free",$5.99,,,52 fl oz,[],Many in stock,"https://www.instacart.com/image-server/257x257/filters:fill(FFF,true):format(jpg)/d2lnr5mha7bycj.cloudfront.net/product-image/file/large_01b8f636-9039-4813-9c6a-9bf0da6fe58f.jpg,"
Giant Eagle,Almond Breeze Original Almondmilk,$3.99,,,64 oz,[],Many in stock,"https://www.instacart.com/image-server/257x257/filters:fill(FFF,true):format(jpg)/d2lnr5mha7bycj.cloudfront.net/product-image/file/large_cd5124d3-43b9-4291-bf9d-4ffb8f422533.jpg,"
Giant Eagle,"fairlife Whole Ultra-Filtered Milk, Lactose Free",$5.99,,,52 fl oz,[],Many in stock,"https://www.instacart.com/image-server/257x257/filters:fill(FFF,true):format(jpg)/d2lnr5mha7bycj.cloudfront.net/product-image/file/large_2ed8f4a5-5d98-442c-8f8e-af8782c48dd4.jpg,"
Giant Eagle,Nature's Basket Unsweetened Original Plant-based Almondmilk,$2.99,,,0.5 gal,[],,"https://www.instacart.com/image-server/257x257/filters:fill(FFF,true):format(jpg)/d2lnr5mha7bycj.cloudfront.net/product-image/file/large_2a65622f-fa82-4499-b8c6-9dfb19b6f215.png,"
Giant Eagle,fairlife 2% Reduced Fat Ultra-Filtered Milk,$1.99,,,14 fl oz,[],,"https://www.instacart.com/image-server/257x257/filters:fill(FFF,true):format(jpg)/d2lnr5mha7bycj.cloudfront.net/product-image/file/large_9d4e3bf3-a82a-4737-9e1a-c390604918a8.png,"
Giant Eagle,fairlife ® Chocolate 2% Ultra-Filtered Milk,$1.99,,,14 fl oz,[],,"https://www.instacart.com/image-server/257x257/filters:fill(FFF,true):format(jpg)/d2lnr5mha7bycj.cloudfront.net/product-image/file/large_849ba8c7-3ecd-42ac-be55-47193070eedd.jpg,"
Giant Eagle,Almond Breeze Extra Creamy Almondmilk,$3.99,,,59 fl oz,[],,"https://www.instacart.com/image-server/257x257/filters:fill(FFF,true):format(jpg)/d2lnr5mha7bycj.cloudfront.net/product-image/file/large_a6efdc63-af3d-4351-ad15-f3e122e0c5f2.png,"
Giant Eagle,Almond Breeze Vanilla Almondmilk,$3.99,,,64 oz,[],Many in stock,"https://www.instacart.com/image-server/257x257/filters:fill(FFF,true):format(jpg)/d2lnr5mha7bycj.cloudfront.net/product-image/file/large_40914d89-ca5f-4582-a979-4643d1db92a7.jpg,"
Giant Eagle,Nature’s Basket Vanilla Flavored Plant-Based Almondmilk,$2.99,,,64 oz,[],Many in stock,"https://www.instacart.com/image-server/257x257/filters:fill(FFF,true):format(jpg)/d2lnr5mha7bycj.cloudfront.net/product-image/file/large_db49965b-2e8d-4e73-a7fd-b47ce6ccc0f1.png,"
Giant Eagle,Giant Eagle 1% Lowfat Cultured Buttermilk,$1.99,,,32 fl oz,[],,"https://www.instacart.com/image-server/257x257/filters:fill(FFF,true):format(jpg)/d2lnr5mha7bycj.cloudfront.net/product-image/file/large_44da6024-381b-4df9-bd08-12c35e936f6e.png,"
Giant Eagle,Nestlé NESQUIK Chocolate Lowfat Milk Ready to Drink,$2.29,,,14 fl oz,[],,"https://www.instacart.com/image-server/257x257/filters:fill(FFF,true):format(jpg)/d2lnr5mha7bycj.cloudfront.net/product-image/file/large_8607a89b-7668-4f53-b6c0-7f9577176a7c.jpg,"
Giant Eagle,Planet Oat Original Oatmilk,$4.59,,,52 fl oz,"['Vegan', 'Gluten-Free']",Many in stock,"https://www.instacart.com/image-server/257x257/filters:fill(FFF,true):format(jpg)/d2lnr5mha7bycj.cloudfront.net/product-image/file/large_b261f8f4-ed76-477a-a6bf-7fb44f2e16d0.jpg,"
Giant Eagle,Badia Spices Coconut Milk,$4.39,,,13.5 fl oz,[],,"https://www.instacart.com/image-server/257x257/filters:fill(FFF,true):format(jpg)/d2lnr5mha7bycj.cloudfront.net/product-image/file/large_a0c1e293-85b4-4559-9e5e-73380b54d37d.png,"
Giant Eagle,Organic Valley Whole Milk,$5.99,,,64 oz,"['Cow Milk', 'Organic']",,"https://www.instacart.com/image-server/257x257/filters:fill(FFF,true):format(jpg)/d2lnr5mha7bycj.cloudfront.net/product-image/file/large_f7ba115a-3098-427a-a0da-9a0cf50d55e8.jpg,"
Giant Eagle,Organic Bananas,$0.37,each (est.),$0.89 / lb,About 0.42 lb each,"['Organic', 'Non-GMO']",,"https://www.instacart.com/image-server/257x257/filters:fill(FFF,true):format(jpg)/d2lnr5mha7bycj.cloudfront.net/product-image/file/large_50e1bddb-1ab3-4ef3-8b55-a821d4ee1b1b.png,"
Giant Eagle,Clementine Bag,$4.99,,,1 ct,['In Season'],,"https://www.instacart.com/image-server/257x257/filters:fill(FFF,true):format(jpg)/d2lnr5mha7bycj.cloudfront.net/product-image/file/large_4053ff05-ab85-4075-989b-ef21138f6d11.png,"
Giant Eagle,Envy The Ultimate Apple Experience,$4.99,,,2 lb,[],,"https://www.instacart.com/image-server/257x257/filters:fill(FFF,true):format(jpg)/d2lnr5mha7bycj.cloudfront.net/product-image/file/large_6df72168-541d-48c3-827e-116db75e9a54.png,"
Giant Eagle,Giant Eagle Lemon,$0.99,,,1 each,[],Many in stock,"https://www.instacart.com/image-server/257x257/filters:fill(FFF,true):format(jpg)/d2lnr5mha7bycj.cloudfront.net/product-image/file/large_19729076-2e22-4845-986e-5d972ef27b2c.png,"
Giant Eagle,Blueberries Package,$6.99,,,1 lb container,[],Many in stock,"https://www.instacart.com/image-server/257x257/filters:fill(FFF,true):format(jpg)/d2lnr5mha7bycj.cloudfront.net/product-image/file/large_2e90a46e-e76b-4806-a6ff-25d10501fa21.png,"
Giant Eagle,Avocado,$1.29,,,,[],,"https://www.instacart.com/image-server/257x257/filters:fill(FFF,true):format(jpg)/d2lnr5mha7bycj.cloudfront.net/product-image/file/large_f34caec5-cad3-4661-948d-f7358d71d276.png,"
Giant Eagle,Sunkist Cara Cara oranges,$3.99,,,2 lb,['In Season'],,"https://www.instacart.com/image-server/257x257/filters:fill(FFF,true):format(jpg)/d2lnr5mha7bycj.cloudfront.net/product-image/file/large_dabf4305-26e0-4623-b85a-3ce08afad73c.png,"
Giant Eagle,Red Seedless Grapes Package,$9.18,/pkg (est.),$3.99 / lb,About 2.3 lb / package,[],,"https://www.instacart.com/image-server/257x257/filters:fill(FFF,true):format(jpg)/d2lnr5mha7bycj.cloudfront.net/product-image/file/large_991344b0-c653-4ce8-875b-495d9e477e50.png,"
Giant Eagle,Giant Eagle Baby Seedless Watermelon,$4.99,,,1 each,[],Many in stock,"https://www.instacart.com/image-server/257x257/filters:fill(FFF,true):format(jpg)/d2lnr5mha7bycj.cloudfront.net/product-image/file/large_b1354b15-6565-4668-be64-b23ba681ffb6.png,"
Giant Eagle,Limes,$0.69,,,,[],Many in stock,"https://www.instacart.com/image-server/257x257/filters:fill(FFF,true):format(jpg)/d2lnr5mha7bycj.cloudfront.net/product-image/file/large_dc9eedba-f294-4ae1-9c62-600a1940eae4.png,"
Giant Eagle,Hass Avocados Bag,$4.99,,,4 count bag,[],,"https://www.instacart.com/image-server/257x257/filters:fill(FFF,true):format(jpg)/d2lnr5mha7bycj.cloudfront.net/product-image/file/large_68815b79-4ecd-4980-b2ce-6121cdbfb1e6.png,"
Giant Eagle,Organic Lime,$4.99,,,1 ct,"['Organic', 'Non-GMO']",,"https://www.instacart.com/image-server/257x257/filters:fill(FFF,true):format(jpg)/d2lnr5mha7bycj.cloudfront.net/product-image/file/large_514c5fdb-eb60-4141-89c3-47fd1f5b6eee.jpg,"
Giant Eagle,Giant Eagle Honeycrisp Apples,$8.99,,,48 oz,[],Many in stock,"https://www.instacart.com/image-server/257x257/filters:fill(FFF,true):format(jpg)/d2lnr5mha7bycj.cloudfront.net/product-image/file/large_a929911a-c81c-4f3b-a048-579371a92084.png,"
Giant Eagle,Giant Eagle Pineapple Chunks,$5.99,,,16 oz,[],,"https://www.instacart.com/image-server/257x257/filters:fill(FFF,true):format(jpg)/d2lnr5mha7bycj.cloudfront.net/product-image/file/large_c8728171-74de-4ab3-b7fb-d7812ab75ef8.png,"
Giant Eagle,Giant Eagle Green Seedless Grapes,$8.58,/pkg (est.),$3.99 / lb,About 2.15 lb / package,[],,"https://www.instacart.com/image-server/257x257/filters:fill(FFF,true):format(jpg)/d2lnr5mha7bycj.cloudfront.net/product-image/file/large_f4271b36-62bd-4b07-8c3a-ffa1d2d12575.png,"
Giant Eagle,Giant Eagle Fresh Raspberries,$3.99,,,6 oz,[],,"https://www.instacart.com/image-server/257x257/filters:fill(FFF,true):format(jpg)/d2lnr5mha7bycj.cloudfront.net/product-image/file/large_02cbbdc6-09b6-4144-8b34-a4c7d790816c.png,"
Giant Eagle,Honeycrisp Apple,$1.88,each (est.),$3.99 / lb,About 0.47 lb each,[],,"https://www.instacart.com/image-server/257x257/filters:fill(FFF,true):format(jpg)/d2lnr5mha7bycj.cloudfront.net/product-image/file/large_88a397f7-5b33-4d5f-9ea7-da4997eb6586.png,"
Giant Eagle,Giant Eagle Cantaloupe Chunks,$5.99,,,16 oz,[],Many in stock,"https://www.instacart.com/image-server/257x257/filters:fill(FFF,true):format(jpg)/d2lnr5mha7bycj.cloudfront.net/product-image/file/large_04f70fa8-b9b4-4e01-b94a-bd7891f25a87.png,"
Giant Eagle,"Wonderful Mandarins, California",$9.99,,,5 lb,"['In Season', 'Non-GMO']",,"https://www.instacart.com/image-server/257x257/filters:fill(FFF,true):format(jpg)/d2lnr5mha7bycj.cloudfront.net/product-image/file/large_830817e2-100d-4349-b968-836eff43ee3c.png,"
Giant Eagle,Wish Farms Blueberries,$9.99,,,18 oz,['Organic'],,"https://www.instacart.com/image-server/257x257/filters:fill(FFF,true):format(jpg)/d2lnr5mha7bycj.cloudfront.net/product-image/file/large_ea05d313-955e-41a9-b1e1-5e4fe9750762.jpg,"
Giant Eagle,Gala Apple Bag,$4.99,,,,[],Many in stock,"https://www.instacart.com/image-server/257x257/filters:fill(FFF,true):format(jpg)/d2lnr5mha7bycj.cloudfront.net/product-image/file/large_9284abcb-c092-4e69-8853-b776c575cabf.png,"
Giant Eagle,Organic Blueberries Package,$5.99,,,1 lb container,"['Organic', 'Non-GMO']",,"https://www.instacart.com/image-server/257x257/filters:fill(FFF,true):format(jpg)/d2lnr5mha7bycj.cloudfront.net/product-image/file/large_cd4e7afd-4529-4eea-86ec-51a2d10c4e97.png,"
Giant Eagle,Gala Apple,$1.21,each (est.),$2.69 / lb,About 0.45 lb each,[],,"https://www.instacart.com/image-server/257x257/filters:fill(FFF,true):format(jpg)/d2lnr5mha7bycj.cloudfront.net/product-image/file/large_a687e1f5-05b3-4a6f-953c-b64552b3d969.png,"
Giant Eagle,"Honeycrisp Apples, Organic",$4.99,,,2 lb,"['Non-GMO', 'Organic']",,"https://www.instacart.com/image-server/257x257/filters:fill(FFF,true):format(jpg)/d2lnr5mha7bycj.cloudfront.net/product-image/file/large_f7ef855f-7475-4e93-992b-0617c097de15.png,"
Giant Eagle,Autumncrisp Green Seedless Grapes,$5.99,,,32 oz,[],,"https://www.instacart.com/image-server/257x257/filters:fill(FFF,true):format(jpg)/d2lnr5mha7bycj.cloudfront.net/product-image/file/large_d48c4618-9fed-48dd-94a2-08e185f0ee5d.jpeg,"
Giant Eagle,Red Seedless Grapes Bunch,$9.24,/pkg (est.),$3.99 / lb,About 2.32 lb / package,[],,"https://www.instacart.com/image-server/257x257/filters:fill(FFF,true):format(jpg)/d2lnr5mha7bycj.cloudfront.net/product-image/file/large_e6c40743-d101-48e8-aa88-b6ef34aca8df.png,"
Giant Eagle,"Wonderful Naturally Seedless, Non-GMO",$5.99,,,2 lb,['Non-GMO'],,"https://www.instacart.com/image-server/257x257/filters:fill(FFF,true):format(jpg)/d2lnr5mha7bycj.cloudfront.net/product-image/file/large_b746cb0e-8d3f-4a68-b9d2-133c1ee43b13.png,"
Giant Eagle,Green Kiwi,$0.69,,,,[],Many in stock,"https://www.instacart.com/image-server/257x257/filters:fill(FFF,true):format(jpg)/d2lnr5mha7bycj.cloudfront.net/product-image/file/large_afe7e3de-1eca-4b73-953d-f55c760eaaf9.png,"
Giant Eagle,Navel Orange,$1.29,,,,['In Season'],Many in stock,"https://www.instacart.com/image-server/257x257/filters:fill(FFF,true):format(jpg)/d2lnr5mha7bycj.cloudfront.net/product-image/file/large_cc15b1bf-1be4-44b0-af21-b5294cd21c48.png,"
Giant Eagle,Giant Eagle Produce Bartlett Pear,$1.39,each (est.),$2.99 / lb,About 0.47 lb each,[],,"https://www.instacart.com/image-server/257x257/filters:fill(FFF,true):format(jpg)/d2lnr5mha7bycj.cloudfront.net/product-image/file/large_0f17b08e-f01b-4214-97c2-3d2de8edb064.png,"
Giant Eagle,Granny Smith Apples,$4.99,,,3 lb,[],,"https://www.instacart.com/image-server/257x257/filters:fill(FFF,true):format(jpg)/d2lnr5mha7bycj.cloudfront.net/product-image/file/large_71e96f39-1154-4e24-a901-f05d15046241.png,"
Giant Eagle,Giant Eagle Fuji Apples,$4.99,,,3 lb,[],Many in stock,"https://www.instacart.com/image-server/257x257/filters:fill(FFF,true):format(jpg)/d2lnr5mha7bycj.cloudfront.net/product-image/file/large_1f161998-494e-4225-8354-26596b82baed.png,"
Giant Eagle,Cantaloupe,$4.99,,,,[],Many in stock,"https://www.instacart.com/image-server/257x257/filters:fill(FFF,true):format(jpg)/d2lnr5mha7bycj.cloudfront.net/product-image/file/large_f96b5500-1e0b-4043-b130-aa2b48d0362e.png,"
Giant Eagle,International Fresh Produce Raspberries,$5.99,,,12 oz,[],,"https://www.instacart.com/image-server/257x257/filters:fill(FFF,true):format(jpg)/d2lnr5mha7bycj.cloudfront.net/product-image/file/large_d052de7b-cf25-491f-a461-3ef760a7483e.png,"
Giant Eagle,Golden Delicious Apple,$0.85,each (est.),$1.99 / lb,About 0.43 lb each,[],,"https://www.instacart.com/image-server/257x257/filters:fill(FFF,true):format(jpg)/d2lnr5mha7bycj.cloudfront.net/product-image/file/large_8e6dd52d-4714-4f8c-949a-caf811a03503.png,"
Giant Eagle,Kumquats Clamshell,$4.99,,,8 oz,[],,"https://www.instacart.com/image-server/257x257/filters:fill(FFF,true):format(jpg)/d1s8987jlndkbs.cloudfront.net/assets/missing-item-4bbe82b8555e4d1c12626fd482cb2409713e8e30835645ff3650ef66a725d03c.png,"
Giant Eagle,Rambutan,$6.99,,,,[],,"https://www.instacart.com/image-server/257x257/filters:fill(FFF,true):format(jpg)/d2lnr5mha7bycj.cloudfront.net/product-image/file/large_d404b0f4-ec62-40ce-997e-1b4ca6dd3393.jpg,"
Giant Eagle,"Diamond Blues Blueberries, Fresh Cultivated",$4.99,,,1 pt,[],,"https://www.instacart.com/image-server/257x257/filters:fill(FFF,true):format(jpg)/d2lnr5mha7bycj.cloudfront.net/product-image/file/large_600a0e92-c240-42f0-ab6d-69b0ca423236.png,"
Giant Eagle,Kiku Apple,$1.68,each (est.),$2.99 / lb,About 0.56 lb each,[],,"https://www.instacart.com/image-server/257x257/filters:fill(FFF,true):format(jpg)/d2lnr5mha7bycj.cloudfront.net/product-image/file/large_5e490286-0b54-47fd-9ffe-6ed5b1e26a00.png,"
Giant Eagle,Lime Bag,$5.99,,,1 ct,[],Many in stock,"https://www.instacart.com/image-server/257x257/filters:fill(FFF,true):format(jpg)/d2lnr5mha7bycj.cloudfront.net/product-image/file/large_5bc269ff-3ced-4d75-8b11-141f22e2de2d.png,"
Giant Eagle,"Tropicana 100% Orange Juice, No Pulp, Original, Pure Premium",$4.99,,,52 fl oz • 4 options,[],Many in stock,"https://www.instacart.com/image-server/257x257/filters:fill(FFF,true):format(jpg)/d2lnr5mha7bycj.cloudfront.net/product-image/file/large_d7fd9a71-3212-4fd9-bc93-cbd47a99f69e.png,"
Giant Eagle,Giant Eagle Apple 100% Juice from Concentrate,$2.79,,,64 fl oz,[],,"https://www.instacart.com/image-server/257x257/filters:fill(FFF,true):format(jpg)/d2lnr5mha7bycj.cloudfront.net/product-image/file/large_ba0af13b-b436-4866-8e63-ec67f9451847.png,"
Giant Eagle,Welch's 100% Grape Juice,$5.99,,,6 x 10 fl oz • 4 options,['No Sugar Added'],,"https://www.instacart.com/image-server/257x257/filters:fill(FFF,true):format(jpg)/d2lnr5mha7bycj.cloudfront.net/product-image/file/large_fb8e211a-3620-45f6-9c79-26f68138f64e.jpg,"
Giant Eagle,Minute Maid Tropical Punch Carton,$2.59,,,59 fl oz,[],Many in stock,"https://www.instacart.com/image-server/257x257/filters:fill(FFF,true):format(jpg)/d2lnr5mha7bycj.cloudfront.net/product-image/file/large_e24fd56a-3652-45ea-8e9a-ce4213f67026.jpg,"
Giant Eagle,Minute Maid Berry Punch Flavored Fruit Juice,$2.59,,,59 fl oz,[],,"https://www.instacart.com/image-server/257x257/filters:fill(FFF,true):format(jpg)/d2lnr5mha7bycj.cloudfront.net/product-image/file/large_b33df5f8-8a04-42d9-97d0-f34ac77f953a.jpg,"
Giant Eagle,"Minute Maid Strawberry Lemonade, Fruit Drink",$2.59,,,59 fl oz,[],Many in stock,"https://www.instacart.com/image-server/257x257/filters:fill(FFF,true):format(jpg)/d2lnr5mha7bycj.cloudfront.net/product-image/file/large_c240c04a-24f7-4756-8c2d-fd362536fdfb.jpg,"
Giant Eagle,Welch's Orange Pineapple Juice,$4.99,,,6 x 10 fl oz,[],,"https://www.instacart.com/image-server/257x257/filters:fill(FFF,true):format(jpg)/d2lnr5mha7bycj.cloudfront.net/product-image/file/large_444ba2cc-acf8-4e70-9eac-8faa25c794ea.jpg,"
Giant Eagle,"Tropicana Drink, Strawberry Peach Paradise",$3.59,,,52 fl oz,['No Sugar Added'],Many in stock,"https://www.instacart.com/image-server/257x257/filters:fill(FFF,true):format(jpg)/d2lnr5mha7bycj.cloudfront.net/product-image/file/large_a9948cca-91b5-4164-b669-74b0baaf097c.png,"
Giant Eagle,Milo Lemonade,$4.19,,,128 fl oz,[],Many in stock,"https://www.instacart.com/image-server/257x257/filters:fill(FFF,true):format(jpg)/d2lnr5mha7bycj.cloudfront.net/product-image/file/large_1e0c17cc-c8d0-47b1-aec7-997842c1a340.png,"
Giant Eagle,"Simply Lemonade With Strawberry, All Natural Non-Gmo",$3.99,,,52 fl oz,[],Many in stock,"https://www.instacart.com/image-server/257x257/filters:fill(FFF,true):format(jpg)/d2lnr5mha7bycj.cloudfront.net/product-image/file/large_cd521a20-90e9-4df1-b647-4b5a25fd9d59.jpg,"
Giant Eagle,Welch's Strawberry Kiwi,$4.99,,,6 x 10 fl oz • 2 options,[],,"https://www.instacart.com/image-server/257x257/filters:fill(FFF,true):format(jpg)/d2lnr5mha7bycj.cloudfront.net/product-image/file/large_4fec82e2-5e2a-41ad-bc80-17f294b4df78.jpg,"
Giant Eagle,"Tropicana 100% Juice, Orange, Original",$7.99,,,89 fl oz • 4 options,['No Sugar Added'],,"https://www.instacart.com/image-server/257x257/filters:fill(FFF,true):format(jpg)/d2lnr5mha7bycj.cloudfront.net/product-image/file/large_26134ee4-262e-46d8-9460-e81517bbc755.png,"
Giant Eagle,BLOSSOM GROVE Apple Cider,$6.99,,,1 gal,[],,"https://www.instacart.com/image-server/257x257/filters:fill(FFF,true):format(jpg)/d2lnr5mha7bycj.cloudfront.net/product-image/file/large_3318bba3-b883-48c9-a100-d0dfbb68e00f.png,"
Giant Eagle,"Tropicana Juice, Pineapple Mango Splash",$3.59,,,52 fl oz,[],,"https://www.instacart.com/image-server/257x257/filters:fill(FFF,true):format(jpg)/d2lnr5mha7bycj.cloudfront.net/product-image/file/large_8db7e402-1a67-43a6-840b-746f6e1a7d67.png,"
Giant Eagle,Welch's Grape Juice,$4.99,,,6 x 10 fl oz • 2 options,[],,"https://www.instacart.com/image-server/257x257/filters:fill(FFF,true):format(jpg)/d2lnr5mha7bycj.cloudfront.net/product-image/file/large_9915e837-c424-49ed-917d-aff8d1ca4338.jpg,"
Giant Eagle,Kool-Aid Bursts Tropical Punch,$1.79,,,6 x 6.75 fl oz,[],Many in stock,"https://www.instacart.com/image-server/257x257/filters:fill(FFF,true):format(jpg)/d2lnr5mha7bycj.cloudfront.net/product-image/file/large_02fae320-8323-4217-92d6-bb274b30015f.jpg,"
Giant Eagle,"Simply Lemonade With Raspberry, All Natural Non-Gmo",$4.99,,,89 fl oz • 2 options,[],Many in stock,"https://www.instacart.com/image-server/257x257/filters:fill(FFF,true):format(jpg)/d2lnr5mha7bycj.cloudfront.net/product-image/file/large_1f987272-7de6-400a-a9a5-aaa875e53233.jpg,"
Giant Eagle,Giant Eagle 100% Orange Juice with Calcium,$3.99,,,64 fl oz,[],Many in stock,"https://www.instacart.com/image-server/257x257/filters:fill(FFF,true):format(jpg)/d2lnr5mha7bycj.cloudfront.net/product-image/file/large_3123c51c-8f78-4bf0-97d5-3e512ec96a14.png,"
Giant Eagle,Goya Passion Fruit Cocktail,$2.99,,,33.8 fl oz,[],,"https://www.instacart.com/image-server/257x257/filters:fill(FFF,true):format(jpg)/d2lnr5mha7bycj.cloudfront.net/product-image/file/large_48e7e284-75c4-4cd6-9543-8cb0d7735c4f.jpg,"
Giant Eagle,"Minute Maid Orange Juice Pulp Free, Fruit Juice Drink",$3.99,,,59 fl oz,[],,"https://www.instacart.com/image-server/257x257/filters:fill(FFF,true):format(jpg)/d2lnr5mha7bycj.cloudfront.net/product-image/file/large_c8a664c3-ecc0-44a6-9511-2b74dc715748.jpg,"
Giant Eagle,Capri Sun Fruit Punch Naturally Flavored Kids Juice Blend Drink Pouches,$4.99,,,10 x 6 fl oz • 2 options,[],Many in stock,"https://www.instacart.com/image-server/257x257/filters:fill(FFF,true):format(jpg)/d2lnr5mha7bycj.cloudfront.net/product-image/file/large_46ac4f12-cc8d-4fd5-a458-3ce52494fd73.jpg,"
Giant Eagle,Juicy Juice Apple,$2.99,,,8 x 4.23 fl oz,['No Sugar Added'],Many in stock,"https://www.instacart.com/image-server/257x257/filters:fill(FFF,true):format(jpg)/d2lnr5mha7bycj.cloudfront.net/product-image/file/large_1fca850c-61d6-41f0-9f00-7f62a8b8b53f.jpg,"
Giant Eagle,Welch's Concord Grape Juice,$8.99,,,96 fl oz • 4 options,['No Sugar Added'],Many in stock,"https://www.instacart.com/image-server/257x257/filters:fill(FFF,true):format(jpg)/d2lnr5mha7bycj.cloudfront.net/product-image/file/large_9f3d0f8d-8e50-440c-9141-8b072dd894c7.jpg,"
Giant Eagle,"Simply Lemonade With Raspberry, All Natural Non-Gmo",$3.99,,,52 fl oz • 2 options,[],Many in stock,"https://www.instacart.com/image-server/257x257/filters:fill(FFF,true):format(jpg)/d2lnr5mha7bycj.cloudfront.net/product-image/file/large_bdf76f7e-9989-4c85-890e-677a079b2d72.jpg,"
Giant Eagle,Tropicana Low Acid Orange No Pulp with Calcium and Vitamins A and C 100% Juice,$4.99,,,52 fl oz,['No Sugar Added'],Many in stock,"https://www.instacart.com/image-server/257x257/filters:fill(FFF,true):format(jpg)/d2lnr5mha7bycj.cloudfront.net/product-image/file/large_964b7b1c-12ed-413a-8753-cfa443489012.png,"
Giant Eagle,"Dole Flavored Blend, Pineapple Orange Banana",$3.99,,,59 fl oz,[],Many in stock,"https://www.instacart.com/image-server/257x257/filters:fill(FFF,true):format(jpg)/d2lnr5mha7bycj.cloudfront.net/product-image/file/large_d9b8d9ef-5b8a-4eb6-8879-6e1cc103b6a5.png,"
Giant Eagle,Welch's 100% Grape Juice,$5.99,,,64 fl oz,['No Sugar Added'],,"https://www.instacart.com/image-server/257x257/filters:fill(FFF,true):format(jpg)/d2lnr5mha7bycj.cloudfront.net/product-image/file/large_71f3887a-1272-40e8-aaf8-689da7f95d32.jpg,"
Giant Eagle,Simply Orange Juice With Calcium,$4.99,,,52 fl oz • 3 options,[],Many in stock,"https://www.instacart.com/image-server/257x257/filters:fill(FFF,true):format(jpg)/d2lnr5mha7bycj.cloudfront.net/product-image/file/large_34c5b75a-b786-4cec-8773-2e94421b78f6.jpg,"
Giant Eagle,"Simply Light Lemonade, Non-Gmo",$3.99,,,52 fl oz,[],Many in stock,"https://www.instacart.com/image-server/257x257/filters:fill(FFF,true):format(jpg)/d2lnr5mha7bycj.cloudfront.net/product-image/file/large_03372740-7ac9-4852-b284-8b4cfc18858b.jpg,"
Giant Eagle,Minute Maid Sugar Fruit Punch Bottle,$3.49,,,52 fl oz,['Zero Sugar'],,"https://www.instacart.com/image-server/257x257/filters:fill(FFF,true):format(jpg)/d2lnr5mha7bycj.cloudfront.net/product-image/file/large_43d49fe3-7394-417a-82c8-11b515e5f6ce.jpg,"
Giant Eagle,Welch's 100% Grape Juice,$5.99,,,64 fl oz • 4 options,['No Sugar Added'],Many in stock,"https://www.instacart.com/image-server/257x257/filters:fill(FFF,true):format(jpg)/d2lnr5mha7bycj.cloudfront.net/product-image/file/large_d2b60f7e-d78b-465b-abe5-1cdcf051e53c.jpg,"
Giant Eagle,Florida's Natural 100% Premium Florida Orange Juice No Pulp,$4.49,,,52 fl oz,['No Sugar Added'],Many in stock,"https://www.instacart.com/image-server/257x257/filters:fill(FFF,true):format(jpg)/d2lnr5mha7bycj.cloudfront.net/product-image/file/large_e7f5272b-e1b6-431a-a352-0601fd7d8f9e.png,"
Giant Eagle,Ocean Spray Cranberry Raspberry Juice Drink,$3.99,,,64 fl oz • 2 options,[],Many in stock,"https://www.instacart.com/image-server/257x257/filters:fill(FFF,true):format(jpg)/d2lnr5mha7bycj.cloudfront.net/product-image/file/large_b82a5409-667d-48ef-ace7-97ef3dbb1542.jpg,"
Giant Eagle,V8 Fruit Medley Flavored Juice Beverage,$3.49,,,64 fl oz,[],Many in stock,"https://www.instacart.com/image-server/257x257/filters:fill(FFF,true):format(jpg)/d2lnr5mha7bycj.cloudfront.net/product-image/file/large_d6c265ef-d0f1-4bb3-8b10-48382faa435a.jpg,"
Giant Eagle,Welch's Orange Pineapple Apple Juice Cocktail,$4.59,,,64 fl oz,[],,"https://www.instacart.com/image-server/257x257/filters:fill(FFF,true):format(jpg)/d2lnr5mha7bycj.cloudfront.net/product-image/file/large_c7c10dd8-32f9-477a-b4c5-06f654e6c609.jpg,"
Giant Eagle,V8 Strawberry Banana 100% Juice,$4.99,,,46 fl oz,['No Sugar Added'],Many in stock,"https://www.instacart.com/image-server/257x257/filters:fill(FFF,true):format(jpg)/d2lnr5mha7bycj.cloudfront.net/product-image/file/large_b040aa3d-48a6-4934-b14f-9d501f622072.jpg,"
Giant Eagle,Mott's 100% Original Apple Juice,$4.99,,,64 fl oz • 4 options,['No Sugar Added'],Many in stock,"https://www.instacart.com/image-server/257x257/filters:fill(FFF,true):format(jpg)/d2lnr5mha7bycj.cloudfront.net/product-image/file/large_28a39fa2-e972-40f4-8e1c-fdf0ff64f73e.jpg,"
Giant Eagle,"Goya Nectar, Mango",$2.99,,,fl oz,[],,"https://www.instacart.com/image-server/257x257/filters:fill(FFF,true):format(jpg)/d2lnr5mha7bycj.cloudfront.net/product-image/file/large_f0052a5c-1464-4e96-a909-6f4fa1a21554.png,"
Giant Eagle,Mott's 100% Original Apple Juice,$3.99,,,6 x 8 fl oz • 4 options,['No Sugar Added'],,"https://www.instacart.com/image-server/257x257/filters:fill(FFF,true):format(jpg)/d2lnr5mha7bycj.cloudfront.net/product-image/file/large_ca2d54c3-a6a0-4088-9ed7-12926aadb110.jpg,"
Giant Eagle,Simply Apple Juice,$4.99,,,52 fl oz,[],,"https://www.instacart.com/image-server/257x257/filters:fill(FFF,true):format(jpg)/d2lnr5mha7bycj.cloudfront.net/product-image/file/large_69608735-ed60-4cd1-8797-32d69d70b4d5.jpg,"
Giant Eagle,Welch's Light Concord Grape Juice Beverage,$5.99,,,64 fl oz,[],,"https://www.instacart.com/image-server/257x257/filters:fill(FFF,true):format(jpg)/d2lnr5mha7bycj.cloudfront.net/product-image/file/large_075ecf54-8bc2-4d27-bc18-e71fe6e94ddb.jpg,"
Giant Eagle,Simply Orange Pulp Free Orange Juice,$2.49,,,11.5 fl oz • 4 options,[],,"https://www.instacart.com/image-server/257x257/filters:fill(FFF,true):format(jpg)/d2lnr5mha7bycj.cloudfront.net/product-image/file/large_b2616adb-8271-4d18-b161-35cd88d7ba5e.jpg,"
Giant Eagle,V8 Pomegranate Blueberry 100% Juice,$4.99,,,46 fl oz,['No Sugar Added'],,"https://www.instacart.com/image-server/257x257/filters:fill(FFF,true):format(jpg)/d2lnr5mha7bycj.cloudfront.net/product-image/file/large_c8f89b15-eb35-458e-8866-e2e3a2681f59.jpg,"
Giant Eagle,Ocean Spray Cranberry Blueberry Acai Flavored Juice Drink,$5.99,,,60 fl oz,['Zero Sugar'],,"https://www.instacart.com/image-server/257x257/filters:fill(FFF,true):format(jpg)/d2lnr5mha7bycj.cloudfront.net/product-image/file/large_7aee6a4f-a7e6-4e3d-99a3-bfcdfea43e5f.png,"
Giant Eagle,"Me & the Bees Lemonade Lemonade, with Prickly Pear",$2.99,,,12 fl oz,[],,"https://www.instacart.com/image-server/257x257/filters:fill(FFF,true):format(jpg)/d2lnr5mha7bycj.cloudfront.net/product-image/file/large_22026d2d-4ba5-4ea3-a683-6109b93d2d3a.png,"
Giant Eagle,Florida's Natural 100% Premium Florida Orange Juice Calcium & Vitamin D No Pulp,$4.49,,,52 fl oz,['No Sugar Added'],Many in stock,"https://www.instacart.com/image-server/257x257/filters:fill(FFF,true):format(jpg)/d2lnr5mha7bycj.cloudfront.net/product-image/file/large_46f15072-95a9-497a-a642-da3890ee471b.png,"
Giant Eagle,Ocean Spray Orange Mango Juice Drink,$5.99,,,60 fl oz,['Zero Sugar'],,"https://www.instacart.com/image-server/257x257/filters:fill(FFF,true):format(jpg)/d2lnr5mha7bycj.cloudfront.net/product-image/file/large_bd0f1431-5ea5-4423-8671-c88871b658c7.png,"
Giant Eagle,Ocean Spray Cranberry Juice Drink,$5.99,,,3 L • 3 options,[],,"https://www.instacart.com/image-server/257x257/filters:fill(FFF,true):format(jpg)/d2lnr5mha7bycj.cloudfront.net/product-image/file/large_9494d39e-fe8b-4b7a-819c-7714e39abae8.jpg,"
Giant Eagle,"POM Wonderful 100% Juice, Pomegranate Cherry",$4.99,,,16 fl oz,['No Sugar Added'],,"https://www.instacart.com/image-server/257x257/filters:fill(FFF,true):format(jpg)/d2lnr5mha7bycj.cloudfront.net/product-image/file/large_4aee9d44-69bf-49a6-9ab5-e6411a30e1b9.png,"
Giant Eagle,"Spice World Garlic, Minced",$2.99,,,4.5 oz container,['Vegan'],,"https://www.instacart.com/image-server/257x257/filters:fill(FFF,true):format(jpg)/d2lnr5mha7bycj.cloudfront.net/product-image/file/large_4b33be64-0dd1-47fa-b72d-93502d51d9ea.png,"
Giant Eagle,Heinz Tomato Ketchup,$4.99,,,20 oz,[],Many in stock,"https://www.instacart.com/image-server/257x257/filters:fill(FFF,true):format(jpg)/d2lnr5mha7bycj.cloudfront.net/product-image/file/large_01b297ae-8fd8-4439-b88e-2e8298536bd9.jpg,"
Giant Eagle,Maille Pickles Cornichons Original,$8.99,,,14 fl oz,[],Many in stock,"https://www.instacart.com/image-server/257x257/filters:fill(FFF,true):format(jpg)/d2lnr5mha7bycj.cloudfront.net/product-image/file/large_a23efb29-87cb-4020-947a-ed787f7851bb.png,"
Giant Eagle,Hidden Valley Ranch Salad Dressing,$4.99,,,16 fl oz,[],,"https://www.instacart.com/image-server/257x257/filters:fill(FFF,true):format(jpg)/d2lnr5mha7bycj.cloudfront.net/product-image/file/large_873bdc5e-230d-44a4-a2e1-18645b61cfbd.jpg,"
Giant Eagle,Prego Traditional Pasta Sauce,$2.99,,,24 oz,['Gluten-Free'],,"https://www.instacart.com/image-server/257x257/filters:fill(FFF,true):format(jpg)/d2lnr5mha7bycj.cloudfront.net/product-image/file/large_f72c9476-f827-415d-ba7c-b66289d63fa7.jpg,"
Giant Eagle,Hunt's Tomato Ketchup,$2.49,,,20 oz,[],Many in stock,"https://www.instacart.com/image-server/257x257/filters:fill(FFF,true):format(jpg)/d2lnr5mha7bycj.cloudfront.net/product-image/file/large_f69a177e-ea5c-4de4-bd94-6b3c169e82e3.jpeg,"
Giant Eagle,Hellmann's Light Mayonnaise Light Mayo Squeeze Bottle,$6.99,,,20 oz,[],Many in stock,"https://www.instacart.com/image-server/257x257/filters:fill(FFF,true):format(jpg)/d2lnr5mha7bycj.cloudfront.net/product-image/file/large_a5ecc7e2-8e69-484e-a751-0869367ebeae.png,"
Giant Eagle,Ragu Classic Alfredo Sauce,$2.69,,,16 oz,[],,"https://www.instacart.com/image-server/257x257/filters:fill(FFF,true):format(jpg)/d2lnr5mha7bycj.cloudfront.net/product-image/file/large_3ca0b882-2828-4264-a4c9-fa4047d4f5fd.jpg,"
Giant Eagle,Chick-Fil-A Sauce,$5.49,,,16 fl oz,[],Many in stock,"https://www.instacart.com/image-server/257x257/filters:fill(FFF,true):format(jpg)/d2lnr5mha7bycj.cloudfront.net/product-image/file/large_0575fdbf-8d9d-47fd-afc9-167f9fc31dac.png,"
Giant Eagle,Frank's RedHot® Original Cayenne Pepper Hot Sauce,$5.99,,,12 oz,['Vegan'],,"https://www.instacart.com/image-server/257x257/filters:fill(FFF,true):format(jpg)/d2lnr5mha7bycj.cloudfront.net/product-image/file/large_e8696c44-20cb-4b36-a06b-3d1c438699ba.jpg,"
Giant Eagle,Heinz Country-Style Sausage Gravy,$2.99,,,12 oz,[],Many in stock,"https://www.instacart.com/image-server/257x257/filters:fill(FFF,true):format(jpg)/d2lnr5mha7bycj.cloudfront.net/product-image/file/large_09f28851-b838-48d2-91b7-bdf5671b737f.jpg,"
Giant Eagle,Giant Eagle Mayo Real Mayonnaise,$3.99,,,30 fl oz,[],Many in stock,"https://www.instacart.com/image-server/257x257/filters:fill(FFF,true):format(jpg)/d2lnr5mha7bycj.cloudfront.net/product-image/file/large_854faffe-0c8a-435a-9b24-e24d71f60864.png,"
Giant Eagle,"Spice World Garlic, Minced",$7.99,,,32 oz,['Vegan'],Many in stock,"https://www.instacart.com/image-server/257x257/filters:fill(FFF,true):format(jpg)/d2lnr5mha7bycj.cloudfront.net/product-image/file/large_e8c55959-a764-4396-8ea4-9050f2621f85.png,"
Giant Eagle,"Ken's Steak House Dressing, Topping & Spread, Ranch",$5.09,,,24 fl oz,[],Many in stock,"https://www.instacart.com/image-server/257x257/filters:fill(FFF,true):format(jpg)/d2lnr5mha7bycj.cloudfront.net/product-image/file/large_e89fbdb0-119b-462c-9391-f97f2192ef10.png,"
Giant Eagle,"Litehouse Dressing & Dip, Jalapeno Ranch, Family Size",$5.99,,,20 fl oz,[],,"https://www.instacart.com/image-server/257x257/filters:fill(FFF,true):format(jpg)/d2lnr5mha7bycj.cloudfront.net/product-image/file/large_6876a652-89ba-45fc-9457-d2aafe4362d6.png,"
Giant Eagle,Taco Bell Mild Sauce,$2.29,,,7.5 oz,[],Many in stock,"https://www.instacart.com/image-server/257x257/filters:fill(FFF,true):format(jpg)/d2lnr5mha7bycj.cloudfront.net/product-image/file/large_b57fa42c-9d9a-46a4-a2c3-9060595e8801.jpg,"
Giant Eagle,Miracle Whip Dressing,$5.99,,,15 fl oz,[],Many in stock,"https://www.instacart.com/image-server/257x257/filters:fill(FFF,true):format(jpg)/d2lnr5mha7bycj.cloudfront.net/product-image/file/large_34b20ed8-df97-4fb8-8e5e-f31f7746f1ea.jpg,"
Giant Eagle,Giant Eagle Worcestershire Sauce,$1.99,,,10 fl oz,['Gluten-Free'],,"https://www.instacart.com/image-server/257x257/filters:fill(FFF,true):format(jpg)/d2lnr5mha7bycj.cloudfront.net/product-image/file/large_efdd52f9-c43b-4849-921b-05f306d3375b.png,"
Giant Eagle,Hellmann's Light Mayonnaise Light Mayo,$6.99,,,30 oz,[],Many in stock,"https://www.instacart.com/image-server/257x257/filters:fill(FFF,true):format(jpg)/d2lnr5mha7bycj.cloudfront.net/product-image/file/large_d265f412-00f6-40cd-a1d0-5c4003ec7502.png,"
Giant Eagle,Vlasic Kosher Dill Spears Pickles,$3.99,,,24 fl oz,[],,"https://www.instacart.com/image-server/257x257/filters:fill(FFF,true):format(jpg)/d2lnr5mha7bycj.cloudfront.net/product-image/file/large_ea078edb-e24a-4821-a64c-5f422a03f08d.jpg,"
Giant Eagle,Hidden Valley Original Ranch Salad Dressing & Topping,$6.99,,,24 fl oz,[],,"https://www.instacart.com/image-server/257x257/filters:fill(FFF,true):format(jpg)/d2lnr5mha7bycj.cloudfront.net/product-image/file/large_f88adaac-eff8-458e-93a7-c66955f7c2a7.jpg,"
Giant Eagle,Classico Roasted Garlic & Tomato Spaghetti Pasta Sauce,$3.99,,,24 oz,"['Gluten-Free', 'Vegan']",,"https://www.instacart.com/image-server/257x257/filters:fill(FFF,true):format(jpg)/d2lnr5mha7bycj.cloudfront.net/product-image/file/large_6a741d66-d7b1-4ad9-987a-da7a2c0d9648.jpg,"
Giant Eagle,"Litehouse Dressing & Dip, Homestyle Ranch, Family Size",$5.99,,,20 oz,[],,"https://www.instacart.com/image-server/257x257/filters:fill(FFF,true):format(jpg)/d2lnr5mha7bycj.cloudfront.net/product-image/file/large_f1b762ef-750b-49d1-9008-c8febb71568c.png,"
Giant Eagle,Ragu Kettle Cooked Marinara Pasta Sauce,$2.99,,,24 oz,['Vegan'],Many in stock,"https://www.instacart.com/image-server/257x257/filters:fill(FFF,true):format(jpg)/d2lnr5mha7bycj.cloudfront.net/product-image/file/large_9aaf7ce8-ce81-46fe-bd3c-0aa5405abb20.jpg,"
Giant Eagle,"Duke's Mayonnaise, Real, Smooth & Creamy",$5.99,,,30 fl oz,[],Many in stock,"https://www.instacart.com/image-server/257x257/filters:fill(FFF,true):format(jpg)/d2lnr5mha7bycj.cloudfront.net/product-image/file/large_c0d674fe-ef7a-44a1-9235-a94d1cc60eff.png,"
Giant Eagle,"Tostitos Salsa Con Queso, Medium",$5.39,,,15 oz,[],,"https://www.instacart.com/image-server/257x257/filters:fill(FFF,true):format(jpg)/d2lnr5mha7bycj.cloudfront.net/product-image/file/large_d91aa032-b7a6-4a8f-89dc-5ae529b2baaf.png,"
Giant Eagle,"Newman's Own Dressing, Lemon Basil Vinaigrette",$4.99,,,16 fl oz,[],Many in stock,"https://www.instacart.com/image-server/257x257/filters:fill(FFF,true):format(jpg)/d2lnr5mha7bycj.cloudfront.net/product-image/file/large_7aa3aa71-8b30-4733-9724-a58a3f434791.png,"
Giant Eagle,Prego Roasted Garlic & Herb Pasta Sauce,$2.99,,,24 oz,['Gluten-Free'],,"https://www.instacart.com/image-server/257x257/filters:fill(FFF,true):format(jpg)/d2lnr5mha7bycj.cloudfront.net/product-image/file/large_9ea22a33-52db-4679-bbaa-e716b07f0526.jpg,"
Giant Eagle,Manwich Original Sloppy Joe Sauce Canned Sauce,$1.59,,,15 oz,[],,"https://www.instacart.com/image-server/257x257/filters:fill(FFF,true):format(jpg)/d2lnr5mha7bycj.cloudfront.net/product-image/file/large_3e8e2acb-94e8-4686-be72-8d3006d8ebc6.png,"
Giant Eagle,"Olive Garden Italian Dressing, Signature",$4.99,,,16 fl oz,[],Many in stock,"https://www.instacart.com/image-server/257x257/filters:fill(FFF,true):format(jpg)/d2lnr5mha7bycj.cloudfront.net/product-image/file/large_63a0d510-b01d-4171-a1a4-1a2c360bf6f9.png,"
Giant Eagle,"Marzetti Dressing & Dip, Blue Cheese, Signature",$4.99,,,13 fl oz,[],,"https://www.instacart.com/image-server/257x257/filters:fill(FFF,true):format(jpg)/d2lnr5mha7bycj.cloudfront.net/product-image/file/large_689c8854-bcb0-4cbd-bcbe-95290c3d1275.png,"
Giant Eagle,"Castleberry's Chili Sauce, Hot Dog, Original",$1.29,,,10 oz,['Gluten-Free'],,"https://www.instacart.com/image-server/257x257/filters:fill(FFF,true):format(jpg)/d2lnr5mha7bycj.cloudfront.net/product-image/file/large_8bbfb722-ffef-4728-b478-4b6b2b6cc1c3.png,"
Giant Eagle,Ragu Kettle Cooked Roasted Garlic Pasta Sauce,$2.99,,,24 oz,['Vegan'],Many in stock,"https://www.instacart.com/image-server/257x257/filters:fill(FFF,true):format(jpg)/d2lnr5mha7bycj.cloudfront.net/product-image/file/large_c8d120c6-5d95-4e97-9bed-19bf8657c06e.jpg,"
Giant Eagle,Classico Four Cheese Tomato Spaghetti Pasta Sauce,$3.99,,,24 oz,['Gluten-Free'],Many in stock,"https://www.instacart.com/image-server/257x257/filters:fill(FFF,true):format(jpg)/d2lnr5mha7bycj.cloudfront.net/product-image/file/large_fb2a2c35-65c6-4a56-9275-bce5074e1c93.jpg,"
Giant Eagle,"Newman's Own Vinaigrette, White Balsamic",$4.99,,,16 fl oz,[],,"https://www.instacart.com/image-server/257x257/filters:fill(FFF,true):format(jpg)/d2lnr5mha7bycj.cloudfront.net/product-image/file/large_d2236be3-4626-435c-b15d-69f409e7584e.png,"
Giant Eagle,Claussen Kosher Dill Pickle Sandwich Slices,$5.99,,,20 fl oz,[],,"https://www.instacart.com/image-server/257x257/filters:fill(FFF,true):format(jpg)/d2lnr5mha7bycj.cloudfront.net/product-image/file/large_f3e6ebb4-58ec-446d-a796-a4ce6f17fea7.jpg,"
Giant Eagle,"Giant Eagle Original Mild Loaded With Onions, Bell Peppers, Cilantro & Garlic Salsa",$4.99,,,16 oz,[],,"https://www.instacart.com/image-server/257x257/filters:fill(FFF,true):format(jpg)/d2lnr5mha7bycj.cloudfront.net/product-image/file/large_3bcdeb04-09e3-4936-b3d0-dcc8e21d533a.png,"
Giant Eagle,"Buffalo Wild Wings Sauce, Parmesan Garlic",$4.29,,,12 fl oz,[],,"https://www.instacart.com/image-server/257x257/filters:fill(FFF,true):format(jpg)/d2lnr5mha7bycj.cloudfront.net/product-image/file/large_274d42ab-706b-48aa-88a2-c3929ccf04e7.png,"
Giant Eagle,"Marzetti Veggie Dip Singles, Ranch, Snack Size",$4.99,,,6 x 1.5 oz,[],,"https://www.instacart.com/image-server/257x257/filters:fill(FFF,true):format(jpg)/d2lnr5mha7bycj.cloudfront.net/product-image/file/large_d8b3587a-f586-4223-a82d-1f277e7ef77e.png,"
Giant Eagle,A.1. Original Steak Sauce,$6.99,,,10 oz,['Vegan'],,"https://www.instacart.com/image-server/257x257/filters:fill(FFF,true):format(jpg)/d2lnr5mha7bycj.cloudfront.net/product-image/file/large_0402af16-edf4-47c3-b104-c3bf8bafee5c.jpg,"
Giant Eagle,Cortland Valley Organic Sauerkraut,$3.99,,,,"['Vegan', 'Organic']",,"https://www.instacart.com/image-server/257x257/filters:fill(FFF,true):format(jpg)/d2lnr5mha7bycj.cloudfront.net/product-image/file/large_963eff53-cd9c-4121-86fc-4fe922df5657.png,"
Giant Eagle,"Tostitos Chunky Salsa, Mild",$4.39,,,15.5 oz,[],,"https://www.instacart.com/image-server/257x257/filters:fill(FFF,true):format(jpg)/d2lnr5mha7bycj.cloudfront.net/product-image/file/large_fe08fa3b-90f9-4bed-8059-9c523698e54f.png,"
Giant Eagle,"Litehouse Dressing & Dip, Chunky Blue Cheese, Family Size",$5.99,,,20 fl oz,[],,"https://www.instacart.com/image-server/257x257/filters:fill(FFF,true):format(jpg)/d2lnr5mha7bycj.cloudfront.net/product-image/file/large_69de1d8e-5b4f-4878-a0de-55b20c1f5ba9.png,"
Giant Eagle,Hunt's Garlic & Herb Pasta Sauce,$1.59,,,24 oz,[],,"https://www.instacart.com/image-server/257x257/filters:fill(FFF,true):format(jpg)/d2lnr5mha7bycj.cloudfront.net/product-image/file/large_ce8d016f-d603-4806-b01a-3a4e299f6480.jpg,"
Giant Eagle,Ragu Kettle Cooked Tomato Basil Pasta Sauce,$2.99,,,24 oz,['Vegan'],Many in stock,"https://www.instacart.com/image-server/257x257/filters:fill(FFF,true):format(jpg)/d2lnr5mha7bycj.cloudfront.net/product-image/file/large_dd8701c7-e9fb-4204-9c42-4f3a8516af42.jpg,"
Giant Eagle,Frank's RedHot® Original Cayenne Pepper Hot Wing Sauce,$3.49,,,5 fl oz,[],,"https://www.instacart.com/image-server/257x257/filters:fill(FFF,true):format(jpg)/d2lnr5mha7bycj.cloudfront.net/product-image/file/large_e043d1a2-02f6-4f5d-af60-056abeca5a3e.jpg,"
Giant Eagle,"Newman's Own Dressing, Family Recipe, Italian",$4.99,,,16 fl oz,[],,"https://www.instacart.com/image-server/257x257/filters:fill(FFF,true):format(jpg)/d2lnr5mha7bycj.cloudfront.net/product-image/file/large_a8026331-259a-43d7-85da-2db0d7a416b1.png,"
Giant Eagle,"MID’S Pasta Sauce, Traditional",$5.99,,,28 oz,['Gluten-Free'],,"https://www.instacart.com/image-server/257x257/filters:fill(FFF,true):format(jpg)/d2lnr5mha7bycj.cloudfront.net/product-image/file/large_90197c15-2f75-4cd1-a73d-2b9d936b5534.png,"
Giant Eagle,Frank's RedHot® Original Cayenne Pepper Hot Sauce,$7.99,,,23 fl oz,['Vegan'],,"https://www.instacart.com/image-server/257x257/filters:fill(FFF,true):format(jpg)/d2lnr5mha7bycj.cloudfront.net/product-image/file/large_ae5a215a-69e7-4235-aed4-56832c27f185.jpg,"
Giant Eagle,Maruchan Beef Flavor Ramen Noodle Soup,$3.99,,,12 x 3 oz,[],,"https://www.instacart.com/image-server/257x257/filters:fill(FFF,true):format(jpg)/d2lnr5mha7bycj.cloudfront.net/product-image/file/large_acf6e946-1669-4ea7-9d5a-2693b13b85b7.png,"
Giant Eagle,"Maruchan Ramen Noodle Soup, Beef Flavor",$1.99,,,18 oz,[],,"https://www.instacart.com/image-server/257x257/filters:fill(FFF,true):format(jpg)/d2lnr5mha7bycj.cloudfront.net/product-image/file/large_95992b94-e69c-45ad-97c9-0eeefbac6256.png,"
Giant Eagle,"Kikkoman Noodle Kit with Sauce, Spicy Garlic",$3.99,,,4.8 oz,[],,"https://www.instacart.com/image-server/257x257/filters:fill(FFF,true):format(jpg)/d2lnr5mha7bycj.cloudfront.net/product-image/file/large_99ab373f-e0a9-42b9-8b3e-d689bdfadf7b.png,"
Giant Eagle,Nissin Top Ramen Chicken Flavor Ramen Noodle Soup,$2.69,,,6 x 3 oz,[],,"https://www.instacart.com/image-server/257x257/filters:fill(FFF,true):format(jpg)/d2lnr5mha7bycj.cloudfront.net/product-image/file/large_8297957a-4fa8-4642-8553-47b16faab26b.png,"
Giant Eagle,Nissin Noodle Soup Beef,$3.99,,,12 ct,[],Many in stock,"https://www.instacart.com/image-server/257x257/filters:fill(FFF,true):format(jpg)/d2lnr5mha7bycj.cloudfront.net/product-image/file/large_0b81df31-99cf-4479-9283-d64c884d0c5a.png,"
Giant Eagle,"Maruchan Ramen Noodle Soup, Chicken Flavor, Souper 6-Pack",$1.99,,,18 oz,[],,"https://www.instacart.com/image-server/257x257/filters:fill(FFF,true):format(jpg)/d2lnr5mha7bycj.cloudfront.net/product-image/file/large_da073396-c49d-4a04-8728-1edfe265180c.png,"
Giant Eagle,"Kikkoman Noodle Kit, Teriyaki Sesame",$3.99,,,4.8 oz,[],,"https://www.instacart.com/image-server/257x257/filters:fill(FFF,true):format(jpg)/d2lnr5mha7bycj.cloudfront.net/product-image/file/large_1910d713-0a2c-4e74-b246-691b67a62519.png,"
Giant Eagle,"Maruchan Ramen Noodle Soup, Beef Flavor",$0.59,,,2.25 oz,[],Many in stock,"https://www.instacart.com/image-server/257x257/filters:fill(FFF,true):format(jpg)/d2lnr5mha7bycj.cloudfront.net/product-image/file/large_05fcaaca-e31a-4bb7-9674-4cc84fd9812e.png,"
Giant Eagle,Nissin Cup Noodles Teriyaki Beef Flavor Stir Fry,$1.49,,,3 oz,[],,"https://www.instacart.com/image-server/257x257/filters:fill(FFF,true):format(jpg)/d2lnr5mha7bycj.cloudfront.net/product-image/file/large_c1df9824-2313-4cb1-abbc-709b68b2f311.png,"
Giant Eagle,Nissin Hot & Spicy Fire Wok Molten Chili Chicken Flavor Stir Fry Asian Noodles in Sauce,$1.69,,,4.37 oz,[],,"https://www.instacart.com/image-server/257x257/filters:fill(FFF,true):format(jpg)/d2lnr5mha7bycj.cloudfront.net/product-image/file/large_763a8b3d-ea9a-4f8c-a705-cf58bccbaf75.png,"
Giant Eagle,"Maruchan Ramen Noodle Soup, Beef Flavor",$0.49,,,3 oz,[],Many in stock,"https://www.instacart.com/image-server/257x257/filters:fill(FFF,true):format(jpg)/d2lnr5mha7bycj.cloudfront.net/product-image/file/large_cd486c02-8cad-4d34-b4f2-e3c4855b5919.png,"
Giant Eagle,"Nissin Top Ramen Soup, Ramen Noodle, Chicken Flavor",$3.99,,,12 x 3 oz,[],,"https://www.instacart.com/image-server/257x257/filters:fill(FFF,true):format(jpg)/d2lnr5mha7bycj.cloudfront.net/product-image/file/large_57fd6fde-4e54-4b64-ad6e-77824ba33928.png,"
Giant Eagle,Nissin Hot & Spicy Fire Wok Sizzlin' Rich Pork Flavor Stir Fry Asian Noodles in Sauce,$1.69,,,4.37 oz,[],,"https://www.instacart.com/image-server/257x257/filters:fill(FFF,true):format(jpg)/d2lnr5mha7bycj.cloudfront.net/product-image/file/large_d012b312-e6f3-4b1b-a7cf-7138cd0a1013.png,"
Giant Eagle,"RAMEN EXPRESS by Chef Woo Soy Sauce Ramen Noodle Pack by Chef Woo, No MSG, Halal",$0.49,,,3 oz,[],,"https://www.instacart.com/image-server/257x257/filters:fill(FFF,true):format(jpg)/d2lnr5mha7bycj.cloudfront.net/product-image/file/large_b3c9ee0e-8c00-4565-964b-8b1f20ac38b0.png,"
Giant Eagle,"Nissin Ramen Noodle Soup, Chicken Flavor, 6 Pack",$3.99,,,13.5 oz,[],,"https://www.instacart.com/image-server/257x257/filters:fill(FFF,true):format(jpg)/d2lnr5mha7bycj.cloudfront.net/product-image/file/large_2a8b375e-dc88-44bd-abc0-539576608976.png,"
Giant Eagle,"Maruchan Ramen Bowl, Chicken Flavor",$1.69,,,3.31 oz,[],,"https://www.instacart.com/image-server/257x257/filters:fill(FFF,true):format(jpg)/d2lnr5mha7bycj.cloudfront.net/product-image/file/large_5868096b-76f1-4938-a0d3-3caa75240c94.png,"
Giant Eagle,"Nissin Asian Noodles in Sauce, Sweet Chili Flavor, Stir Fry Style",$1.49,,,2.89 oz,[],,"https://www.instacart.com/image-server/257x257/filters:fill(FFF,true):format(jpg)/d2lnr5mha7bycj.cloudfront.net/product-image/file/large_7ee9ce9c-96a5-4efd-b59c-cfbcaf952aa8.png,"
Giant Eagle,"Maruchan Fire Yakisoba, Spicy Beef",$1.39,,,3.99 oz,[],,"https://www.instacart.com/image-server/257x257/filters:fill(FFF,true):format(jpg)/d2lnr5mha7bycj.cloudfront.net/product-image/file/large_15f88f9c-9116-4498-b3d1-09cfcb6aaed5.png,"
Giant Eagle,Nissin Top Ramen Chicken Flavor Ramen Noodle Soup,$1.49,,,3.42 oz,[],,"https://www.instacart.com/image-server/257x257/filters:fill(FFF,true):format(jpg)/d2lnr5mha7bycj.cloudfront.net/product-image/file/large_8e3d344b-9e8f-4805-9068-6e90cbf1fb4a.png,"
Giant Eagle,Nissin Teriyaki Beef Flavor Noodles,$1.59,,,4 oz,[],,"https://www.instacart.com/image-server/257x257/filters:fill(FFF,true):format(jpg)/d2lnr5mha7bycj.cloudfront.net/product-image/file/large_4330b314-d773-483f-a5b8-0d84c485e49f.png,"
Giant Eagle,Thai Kitchen Gluten Free Garlic & Vegetable Instant Rice Noodle Soup,$1.99,,,1.6 oz,[],,"https://www.instacart.com/image-server/257x257/filters:fill(FFF,true):format(jpg)/d2lnr5mha7bycj.cloudfront.net/product-image/file/large_26e79780-59aa-4026-b6cd-77f0f6d2b71c.jpg,"
Giant Eagle,"Maruchan Soup, Ramen Noodle, Oriental Flavor",$0.49,,,3 oz,[],Many in stock,"https://www.instacart.com/image-server/257x257/filters:fill(FFF,true):format(jpg)/d2lnr5mha7bycj.cloudfront.net/product-image/file/large_b29b63e4-a5a3-48a2-b707-482bea39623d.png,"
Giant Eagle,"Nongshim Bowl Noodles, Spicy Chicken Flavor",$2.59,,,3.03 oz,[],,"https://www.instacart.com/image-server/257x257/filters:fill(FFF,true):format(jpg)/d2lnr5mha7bycj.cloudfront.net/product-image/file/large_eef0a029-9e4d-4719-81f7-db2b44267ea8.png,"
Giant Eagle,"Nongshim Bowl Noodles, Spicy Shrimp Flavor",$2.59,,,3.03 oz,[],,"https://www.instacart.com/image-server/257x257/filters:fill(FFF,true):format(jpg)/d2lnr5mha7bycj.cloudfront.net/product-image/file/large_ec22cf2c-4ed0-488b-b339-6d7f4a00d3e9.png,"
Giant Eagle,Thai Kitchen Gluten Free Thin Rice Noodles,$6.99,,,8.8 oz,['Vegan'],,"https://www.instacart.com/image-server/257x257/filters:fill(FFF,true):format(jpg)/d2lnr5mha7bycj.cloudfront.net/product-image/file/large_2f469774-3317-422e-903a-f330b16eaa08.jpg,"
Giant Eagle,"Maruchan Soup, Ramen Noodle, Chicken Flavor",$0.49,,,3 oz,[],,"https://www.instacart.com/image-server/257x257/filters:fill(FFF,true):format(jpg)/d2lnr5mha7bycj.cloudfront.net/product-image/file/large_89b1c166-02c7-4652-8841-52d68fd432cb.png,"
Giant Eagle,"Maruchan Soup, Ramen Noodle, Shrimp Flavor",$0.49,,,3 oz,[],Many in stock,"https://www.instacart.com/image-server/257x257/filters:fill(FFF,true):format(jpg)/d2lnr5mha7bycj.cloudfront.net/product-image/file/large_86510e5f-56dc-48b8-9b39-6367cceb91e3.png,"
Giant Eagle,"Maruchan Noodle Soup, Creamy Chicken Flavor",$0.49,,,3 oz,[],,"https://www.instacart.com/image-server/257x257/filters:fill(FFF,true):format(jpg)/d2lnr5mha7bycj.cloudfront.net/product-image/file/large_d5a55210-e9d1-468b-8fa1-4792885a6b02.png,"
Giant Eagle,Thai Kitchen Gluten Free Lemongrass & Chili Instant Rice Noodle Soup,$1.99,,,1.6 oz,[],,"https://www.instacart.com/image-server/257x257/filters:fill(FFF,true):format(jpg)/d2lnr5mha7bycj.cloudfront.net/product-image/file/large_dc404b1b-af61-4c83-8473-12d56f1e88fd.jpg,"
Giant Eagle,"Nongshim Shin Noodles, Gourmet Spicy",$2.59,,,3.03 oz,[],,"https://www.instacart.com/image-server/257x257/filters:fill(FFF,true):format(jpg)/d2lnr5mha7bycj.cloudfront.net/product-image/file/large_763a35f3-50b6-4cb4-a437-340793b2a317.png,"
Giant Eagle,Nissin Hot & Spicy Fiery Beef Flavor Ramen Noodle Soup,$1.59,,,3.28 oz,[],,"https://www.instacart.com/image-server/257x257/filters:fill(FFF,true):format(jpg)/d2lnr5mha7bycj.cloudfront.net/product-image/file/large_ce60d75a-b53b-4431-9d16-021d8f72259f.png,"
Giant Eagle,"Maruchan Soup, Ramen Noodle, Roast Chicken Flavor",$0.49,,,3 oz,[],,"https://www.instacart.com/image-server/257x257/filters:fill(FFF,true):format(jpg)/d2lnr5mha7bycj.cloudfront.net/product-image/file/large_5620e209-00ea-46e1-ba2f-9b7f7f705aa6.png,"
Giant Eagle,"RAMEN EXPRESS by Chef Woo Chicken Ramen Noodle Cup by Chef Woo, No MSG",$0.99,,,2.25 oz,['Vegan'],,"https://www.instacart.com/image-server/257x257/filters:fill(FFF,true):format(jpg)/d2lnr5mha7bycj.cloudfront.net/product-image/file/large_3dbd6260-086d-4578-a518-bd3af5e1f62a.png,"
Giant Eagle,"Maruchan Yakisoba, Teriyaki Chicken Flavor",$1.39,,,3.98 oz,[],,"https://www.instacart.com/image-server/257x257/filters:fill(FFF,true):format(jpg)/d2lnr5mha7bycj.cloudfront.net/product-image/file/large_8c573597-6354-4d00-ba10-54d211dde0d6.png,"
Giant Eagle,Maruchan Yakisoba Teriyaki Beef Flavor,$1.39,,,4 oz,[],,"https://www.instacart.com/image-server/257x257/filters:fill(FFF,true):format(jpg)/d2lnr5mha7bycj.cloudfront.net/product-image/file/large_6a5cf1d6-cb56-44cf-a331-b54080270703.png,"
Giant Eagle,Nongshim Shin Ramyun Noodles (Case),$2.29,,,4.23 oz,[],,"https://www.instacart.com/image-server/257x257/filters:fill(FFF,true):format(jpg)/d2lnr5mha7bycj.cloudfront.net/product-image/file/large_0393133c-0bad-4ee3-b815-78fee91fb250.png,"
Giant Eagle,RAMEN EXPRESS by Chef Woo Hotter and Spicier Ramen Noodle Cup by Chef Woo,$0.99,,,2.25 oz,['Vegan'],,"https://www.instacart.com/image-server/257x257/filters:fill(FFF,true):format(jpg)/d2lnr5mha7bycj.cloudfront.net/product-image/file/large_9e6e7118-87dc-4bb8-b735-b74d1576a39a.png,"
Giant Eagle,KOYO Shiitake Mushroom Ramen,$1.99,,,2 x 2 oz,['Vegan'],,"https://www.instacart.com/image-server/257x257/filters:fill(FFF,true):format(jpg)/d2lnr5mha7bycj.cloudfront.net/product-image/file/large_e1d6951f-59cb-4c56-8610-7a5cec3c3e6c.png,"
Giant Eagle,"Maruchan Ramen Noodle Soup, Chicken Flavor",$0.59,,,2.25 oz,[],,"https://www.instacart.com/image-server/257x257/filters:fill(FFF,true):format(jpg)/d2lnr5mha7bycj.cloudfront.net/product-image/file/large_f6b8f417-49a6-4863-8078-3f5e9fab3290.png,"
Giant Eagle,Thai Kitchen Gluten Free Spring Onion Instant Rice Noodle Soup,$1.99,,,1.6 oz,[],,"https://www.instacart.com/image-server/257x257/filters:fill(FFF,true):format(jpg)/d2lnr5mha7bycj.cloudfront.net/product-image/file/large_49679595-5428-43a2-a94d-8398257bc69b.jpg,"
Giant Eagle,Knorr Pasta Sides Teriyaki Noodles,$1.59,,,4.6 oz,[],,"https://www.instacart.com/image-server/257x257/filters:fill(FFF,true):format(jpg)/d2lnr5mha7bycj.cloudfront.net/product-image/file/large_f95bf2ba-0d9e-494e-83a4-8d4f3d53453e.jpg,"
Giant Eagle,Simply Asia Soy Ginger Noodle Bowl,$6.99,,,8.5 oz,['Vegan'],,"https://www.instacart.com/image-server/257x257/filters:fill(FFF,true):format(jpg)/d2lnr5mha7bycj.cloudfront.net/product-image/file/large_b9efe404-e282-4cd1-8639-bd2a9d6db126.jpg,"
Giant Eagle,Simply Asia Spicy Kung Pao Noodle Bowl,$6.99,,,8.5 oz,['Vegan'],,"https://www.instacart.com/image-server/257x257/filters:fill(FFF,true):format(jpg)/d2lnr5mha7bycj.cloudfront.net/product-image/file/large_d0b34514-41be-4a8f-9bcc-62468d0ec628.jpg,"
Giant Eagle,"RAMEN EXPRESS by Chef Woo Chicken Ramen Noodle Packs by Chef Woo, No MSG, Halal",$0.49,,,3 oz,['Vegan'],,"https://www.instacart.com/image-server/257x257/filters:fill(FFF,true):format(jpg)/d2lnr5mha7bycj.cloudfront.net/product-image/file/large_bd880b1b-c054-4e43-879e-1525b90862ae.png,"
Giant Eagle,"Myojo Udon, Oriental Flavor, Japanese Style Noodles with Soup Base",$2.99,,,7.28 oz,[],,"https://www.instacart.com/image-server/257x257/filters:fill(FFF,true):format(jpg)/d2lnr5mha7bycj.cloudfront.net/product-image/file/large_67598957-ec4c-4b90-ad15-5e521137450e.png,"
Giant Eagle,Thomas’ Original English Muffins,$5.99,,,6 ct,[],Many in stock,"https://www.instacart.com/image-server/257x257/filters:fill(FFF,true):format(jpg)/d2lnr5mha7bycj.cloudfront.net/product-image/file/large_b5729225-1409-4eb5-958d-1f410ec4a466.jpg,"
Giant Eagle,Thomas’ Plain Bagels,$5.99,,,6 ct,[],,"https://www.instacart.com/image-server/257x257/filters:fill(FFF,true):format(jpg)/d2lnr5mha7bycj.cloudfront.net/product-image/file/large_6cf4d8bf-1e18-4bb9-81c3-818a44e166de.jpg,"
Giant Eagle,"Donuts, Glazed",$5.99,,,12 each,[],,"https://www.instacart.com/image-server/257x257/filters:fill(FFF,true):format(jpg)/d2lnr5mha7bycj.cloudfront.net/product-image/file/large_62fbbffb-170c-4fc3-97ce-2c2c592a0737.png,"
Giant Eagle,Bays Original English Muffins,$4.49,,,12 oz,[],,"https://www.instacart.com/image-server/257x257/filters:fill(FFF,true):format(jpg)/d2lnr5mha7bycj.cloudfront.net/product-image/file/large_a48eb3af-7be3-4963-ab2d-297ec663bfe0.jpg,"
Giant Eagle,Apple Turnovers,$5.99,,,4 ct,[],,"https://www.instacart.com/image-server/257x257/filters:fill(FFF,true):format(jpg)/d1s8987jlndkbs.cloudfront.net/assets/missing-item-4bbe82b8555e4d1c12626fd482cb2409713e8e30835645ff3650ef66a725d03c.png,"
Giant Eagle,Little Debbie Honey Buns,$2.99,,,6 each,[],,"https://www.instacart.com/image-server/257x257/filters:fill(FFF,true):format(jpg)/d2lnr5mha7bycj.cloudfront.net/product-image/file/large_d404a640-444e-4b21-94ef-dc3bb66cfd5a.png,"
Giant Eagle,Thomas’ Everything Bagels,$5.99,,,6 ct,[],Many in stock,"https://www.instacart.com/image-server/257x257/filters:fill(FFF,true):format(jpg)/d2lnr5mha7bycj.cloudfront.net/product-image/file/large_b96ba02e-1d9f-4d5c-9ed6-283652786c0b.jpg,"
Giant Eagle,Thomas’ 100% Whole Wheat English Muffins,$5.99,,,6 x 12 oz,[],Many in stock,"https://www.instacart.com/image-server/257x257/filters:fill(FFF,true):format(jpg)/d2lnr5mha7bycj.cloudfront.net/product-image/file/large_43be00d8-b995-4df3-9239-21a7b2dbcdfb.jpg,"
Giant Eagle,Thomas’ Light Multi-Grain English Muffins,$5.99,,,6 each,[],Many in stock,"https://www.instacart.com/image-server/257x257/filters:fill(FFF,true):format(jpg)/d2lnr5mha7bycj.cloudfront.net/product-image/file/large_88e075dd-e187-41bb-b337-83bdb15ad120.jpg,"
Giant Eagle,Giant Eagle Original Cinnamon Flavored Rolls With Icing,$2.69,,,12.4 oz,[],Many in stock,"https://www.instacart.com/image-server/257x257/filters:fill(FFF,true):format(jpg)/d2lnr5mha7bycj.cloudfront.net/product-image/file/large_cb05923b-10ab-4777-9d8e-57bc0e06311a.png,"
Giant Eagle,Giant Eagle Broccoli Tender Chopped Broccoli And Swiss Cheese Mixed With Eggs And Baked In A Flaky Pie Shell Quiche,$6.99,,,12 oz,[],,"https://www.instacart.com/image-server/257x257/filters:fill(FFF,true):format(jpg)/d2lnr5mha7bycj.cloudfront.net/product-image/file/large_3916eadd-b84f-4479-a27d-5c3d6c8cc09a.png,"
Giant Eagle,Giant Eagle Donut,$1.49,,,1 ct,[],,"https://www.instacart.com/image-server/257x257/filters:fill(FFF,true):format(jpg)/d2lnr5mha7bycj.cloudfront.net/product-image/file/large_63191a47-112a-4b93-b1ed-f5767744a159.png,"
Giant Eagle,Giant Eagle Donuts,$12.99,,,12 ct,[],,"https://www.instacart.com/image-server/257x257/filters:fill(FFF,true):format(jpg)/d2lnr5mha7bycj.cloudfront.net/product-image/file/large_f1c6e542-e6d6-4ebe-ab96-537831ae7990.png,"
Giant Eagle,Giant Eagle Cheese Danish Coffee Cake,$5.99,,,14 oz,[],,"https://www.instacart.com/image-server/257x257/filters:fill(FFF,true):format(jpg)/d2lnr5mha7bycj.cloudfront.net/product-image/file/large_f91fba57-0d84-4177-b372-c39f09dd793a.png,"
Giant Eagle,Thomas’ Blueberry Bagels,$5.99,,,6 ct,[],Many in stock,"https://www.instacart.com/image-server/257x257/filters:fill(FFF,true):format(jpg)/d2lnr5mha7bycj.cloudfront.net/product-image/file/large_a1daa239-31f3-42f9-abed-1ae5fbe566ae.jpg,"
Giant Eagle,Pepperidge Farm Swirl Cinnamon Bread,$4.99,,,16 oz,[],Many in stock,"https://www.instacart.com/image-server/257x257/filters:fill(FFF,true):format(jpg)/d2lnr5mha7bycj.cloudfront.net/product-image/file/large_f2ca09f3-3183-44c1-8f91-60c3d85eefb8.jpg,"
Giant Eagle,Giant Eagle Mini Chocolate Chip Muffins,$5.99,,,12 ct,[],,"https://www.instacart.com/image-server/257x257/filters:fill(FFF,true):format(jpg)/d2lnr5mha7bycj.cloudfront.net/product-image/file/large_775b8e94-aca0-4697-b06e-da98b7678e86.png,"
Giant Eagle,Mixed Berry Strudel,$4.99,,,4 ct,[],,"https://www.instacart.com/image-server/257x257/filters:fill(FFF,true):format(jpg)/d1s8987jlndkbs.cloudfront.net/assets/missing-item-4bbe82b8555e4d1c12626fd482cb2409713e8e30835645ff3650ef66a725d03c.png,"
Giant Eagle,"Dave's Killer Bread Killer Classic English Muffins, Organic English Muffins, 6 Count",$5.99,,,6 ct,[],,"https://www.instacart.com/image-server/257x257/filters:fill(FFF,true):format(jpg)/d2lnr5mha7bycj.cloudfront.net/product-image/file/large_2b748472-26c2-4d4e-a59d-016576f67c34.png,"
Giant Eagle,Thomas’ Cinnamon Raisin English Muffins,$5.99,,,6 x 13 oz,[],,"https://www.instacart.com/image-server/257x257/filters:fill(FFF,true):format(jpg)/d2lnr5mha7bycj.cloudfront.net/product-image/file/large_ea6bdeba-61be-435d-bc4a-171b3e67beb5.jpg,"
Giant Eagle,Dave's Killer Bread Rockin' Grains Organic English Muffins,$5.99,,,6 ct,[],,"https://www.instacart.com/image-server/257x257/filters:fill(FFF,true):format(jpg)/d2lnr5mha7bycj.cloudfront.net/product-image/file/large_ba28ab9d-6b12-4a31-8d76-c3b852058d42.png,"
Giant Eagle,"Little Debbie Muffins, Blueberry, Mini, Big Pack",$5.29,,,5 ct,[],,"https://www.instacart.com/image-server/257x257/filters:fill(FFF,true):format(jpg)/d2lnr5mha7bycj.cloudfront.net/product-image/file/large_30df0fd1-5cf0-4a06-b198-258a677e7092.png,"
Giant Eagle,Market District Blueberry Muffins,$6.99,,,4 ct,[],,"https://www.instacart.com/image-server/257x257/filters:fill(FFF,true):format(jpg)/d2lnr5mha7bycj.cloudfront.net/product-image/file/large_75543ee4-5a7c-4f0e-a6b8-a63ca1d848c0.png,"
Giant Eagle,Giant Eagle Paczki,$6.99,,,27.6 oz,[],,"https://www.instacart.com/image-server/257x257/filters:fill(FFF,true):format(jpg)/d1s8987jlndkbs.cloudfront.net/assets/missing-item-4bbe82b8555e4d1c12626fd482cb2409713e8e30835645ff3650ef66a725d03c.png,"
Giant Eagle,Giant Eagle Donuts,$8.99,,,6 ct,[],,"https://www.instacart.com/image-server/257x257/filters:fill(FFF,true):format(jpg)/d2lnr5mha7bycj.cloudfront.net/product-image/file/large_16d1c1c2-6bd6-4b65-8de9-7e0b99f65371.png,"
Giant Eagle,Thomas’ Plain Mini Bagels,$5.99,,,10 each,[],,"https://www.instacart.com/image-server/257x257/filters:fill(FFF,true):format(jpg)/d2lnr5mha7bycj.cloudfront.net/product-image/file/large_24f44f4f-a86d-413f-a910-ee315d3c6b43.jpg,"
Giant Eagle,Giant Eagle Medium Roast Donut Shop Decaf 100% Arabica Ground Coffee,$16.99,,,48 oz,['Gluten-Free'],,"https://www.instacart.com/image-server/257x257/filters:fill(FFF,true):format(jpg)/d2lnr5mha7bycj.cloudfront.net/product-image/file/large_c07ee0ae-0eb9-4608-b31a-e7fddcd1fae0.png,"
Giant Eagle,Thomas’ Cinnamon Raisin Bagels,$5.99,,,6 x 20 oz,[],,"https://www.instacart.com/image-server/257x257/filters:fill(FFF,true):format(jpg)/d2lnr5mha7bycj.cloudfront.net/product-image/file/large_90f9d0d8-4720-4aa6-bca9-574e146aa554.jpg,"
Giant Eagle,Giant Eagle Apple Danish Coffee Cake,$5.99,,,14 oz,[],,"https://www.instacart.com/image-server/257x257/filters:fill(FFF,true):format(jpg)/d2lnr5mha7bycj.cloudfront.net/product-image/file/large_429e515e-fdae-4281-8837-e76ff89abde6.png,"
Giant Eagle,"Dave's Killer Bread Plain Awesome Bagels, Organic Bagels, 13g Whole Grains per Bagel, 5 Count",$5.99,,,5 ct,[],,"https://www.instacart.com/image-server/257x257/filters:fill(FFF,true):format(jpg)/d2lnr5mha7bycj.cloudfront.net/product-image/file/large_4fa3e6dd-ed66-425e-a805-bb197e4ee397.png,"
Giant Eagle,Hostess Cherry Cheese Round Danish,$5.99,,,6 x 16.5 oz,[],,"https://www.instacart.com/image-server/257x257/filters:fill(FFF,true):format(jpg)/d2lnr5mha7bycj.cloudfront.net/product-image/file/large_420c08fb-2a95-442a-87c0-61c7c281c964.jpg,"
Giant Eagle,"Market District Cinnamon Pecan 9"" Danish Coffee Cake",$7.99,,,16 oz,[],,"https://www.instacart.com/image-server/257x257/filters:fill(FFF,true):format(jpg)/d2lnr5mha7bycj.cloudfront.net/product-image/file/large_239e14a6-342f-46a1-ae38-faf5849c5d9a.png,"
Giant Eagle,Thomas’ Plain Bagel Thins,$5.99,,,8 x 13 oz,[],,"https://www.instacart.com/image-server/257x257/filters:fill(FFF,true):format(jpg)/d2lnr5mha7bycj.cloudfront.net/product-image/file/large_fd713fec-de00-40a2-b65b-3b1b0a829cfb.jpg,"
Giant Eagle,Thomas’ Everything Bagel Thins,$5.99,,,8 x 13 oz,[],,"https://www.instacart.com/image-server/257x257/filters:fill(FFF,true):format(jpg)/d2lnr5mha7bycj.cloudfront.net/product-image/file/large_7af5b0bc-4c42-424c-ac26-e76ce7f4720a.jpg,"
Giant Eagle,Dave's Killer Bread Organic Boomin Berry Bagels,$5.99,,,5 ct,[],,"https://www.instacart.com/image-server/257x257/filters:fill(FFF,true):format(jpg)/d2lnr5mha7bycj.cloudfront.net/product-image/file/large_739a52bb-94a2-4555-80d8-8f5c751763cd.png,"
Giant Eagle,Pavilions Apple Strudel,$11.99,,,1 each,[],,"https://www.instacart.com/image-server/257x257/filters:fill(FFF,true):format(jpg)/d1s8987jlndkbs.cloudfront.net/assets/missing-item-4bbe82b8555e4d1c12626fd482cb2409713e8e30835645ff3650ef66a725d03c.png,"
Giant Eagle,Dave's Killer Bread Epic Everything Organic Bagels,$5.99,,,5 ct,[],,"https://www.instacart.com/image-server/257x257/filters:fill(FFF,true):format(jpg)/d2lnr5mha7bycj.cloudfront.net/product-image/file/large_29b7d1a6-f937-45e3-ac48-8739f3dd92f2.png,"
Giant Eagle,Dave's Killer Bread Cinnamon Raisin Remix Organic Bagels,$5.99,,,5 ct,[],,"https://www.instacart.com/image-server/257x257/filters:fill(FFF,true):format(jpg)/d2lnr5mha7bycj.cloudfront.net/product-image/file/large_6b4c6d03-0006-4d76-be2e-e72577055d46.png,"
Giant Eagle,Thomas’ Keto 2 Net Carb Plain Bagel Thins,$7.99,,,8 x 13 oz,[],,"https://www.instacart.com/image-server/257x257/filters:fill(FFF,true):format(jpg)/d2lnr5mha7bycj.cloudfront.net/product-image/file/large_750cefb6-ab27-452e-9014-b8d6bac0e063.jpg,"
Giant Eagle,Thomas’ Cinnamon Raisin Mini Bagels,$5.99,,,10 ct,[],,"https://www.instacart.com/image-server/257x257/filters:fill(FFF,true):format(jpg)/d2lnr5mha7bycj.cloudfront.net/product-image/file/large_20bbeb19-b0e3-470b-bea7-065315905165.jpg,"
Giant Eagle,Pepperidge Farm Mini Plain Bagels,$5.99,,,17 oz,[],,"https://www.instacart.com/image-server/257x257/filters:fill(FFF,true):format(jpg)/d2lnr5mha7bycj.cloudfront.net/product-image/file/large_e728f01f-418f-4a4e-9382-a048ae6938de.jpg,"
Giant Eagle,Market District Banana Nut Muffins,$6.99,,,4 ct,[],,"https://www.instacart.com/image-server/257x257/filters:fill(FFF,true):format(jpg)/d2lnr5mha7bycj.cloudfront.net/product-image/file/large_29e4357a-303a-486a-a157-9dfb5f089bfd.png,"
Giant Eagle,"Schwebel's Bread, Italian, Taliano, Sliced",$3.99,,,18 oz,[],Many in stock,"https://www.instacart.com/image-server/257x257/filters:fill(FFF,true):format(jpg)/d2lnr5mha7bycj.cloudfront.net/product-image/file/large_e4320d15-a92d-4141-8747-fed04f7f3d83.png,"
Giant Eagle,"Wonder Bread Bread Classic White Sandwich Bread, Sliced White Bread, 20 oz Loaf",$3.99,,,20 oz,[],Many in stock,"https://www.instacart.com/image-server/257x257/filters:fill(FFF,true):format(jpg)/d2lnr5mha7bycj.cloudfront.net/product-image/file/large_5087e73a-0e84-4a19-81f8-75c010e39ff6.png,"
Giant Eagle,"Nature's Own Honey Wheat, Honey Wheat Sandwich Bread, 20 oz Loaf",$4.59,,,20 oz,[],Many in stock,"https://www.instacart.com/image-server/257x257/filters:fill(FFF,true):format(jpg)/d2lnr5mha7bycj.cloudfront.net/product-image/file/large_8042ff00-62a4-4df0-b683-b2b56b1fbc93.png,"
Giant Eagle,Giant Eagle Split Top Wheat Bread,$1.99,,,20 oz,[],,"https://www.instacart.com/image-server/257x257/filters:fill(FFF,true):format(jpg)/d2lnr5mha7bycj.cloudfront.net/product-image/file/large_cc68a810-146d-4911-8703-9962b26a5e94.png,"
Giant Eagle,"Schwebel's Bread, Enriched, Giant",$3.99,,,22 oz,[],Many in stock,"https://www.instacart.com/image-server/257x257/filters:fill(FFF,true):format(jpg)/d2lnr5mha7bycj.cloudfront.net/product-image/file/large_badaff35-8eec-4405-9ed7-4e004f6b8de8.png,"
Giant Eagle,"Nature's Own Butterbread, Sliced White Bread, 20 oz Loaf",$4.59,,,20 oz,[],,"https://www.instacart.com/image-server/257x257/filters:fill(FFF,true):format(jpg)/d2lnr5mha7bycj.cloudfront.net/product-image/file/large_cf876f3b-9113-4e92-944c-cdcc5c826788.png,"
Giant Eagle,The Rustik Oven Sourdough Bread,$5.99,,,16 oz,[],,"https://www.instacart.com/image-server/257x257/filters:fill(FFF,true):format(jpg)/d2lnr5mha7bycj.cloudfront.net/product-image/file/large_ea5a833d-0aa0-4e16-9841-f544f787691f.jpg,"
Giant Eagle,Sara Lee Honey Wheat Bread,$3.99,,,20 oz,[],Many in stock,"https://www.instacart.com/image-server/257x257/filters:fill(FFF,true):format(jpg)/d2lnr5mha7bycj.cloudfront.net/product-image/file/large_a2bcbf39-e26b-4b1c-86dd-d36f7ca95783.jpg,"
Giant Eagle,Giant Eagle Sliced Bakery Fresh Country White Bread,$3.99,,,1 ct,[],,"https://www.instacart.com/image-server/257x257/filters:fill(FFF,true):format(jpg)/d2lnr5mha7bycj.cloudfront.net/product-image/file/large_00b5c8ba-295b-4d23-a37f-533c71a80913.png,"
Giant Eagle,"Nature's Own Perfectly Crafted White Bread, Thick Sliced Non-GMO Sandwich Bread, 22 oz Loaf",$4.99,,,22 oz,[],,"https://www.instacart.com/image-server/257x257/filters:fill(FFF,true):format(jpg)/d2lnr5mha7bycj.cloudfront.net/product-image/file/large_3d2c8053-7810-4561-8e45-578cfea898d7.png,"
Giant Eagle,Brownberry Superior Seeded Keto Bread,$7.99,,,20 oz,['Keto'],,"https://www.instacart.com/image-server/257x257/filters:fill(FFF,true):format(jpg)/d2lnr5mha7bycj.cloudfront.net/product-image/file/large_946fc015-2b77-4349-8799-1386eb312265.jpg,"
Giant Eagle,Pepperidge Farm Hearty White Bread,$5.29,,,24 oz,[],Many in stock,"https://www.instacart.com/image-server/257x257/filters:fill(FFF,true):format(jpg)/d2lnr5mha7bycj.cloudfront.net/product-image/file/large_5fc96b9d-30a8-4310-8838-44646648424f.jpg,"
Giant Eagle,"Schwebel's Bread, Sweet Harvest Wheat",$4.49,,,20 oz,[],Many in stock,"https://www.instacart.com/image-server/257x257/filters:fill(FFF,true):format(jpg)/d2lnr5mha7bycj.cloudfront.net/product-image/file/large_8474f831-5f54-49e3-a9c1-0fc03fef252e.png,"
Giant Eagle,Giant Eagle Milano Italian Bread,$2.59,,,18 oz,[],Many in stock,"https://www.instacart.com/image-server/257x257/filters:fill(FFF,true):format(jpg)/d2lnr5mha7bycj.cloudfront.net/product-image/file/large_bcdce06f-5e9e-4781-a390-47653c034399.png,"
Giant Eagle,"Martin's Potato Bread, Maple Brown Sugar, Swirl",$4.99,,,16 oz,[],,"https://www.instacart.com/image-server/257x257/filters:fill(FFF,true):format(jpg)/d2lnr5mha7bycj.cloudfront.net/product-image/file/large_1e6d679f-8aad-49c9-a238-d4fd0acdf081.png,"
Giant Eagle,Giant Eagle Fresh Authentic Italian Bread,$3.99,,,1 ct,[],,"https://www.instacart.com/image-server/257x257/filters:fill(FFF,true):format(jpg)/d2lnr5mha7bycj.cloudfront.net/product-image/file/large_7e3da0dd-fb07-4573-bc5d-fcd536e33fe2.png,"
Giant Eagle,"Canyon Bakehouse Country White Gluten Free Sandwich Bread, Fresh",$8.99,,,15 oz,['Gluten-Free'],,"https://www.instacart.com/image-server/257x257/filters:fill(FFF,true):format(jpg)/d2lnr5mha7bycj.cloudfront.net/product-image/file/large_bcc94bca-96f4-4231-99a6-0e92ac3633a0.png,"
Giant Eagle,Jalapeno Cornbread,$2.99,,,4 ct,[],,"https://www.instacart.com/image-server/257x257/filters:fill(FFF,true):format(jpg)/d1s8987jlndkbs.cloudfront.net/assets/missing-item-4bbe82b8555e4d1c12626fd482cb2409713e8e30835645ff3650ef66a725d03c.png,"
Giant Eagle,Sara Lee Classic White Bread,$3.99,,,20 oz,[],,"https://www.instacart.com/image-server/257x257/filters:fill(FFF,true):format(jpg)/d2lnr5mha7bycj.cloudfront.net/product-image/file/large_fbe0bad3-22fa-4bc4-a873-87c9a5d4a58b.jpg,"
Giant Eagle,Sara Lee Butter Bread,$3.99,,,20 oz,[],Many in stock,"https://www.instacart.com/image-server/257x257/filters:fill(FFF,true):format(jpg)/d2lnr5mha7bycj.cloudfront.net/product-image/file/large_1ef8d548-9283-49b4-b001-9173d2f333d6.jpg,"
Giant Eagle,"Nature's Own 100% Whole Wheat, Whole Wheat Bread, 20 oz Loaf",$4.59,,,20 oz,[],,"https://www.instacart.com/image-server/257x257/filters:fill(FFF,true):format(jpg)/d2lnr5mha7bycj.cloudfront.net/product-image/file/large_fb0aefbf-4a28-4f0f-bede-521484d6982d.png,"
Giant Eagle,Pepperidge Farm Sourdough Bread,$5.29,,,24 oz,[],Many in stock,"https://www.instacart.com/image-server/257x257/filters:fill(FFF,true):format(jpg)/d2lnr5mha7bycj.cloudfront.net/product-image/file/large_28ed8ea7-f898-4fc5-a2aa-4a4a5b7573d5.jpg,"
Giant Eagle,Sara Lee Artesano Bakery Bread,$4.99,,,20 oz,[],Many in stock,"https://www.instacart.com/image-server/257x257/filters:fill(FFF,true):format(jpg)/d2lnr5mha7bycj.cloudfront.net/product-image/file/large_40e57e3a-e50c-4cc8-92ba-644cebc2301f.jpg,"
Giant Eagle,"Canyon Bakehouse Hawaiian Sweet Gluten Free Bread, Whole Grain Sandwich Bread, Fresh, 15 oz Loaf",$8.99,,,15 oz,['Gluten-Free'],,"https://www.instacart.com/image-server/257x257/filters:fill(FFF,true):format(jpg)/d2lnr5mha7bycj.cloudfront.net/product-image/file/large_90c1a7b7-f54e-4f00-b808-ca7c05778a23.png,"
Giant Eagle,Giant Eagle Bakery Fresh French Bread,$4.99,,,14 oz,[],,"https://www.instacart.com/image-server/257x257/filters:fill(FFF,true):format(jpg)/d2lnr5mha7bycj.cloudfront.net/product-image/file/large_563b8830-8c89-469f-9ba6-0a27eaa263f6.png,"
Giant Eagle,"Dave's Killer Bread White Bread Done Right, Artisan-Style Organic White Bread, 24 oz Loaf",$6.99,,,24 oz,"['Organic', 'Vegan']",,"https://www.instacart.com/image-server/257x257/filters:fill(FFF,true):format(jpg)/d2lnr5mha7bycj.cloudfront.net/product-image/file/large_f6d74d63-a15f-4b28-8e33-514b8e237bfe.png,"
Giant Eagle,Giant Eagle Mini Italian Bread,$2.69,,,1 ct,[],,"https://www.instacart.com/image-server/257x257/filters:fill(FFF,true):format(jpg)/d1s8987jlndkbs.cloudfront.net/assets/missing-item-4bbe82b8555e4d1c12626fd482cb2409713e8e30835645ff3650ef66a725d03c.png,"
Giant Eagle,The Rustik Oven Hearty Grains & Seeds Artisan Bread,$5.99,,,16 oz,[],,"https://www.instacart.com/image-server/257x257/filters:fill(FFF,true):format(jpg)/d2lnr5mha7bycj.cloudfront.net/product-image/file/large_49e29389-6d3a-4133-a8a8-85fac9e1df4b.jpg,"
Giant Eagle,Giant Eagle Bakery Fresh Multigrain Tuscany Bread,$4.99,,,16 oz,[],,"https://www.instacart.com/image-server/257x257/filters:fill(FFF,true):format(jpg)/d2lnr5mha7bycj.cloudfront.net/product-image/file/large_ce27e69f-764f-4223-a7c6-32473b41549d.png,"
Giant Eagle,Sara Lee 100% Whole Wheat Bread,$3.99,,,20 oz,[],Many in stock,"https://www.instacart.com/image-server/257x257/filters:fill(FFF,true):format(jpg)/d2lnr5mha7bycj.cloudfront.net/product-image/file/large_36812dbb-6f80-474e-a5de-5199e793aae6.jpg,"
Giant Eagle,Pepperidge Farm Butter Bread,$5.29,,,22 oz,[],Many in stock,"https://www.instacart.com/image-server/257x257/filters:fill(FFF,true):format(jpg)/d2lnr5mha7bycj.cloudfront.net/product-image/file/large_9d5f6499-0f54-4758-b810-6a1c43bd319e.jpg,"
Giant Eagle,Giant Eagle Bakery Fresh Mini Plain French Bread,$2.69,,,1 ct,[],,"https://www.instacart.com/image-server/257x257/filters:fill(FFF,true):format(jpg)/d1s8987jlndkbs.cloudfront.net/assets/missing-item-4bbe82b8555e4d1c12626fd482cb2409713e8e30835645ff3650ef66a725d03c.png,"
Giant Eagle,"Dave's Killer Bread Epic Everything Organic Breakfast Bread, Everything Organic Bread, 18 oz Loaf",$6.99,,,18 oz,['Organic'],,"https://www.instacart.com/image-server/257x257/filters:fill(FFF,true):format(jpg)/d2lnr5mha7bycj.cloudfront.net/product-image/file/large_87ff8b31-b720-4cef-93ed-2ba299bb8e7d.png,"
Giant Eagle,Pepperidge Farm Raisin Cinnamon Swirl Bread,$4.99,,,16 oz,[],Many in stock,"https://www.instacart.com/image-server/257x257/filters:fill(FFF,true):format(jpg)/d2lnr5mha7bycj.cloudfront.net/product-image/file/large_98758051-788d-4b71-95da-df6d38bf73a4.jpg,"
Giant Eagle,"Canyon Bakehouse Bread, Gluten Free, Ancient Grain",$8.99,,,15 oz,['Gluten-Free'],,"https://www.instacart.com/image-server/257x257/filters:fill(FFF,true):format(jpg)/d2lnr5mha7bycj.cloudfront.net/product-image/file/large_590f36bb-221d-49fe-aea0-ffadeb37fa1a.png,"
Giant Eagle,"Market District Italian Style Focaccia Chopped Romaine Lettuce And Radicchio With White Balsamic Vinaigrette, Italian Style Cheese Blend, And Focaccia Croutons Salad Kit",$4.99,,,10.5 oz,[],,"https://www.instacart.com/image-server/257x257/filters:fill(FFF,true):format(jpg)/d2lnr5mha7bycj.cloudfront.net/product-image/file/large_1906848a-34ba-43c9-a63d-5174d7702b9b.png,"
Giant Eagle,Market District Bakery Fresh Ciabatta,$4.99,,,1 ct,[],,"https://www.instacart.com/image-server/257x257/filters:fill(FFF,true):format(jpg)/d2lnr5mha7bycj.cloudfront.net/product-image/file/large_00af3ede-bb81-4096-91bc-d93e6130e440.png,"
Giant Eagle,Dave's Killer Bread Good Seed Thin-Sliced Organic Bread,$5.99,,,20.5 oz,"['Organic', 'Vegan']",,"https://www.instacart.com/image-server/257x257/filters:fill(FFF,true):format(jpg)/d2lnr5mha7bycj.cloudfront.net/product-image/file/large_0365803c-40ad-4072-b485-731e95668e0c.png,"
Giant Eagle,"Wonder Bread Bread, 100% Whole Wheat",$3.49,,,16 oz,[],,"https://www.instacart.com/image-server/257x257/filters:fill(FFF,true):format(jpg)/d2lnr5mha7bycj.cloudfront.net/product-image/file/large_e757166c-3c30-4793-bf2c-12874018effd.png,"
Giant Eagle,Sara Lee Artesano Smooth Multigrain Bread,$4.99,,,20 oz,[],,"https://www.instacart.com/image-server/257x257/filters:fill(FFF,true):format(jpg)/d2lnr5mha7bycj.cloudfront.net/product-image/file/large_a21d1f58-d5ed-405e-a79c-f1211e4d7129.jpg,"
Giant Eagle,"Nature's Own Life Keto Soft White, Sliced White Keto Bread, 16 oz Loaf",$6.99,,,16 oz,['Keto'],,"https://www.instacart.com/image-server/257x257/filters:fill(FFF,true):format(jpg)/d2lnr5mha7bycj.cloudfront.net/product-image/file/large_2c6d1eed-36c0-4fa5-84dc-1beddda4fce2.png,"
Giant Eagle,Oroweat Premium Italian Bread,$4.59,,,20 oz,[],,"https://www.instacart.com/image-server/257x257/filters:fill(FFF,true):format(jpg)/d2lnr5mha7bycj.cloudfront.net/product-image/file/large_8151461c-5674-4e65-a45c-ae2a791db305.jpg,"
Giant Eagle,"Nature's Own Bread, Multigrain, Thick Sliced",$4.99,,,22 oz,[],,"https://www.instacart.com/image-server/257x257/filters:fill(FFF,true):format(jpg)/d2lnr5mha7bycj.cloudfront.net/product-image/file/large_1e25e93b-f9d1-47c6-a10a-888c11829355.png,"
Giant Eagle,Pepperidge Farm Light Style 100% Whole Wheat Bread,$5.99,,,16 oz,[],,"https://www.instacart.com/image-server/257x257/filters:fill(FFF,true):format(jpg)/d2lnr5mha7bycj.cloudfront.net/product-image/file/large_7b061a51-6d66-4f8a-8c6c-d04dfde65d3e.jpg,"
Giant Eagle,Dave's Killer Bread 21 Whole Grains and Seeds Organic Bread,$6.99,,,27 oz,"['Organic', 'Vegan']",,"https://www.instacart.com/image-server/257x257/filters:fill(FFF,true):format(jpg)/d2lnr5mha7bycj.cloudfront.net/product-image/file/large_47f0e24c-f72f-4ac0-a58b-566d7c3f7c9b.png,"
Giant Eagle,Cinnamon Toast Crunch Breakfast Cereal,$6.99,,,18.8 oz,['Whole Grain'],Many in stock,"https://www.instacart.com/image-server/257x257/filters:fill(FFF,true):format(jpg)/d2lnr5mha7bycj.cloudfront.net/product-image/file/large_8ac68ac4-977c-416b-9b52-c86d0751d8e6.png,"
Giant Eagle,Honey Nut Cheerios Heart Healthy Cereal With Happy Heart Shapes,$6.89,,,15.4 oz,"['Gluten-Free', 'Whole Grain']",Many in stock,"https://www.instacart.com/image-server/257x257/filters:fill(FFF,true):format(jpg)/d2lnr5mha7bycj.cloudfront.net/product-image/file/large_47047475-9467-4a18-9fc7-7346bc629b92.png,"
Giant Eagle,MUSH Blueberry Overnight Oats,$2.49,,,5 oz,['Gluten-Free'],,"https://www.instacart.com/image-server/257x257/filters:fill(FFF,true):format(jpg)/d2lnr5mha7bycj.cloudfront.net/product-image/file/large_5cb7f291-3cc7-45df-9a92-c3d8063ce0c4.png,"
Giant Eagle,Cinnamon Toast Crunch Loaded Crispy Crème Filled Breakfast Cereal,$6.89,,,13 oz,['Whole Grain'],Many in stock,"https://www.instacart.com/image-server/257x257/filters:fill(FFF,true):format(jpg)/d2lnr5mha7bycj.cloudfront.net/product-image/file/large_f39e5239-6b3f-4c81-8b8d-1b22e6ed7b15.png,"
Giant Eagle,Cinnamon Toast Crunch Breakfast Cereal,$4.99,,,12 oz,['Whole Grain'],Many in stock,"https://www.instacart.com/image-server/257x257/filters:fill(FFF,true):format(jpg)/d2lnr5mha7bycj.cloudfront.net/product-image/file/large_6b35f52d-628d-4215-a996-42df93fd8cb4.png,"
Giant Eagle,"Pearl Milling Company Pancake & Waffle Mix, Buttermilk Complete",$4.99,,,32 oz,[],,"https://www.instacart.com/image-server/257x257/filters:fill(FFF,true):format(jpg)/d2lnr5mha7bycj.cloudfront.net/product-image/file/large_6e6d17c4-79c4-43a2-a449-e25c8b3baa6b.png,"
Giant Eagle,General Mills Reese's Puffs Chocolatey Peanut Butter Kids Breakfast Cereal,$6.99,,,19.7 oz,['Whole Grain'],Many in stock,"https://www.instacart.com/image-server/257x257/filters:fill(FFF,true):format(jpg)/d2lnr5mha7bycj.cloudfront.net/product-image/file/large_b28cac0b-2cc1-4dde-acd1-ed0a2c338ceb.png,"
Giant Eagle,"Kellogg Froot Loops Breakfast Cereal, Kids Cereal, Family Breakfast, Original",$6.99,,,23 oz,['Whole Grain'],Many in stock,"https://www.instacart.com/image-server/257x257/filters:fill(FFF,true):format(jpg)/d2lnr5mha7bycj.cloudfront.net/product-image/file/large_61386143-6458-414c-b504-89c05e5d0f10.jpg,"
Giant Eagle,"Pop-Tarts Toaster Pastries, Breakfast Foods, Kids Snacks, Frosted Brown Sugar Cinnamon",$3.49,,,8 ct,[],,"https://www.instacart.com/image-server/257x257/filters:fill(FFF,true):format(jpg)/d2lnr5mha7bycj.cloudfront.net/product-image/file/large_419fd526-d787-4a4f-ab08-44c2906de747.jpg,"
Giant Eagle,"Pop-Tarts Toaster Pastries, Breakfast Foods, Kids Snacks, Frosted Brown Sugar Cinnamon",$4.99,,,12 ct,[],,"https://www.instacart.com/image-server/257x257/filters:fill(FFF,true):format(jpg)/d2lnr5mha7bycj.cloudfront.net/product-image/file/large_fc977d18-5cca-4304-95d8-5e670d65bbe0.jpg,"
Giant Eagle,Honey Nut Cheerios Heart Healthy Cereal With Happy Heart Shapes,$6.99,,,18.8 oz,"['Gluten-Free', 'Whole Grain']",Many in stock,"https://www.instacart.com/image-server/257x257/filters:fill(FFF,true):format(jpg)/d2lnr5mha7bycj.cloudfront.net/product-image/file/large_4766e784-6c6f-439a-9078-48faa989da2a.png,"
Giant Eagle,Pillsbury Funfetti Frozen Buttermilk Mini Pancakes With Candy Bits,$3.99,,,40 each,[],,"https://www.instacart.com/image-server/257x257/filters:fill(FFF,true):format(jpg)/d2lnr5mha7bycj.cloudfront.net/product-image/file/large_4d5e83ce-1270-4027-858a-57e485865b5e.jpg,"
Giant Eagle,Nature Valley Whole Grain Oats and Honey Protein Granola,$5.99,,,11 oz,['Whole Grain'],Many in stock,"https://www.instacart.com/image-server/257x257/filters:fill(FFF,true):format(jpg)/d2lnr5mha7bycj.cloudfront.net/product-image/file/large_adf27d45-9592-463e-80ef-524b5159ebed.png,"
Giant Eagle,"Kellogg’s Special K Breakfast Cereal, Family Breakfast, Made with Real Strawberries, Red Berries",$5.99,,,16.9 oz,[],Many in stock,"https://www.instacart.com/image-server/257x257/filters:fill(FFF,true):format(jpg)/d2lnr5mha7bycj.cloudfront.net/product-image/file/large_2f89c839-cae8-4225-a867-5080d8fd14a0.jpg,"
Giant Eagle,Lucky Charms Gluten Free Breakfast Cereal,$6.99,,,18.6 oz,"['Gluten-Free', 'Whole Grain']",Many in stock,"https://www.instacart.com/image-server/257x257/filters:fill(FFF,true):format(jpg)/d2lnr5mha7bycj.cloudfront.net/product-image/file/large_d3304b4c-28bb-46ce-8493-b27afff2faf0.png,"
Giant Eagle,Honey Nut Cheerios Heart Healthy Cereal With Happy Heart Shapes,$4.99,,,10.8 oz,"['Gluten-Free', 'Whole Grain']",,"https://www.instacart.com/image-server/257x257/filters:fill(FFF,true):format(jpg)/d2lnr5mha7bycj.cloudfront.net/product-image/file/large_06aa3944-4486-4378-9dcd-14b8bbd6cfd5.png,"
Giant Eagle,"Post Fruity PEBBLES Breakfast Cereal, Gluten Free",$5.99,,,19.5 oz,['Gluten-Free'],Many in stock,"https://www.instacart.com/image-server/257x257/filters:fill(FFF,true):format(jpg)/d2lnr5mha7bycj.cloudfront.net/product-image/file/large_1e25fc49-da0f-4055-bad8-9b08a0762eb2.png,"
Giant Eagle,Nature Valley Cinnamon Brown Sugar Soft-Baked Oatmeal Squares,$7.99,,,14.88 oz,[],,"https://www.instacart.com/image-server/257x257/filters:fill(FFF,true):format(jpg)/d2lnr5mha7bycj.cloudfront.net/product-image/file/large_23800174-e514-4997-ab3b-9bb7d1010aac.png,"
Giant Eagle,Lucky Charms Gluten Free Breakfast Cereal with Marshmallows,$7.99,,,26.1 oz,"['Gluten-Free', 'Whole Grain']",Many in stock,"https://www.instacart.com/image-server/257x257/filters:fill(FFF,true):format(jpg)/d2lnr5mha7bycj.cloudfront.net/product-image/file/large_fb116e8d-9eb0-429e-a795-d1c3cbcaabdf.png,"
Giant Eagle,Cheerios Heart Healthy Cereal With Limited Edition Happy Heart Shapes,$4.99,,,8.9 oz,"['Gluten-Free', 'Whole Grain']",Many in stock,"https://www.instacart.com/image-server/257x257/filters:fill(FFF,true):format(jpg)/d2lnr5mha7bycj.cloudfront.net/product-image/file/large_bd097432-e2fc-4453-8b88-77ab33d6c969.png,"
Giant Eagle,General Mills Chocolate Peanut Butter Cheerios Breakfast Cereal,$6.89,,,14.2 oz,"['Gluten-Free', 'Whole Grain']",Many in stock,"https://www.instacart.com/image-server/257x257/filters:fill(FFF,true):format(jpg)/d2lnr5mha7bycj.cloudfront.net/product-image/file/large_0da7c507-c223-4a4e-9558-6f95936580a2.png,"
Giant Eagle,Cap'N Crunch Regular Cereal,$5.99,,,18 oz,[],,"https://www.instacart.com/image-server/257x257/filters:fill(FFF,true):format(jpg)/d2lnr5mha7bycj.cloudfront.net/product-image/file/large_c22491d6-6ebe-4adf-bd30-446ab1182db4.jpg,"
Giant Eagle,Post Grape-Nuts Original Breakfast Cereal,$5.39,,,20.5 oz,['Whole Grain'],Many in stock,"https://www.instacart.com/image-server/257x257/filters:fill(FFF,true):format(jpg)/d2lnr5mha7bycj.cloudfront.net/product-image/file/large_1ee10bdc-41e7-441e-b46a-5c32738d14f6.jpg,"
Giant Eagle,"Pop-Tarts Toaster Pastries, Breakfast Foods, Kids Snacks, Cookies and Creme",$4.99,,,12 ct,[],,"https://www.instacart.com/image-server/257x257/filters:fill(FFF,true):format(jpg)/d2lnr5mha7bycj.cloudfront.net/product-image/file/large_d2832c41-a48f-455b-9c3f-d4f194facf80.jpg,"
Giant Eagle,"Frosted Mini-Wheats Breakfast Cereal, Kids Cereal, Family Breakfast, Original",$6.99,,,24 oz,['Whole Grain'],Many in stock,"https://www.instacart.com/image-server/257x257/filters:fill(FFF,true):format(jpg)/d2lnr5mha7bycj.cloudfront.net/product-image/file/large_dd3ea32d-78fe-4e0e-9d55-f4299627f388.jpg,"
Giant Eagle,Chex Chocolate Gluten Free Cereal,$5.99,,,12.8 oz,"['Gluten-Free', 'Whole Grain']",,"https://www.instacart.com/image-server/257x257/filters:fill(FFF,true):format(jpg)/d2lnr5mha7bycj.cloudfront.net/product-image/file/large_7fe40ef6-cadd-4e73-932c-bdd87a04655f.png,"
Giant Eagle,Honey Nut Cheerios Heart Healthy Cereal With Happy Heart Shapes,$7.99,,,27.2 oz,"['Gluten-Free', 'Whole Grain']",Many in stock,"https://www.instacart.com/image-server/257x257/filters:fill(FFF,true):format(jpg)/d2lnr5mha7bycj.cloudfront.net/product-image/file/large_d3dab959-2b78-451e-b75b-41f717920daf.png,"
Giant Eagle,Lucky Charms Gluten Free Breakfast Cereal,$4.99,,,10.5 oz,"['Gluten-Free', 'Whole Grain']",Many in stock,"https://www.instacart.com/image-server/257x257/filters:fill(FFF,true):format(jpg)/d2lnr5mha7bycj.cloudfront.net/product-image/file/large_5d516354-21cd-4772-a60c-a641a4a301e2.png,"
Giant Eagle,"Pop-Tarts Toaster Pastries, Breakfast Foods, Kids Snacks, Frosted Cookies and Creme",$3.49,,,8 ct,[],Many in stock,"https://www.instacart.com/image-server/257x257/filters:fill(FFF,true):format(jpg)/d2lnr5mha7bycj.cloudfront.net/product-image/file/large_8a1c92fb-7f7a-46d5-ac3c-0768b10a0414.jpg,"
Giant Eagle,"Quaker Instant Oatmeal, Raspberry Strawberry",$5.99,,,6 x 1.41 oz,[],,"https://www.instacart.com/image-server/257x257/filters:fill(FFF,true):format(jpg)/d2lnr5mha7bycj.cloudfront.net/product-image/file/large_3266749d-e6f5-4f1d-9ebb-e00491830dfa.jpg,"
Giant Eagle,"Raisin Bran Breakfast Cereal, Family Breakfast, Fiber Cereal, Original",$6.99,,,24 oz,['Whole Grain'],Many in stock,"https://www.instacart.com/image-server/257x257/filters:fill(FFF,true):format(jpg)/d2lnr5mha7bycj.cloudfront.net/product-image/file/large_2ce7b843-d863-41d1-8819-1ac1c9e729a2.jpg,"
Giant Eagle,"Quaker Instant Oatmeal, Fruit and Cream - Pack",$4.99,,,8 x 1.05 oz,[],Many in stock,"https://www.instacart.com/image-server/257x257/filters:fill(FFF,true):format(jpg)/d2lnr5mha7bycj.cloudfront.net/product-image/file/large_3d7cc261-7bcb-4014-a039-fce2ec96f953.png,"
Giant Eagle,General Mills Reese's Puffs Chocolatey Peanut Butter Kids Breakfast Cereal,$6.99,,,16.7 oz,['Whole Grain'],Many in stock,"https://www.instacart.com/image-server/257x257/filters:fill(FFF,true):format(jpg)/d2lnr5mha7bycj.cloudfront.net/product-image/file/large_617809a6-42a2-4e51-967e-f6d6f2dc15cc.png,"
Giant Eagle,"Cocoa Puffs Corn Puffs, Sweetened, Naturally Flavored",$6.99,,,18.1 oz,[],,"https://www.instacart.com/image-server/257x257/filters:fill(FFF,true):format(jpg)/d2lnr5mha7bycj.cloudfront.net/product-image/file/large_19fd004e-5f5a-445a-ad01-51ec270cc846.png,"
Giant Eagle,"Pop-Tarts Toaster Pastries, Breakfast Foods, Kids Snacks, Frosted Banana Bread",$3.49,,,8 x 13.5 oz,[],,"https://www.instacart.com/image-server/257x257/filters:fill(FFF,true):format(jpg)/d2lnr5mha7bycj.cloudfront.net/product-image/file/large_959cc2f2-b1fc-4a56-88e6-23aa175c9017.jpg,"
Giant Eagle,"Pop-Tarts Toaster Pastries, Breakfast Foods, Kids Snacks, Frosted Wild Berry",$3.49,,,4 x 13.5 oz,[],Many in stock,"https://www.instacart.com/image-server/257x257/filters:fill(FFF,true):format(jpg)/d2lnr5mha7bycj.cloudfront.net/product-image/file/large_c5d1fe95-4d7e-4383-9d39-64bb8f773382.jpg,"
Giant Eagle,General Mills Reese's Puffs Chocolatey Peanut Butter Kids Breakfast Cereal,$5.99,,,11.5 oz,['Whole Grain'],Many in stock,"https://www.instacart.com/image-server/257x257/filters:fill(FFF,true):format(jpg)/d2lnr5mha7bycj.cloudfront.net/product-image/file/large_9b7cb279-c364-4efa-baa1-454daa611231.png,"
Giant Eagle,"Cheerios Cereal, Blueberry, Large Size",$6.89,,,14.2 oz,"['Gluten-Free', 'Whole Grain']",Many in stock,"https://www.instacart.com/image-server/257x257/filters:fill(FFF,true):format(jpg)/d2lnr5mha7bycj.cloudfront.net/product-image/file/large_f187e1e0-a736-44c2-baef-205fcbe4efd4.png,"
Giant Eagle,"Post Honeycomb Honeycomb Breakfast Cereal, Honey Flavored Corn Cereal, Kosher, Small size box",$5.39,,,12.5 oz,[],Many in stock,"https://www.instacart.com/image-server/257x257/filters:fill(FFF,true):format(jpg)/d2lnr5mha7bycj.cloudfront.net/product-image/file/large_60f4ad28-57a0-46b8-808b-f9ac2f8f229e.jpg,"
Giant Eagle,"Kellogg’s Special K Pastry Crisps, 100 Calorie Snacks, Breakfast Bars, Blueberry",$3.99,,,12 x 5.28 oz,[],,"https://www.instacart.com/image-server/257x257/filters:fill(FFF,true):format(jpg)/d2lnr5mha7bycj.cloudfront.net/product-image/file/large_2e54ce50-f20c-4c92-adcc-fc8479906766.jpg,"
Giant Eagle,"Post Cocoa PEBBLES Breakfast Cereal, Gluten Free, Kid Snacks, Large Cereal Box",$5.99,,,19.5 oz,['Gluten-Free'],Many in stock,"https://www.instacart.com/image-server/257x257/filters:fill(FFF,true):format(jpg)/d2lnr5mha7bycj.cloudfront.net/product-image/file/large_52bfb38b-66fc-4b8e-a0d5-4b12cd29b701.jpg,"
Giant Eagle,General Mills Reese's Puffs Chocolatey Peanut Butter Kids Breakfast Cereal,$7.99,,,29 oz,['Whole Grain'],Many in stock,"https://www.instacart.com/image-server/257x257/filters:fill(FFF,true):format(jpg)/d2lnr5mha7bycj.cloudfront.net/product-image/file/large_fd861676-1a8f-45ff-8104-04406cdb0edb.png,"
Giant Eagle,Post Honey Bunches of Oats Honey Roasted Breakfast Cereal,$4.99,,,12 oz,[],Many in stock,"https://www.instacart.com/image-server/257x257/filters:fill(FFF,true):format(jpg)/d2lnr5mha7bycj.cloudfront.net/product-image/file/large_2f56721f-2c5c-4005-ab9d-2cad2efd8ef4.png,"
Giant Eagle,"Pop-Tarts Toaster Pastries, Breakfast Foods, Kids Snacks, Chocolate Chip Drizzle",$3.49,,,4 x 13.5 oz,[],Many in stock,"https://www.instacart.com/image-server/257x257/filters:fill(FFF,true):format(jpg)/d2lnr5mha7bycj.cloudfront.net/product-image/file/large_2cf8c080-2f97-4794-85a3-5f740f510039.jpg,"
Giant Eagle,"Pop-Tarts Toaster Pastries, Breakfast Foods, Kids Snacks, Variety Pack",$9.99,,,32 x 53.9 oz,[],,"https://www.instacart.com/image-server/257x257/filters:fill(FFF,true):format(jpg)/d2lnr5mha7bycj.cloudfront.net/product-image/file/large_d2011ba3-0b0d-46cd-92ab-c8b9843a596f.jpg,"
Giant Eagle,"Pop-Tarts Toaster Pastries, Breakfast Foods, Kids Snacks, Frosted Strawberry",$4.99,,,12 ct,[],,"https://www.instacart.com/image-server/257x257/filters:fill(FFF,true):format(jpg)/d2lnr5mha7bycj.cloudfront.net/product-image/file/large_68729088-52ad-4c71-8ea2-04504cccf694.jpg,"
Giant Eagle,"Pop-Tarts Toaster Pastries, Breakfast Foods, Kids Snacks, Frosted Cherry",$3.49,,,8 x 13.5 oz,[],Many in stock,"https://www.instacart.com/image-server/257x257/filters:fill(FFF,true):format(jpg)/d2lnr5mha7bycj.cloudfront.net/product-image/file/large_0546779e-b47f-49b9-94ee-a6307cea67d5.jpg,"
Giant Eagle,"Pop-Tarts Toaster Pastries, Breakfast Foods, Kids Snacks, Frosted Strawberry",$3.49,,,8 ct,[],Many in stock,"https://www.instacart.com/image-server/257x257/filters:fill(FFF,true):format(jpg)/d2lnr5mha7bycj.cloudfront.net/product-image/file/large_390b557b-d714-4bdc-b06b-dc741540aa38.jpg,"
Giant Eagle,Kodiak Cakes Power Cakes Buttermilk Flapjack & Waffle Mix,$7.99,,,20 oz,['Whole Grain'],,"https://www.instacart.com/image-server/257x257/filters:fill(FFF,true):format(jpg)/d2lnr5mha7bycj.cloudfront.net/product-image/file/large_d4c2d3e6-2fa3-4307-b545-974511589a35.jpg,"
Giant Eagle,Malt-O-Meal Berry Colossal Crunch Cereal,$6.99,,,34.5 oz,[],,"https://www.instacart.com/image-server/257x257/filters:fill(FFF,true):format(jpg)/d2lnr5mha7bycj.cloudfront.net/product-image/file/large_d6c22d34-a1a3-48c8-bb78-cbea0fcb9370.jpg,"
Giant Eagle,"Giant Eagle Beef Ground, 80% Lean, 20% Fat",$8.03,/pkg (est.),$5.99 / lb,About 1.34 lb / package,[],,"https://www.instacart.com/image-server/257x257/filters:fill(FFF,true):format(jpg)/d2lnr5mha7bycj.cloudfront.net/product-image/file/large_87931eaa-96eb-49d6-9b86-4a87c8f6a0de.png,"
Giant Eagle,Giant Eagle 7% Fat 93% Lean Beef Ground,$8.53,/pkg (est.),$6.99 / lb,About 1.22 lb / package,[],,"https://www.instacart.com/image-server/257x257/filters:fill(FFF,true):format(jpg)/d2lnr5mha7bycj.cloudfront.net/product-image/file/large_b2c5b36a-1a39-48c7-913b-ccc58f19653f.png,"
Giant Eagle,"Thomas Farms Organic Grass Fed Ground Beef, 85% Lean 15% Fat",$7.99,,,1 lb,"['Organic', 'Grass-Fed']",,"https://www.instacart.com/image-server/257x257/filters:fill(FFF,true):format(jpg)/d2lnr5mha7bycj.cloudfront.net/product-image/file/large_383697ba-3c30-4998-a3d8-f6f8150f8753.jpg,"
Giant Eagle,Pre PRE® Ribeye Steak- 100% Grass Fed Fresh Beef,$13.99,,,10 oz,"['Grass-Fed', 'Non-GMO']",,"https://www.instacart.com/image-server/257x257/filters:fill(FFF,true):format(jpg)/d2lnr5mha7bycj.cloudfront.net/product-image/file/large_5ce3d771-b409-4c24-a376-7385da24856e.png,"
Giant Eagle,Market District 85% Lean 15% Fat Ground Beef,$7.31,/pkg (est.),$5.99 / lb,About 1.22 lb / package,[],,"https://www.instacart.com/image-server/257x257/filters:fill(FFF,true):format(jpg)/d2lnr5mha7bycj.cloudfront.net/product-image/file/large_41291c25-e5cf-4d54-bb36-92022f495a4f.png,"
Giant Eagle,Giant Eagle 80% Lean 20% Fat Beef Ground Value Pack,$16.02,/pkg (est.),$4.99 / lb,About 3.21 lb / package,[],,"https://www.instacart.com/image-server/257x257/filters:fill(FFF,true):format(jpg)/d2lnr5mha7bycj.cloudfront.net/product-image/file/large_8f1c6118-d669-4bb6-8e32-a726122aa942.png,"
Giant Eagle,90% Cr Ground Beef Usa,$6.99,each (est.),$6.99 / lb,About 1.0 lb each,[],,"https://www.instacart.com/image-server/257x257/filters:fill(FFF,true):format(jpg)/d1s8987jlndkbs.cloudfront.net/assets/missing-item-4bbe82b8555e4d1c12626fd482cb2409713e8e30835645ff3650ef66a725d03c.png,"
Giant Eagle,Market District 93% Lean 7% Fat Beef Ground Value Pack,$18.57,/pkg (est.),$5.99 / lb,About 3.1 lb / package,[],,"https://www.instacart.com/image-server/257x257/filters:fill(FFF,true):format(jpg)/d2lnr5mha7bycj.cloudfront.net/product-image/file/large_7426e8d3-00aa-49d3-8db8-692388cff6ea.png,"
Giant Eagle,Giant Eagle 85% Lean 15% Fat Beef Ground,$18.45,/pkg (est.),$5.99 / lb,About 3.08 lb / package,[],,"https://www.instacart.com/image-server/257x257/filters:fill(FFF,true):format(jpg)/d2lnr5mha7bycj.cloudfront.net/product-image/file/large_959e9c8c-8e12-4eec-8fde-1b86aa2e0cec.png,"
Giant Eagle,Giant Eagle 73% Lean 27% Fat Ground Beef,$6.24,/pkg (est.),$4.99 / lb,About 1.25 lb / package,[],,"https://www.instacart.com/image-server/257x257/filters:fill(FFF,true):format(jpg)/d2lnr5mha7bycj.cloudfront.net/product-image/file/large_4d34f67c-e745-414a-8245-780851d4f092.png,"
Giant Eagle,Pre PRE® New York Strip Steak- 100% Grass Fed Fresh Beef,$12.99,,,10 oz,"['Strip Steak', 'Grass-Fed']",,"https://www.instacart.com/image-server/257x257/filters:fill(FFF,true):format(jpg)/d2lnr5mha7bycj.cloudfront.net/product-image/file/large_516275d6-ee59-4533-8a52-195da7c5b49d.png,"
Giant Eagle,"Giant Eagle 96% Lean, 4% Fat Beef Ground",$8.42,/pkg (est.),$6.99 / lb,About 1.21 lb / package,[],,"https://www.instacart.com/image-server/257x257/filters:fill(FFF,true):format(jpg)/d2lnr5mha7bycj.cloudfront.net/product-image/file/large_e8b76b8b-c140-471f-b51a-a88a89047a61.png,"
Giant Eagle,Market District Certified Angus Beef Value Pack Lean Beef Stew Meat,$22.48,/pkg (est.),$8.99 / lb,About 2.5 lb / package,[],,"https://www.instacart.com/image-server/257x257/filters:fill(FFF,true):format(jpg)/d2lnr5mha7bycj.cloudfront.net/product-image/file/large_d8b7994a-9c52-41a5-8f4c-a96e192a8aad.png,"
Giant Eagle,Giant Eagle Market District Certified Angus Beef Pick 5 Round Fajita Meat,$9.99,,,1 lb,[],,"https://www.instacart.com/image-server/257x257/filters:fill(FFF,true):format(jpg)/d2lnr5mha7bycj.cloudfront.net/product-image/file/large_53e3a149-99b2-4161-82f3-111029915cac.png,"
Giant Eagle,Pre Brands 100% Grass Fed and Finished Filet Mignon,$11.99,,,5 oz,"['Filet Mignon', 'Grass-Fed']",,"https://www.instacart.com/image-server/257x257/filters:fill(FFF,true):format(jpg)/d2lnr5mha7bycj.cloudfront.net/product-image/file/large_a96ddac7-161b-44eb-aad8-4dc6f0196930.jpg,"
Giant Eagle,Market District Certified Angus Beef Boneless Beef Strip Steak,$12.49,/pkg (est.),$16.99 / lb,About 0.74 lb / package,['Strip Steak'],,"https://www.instacart.com/image-server/257x257/filters:fill(FFF,true):format(jpg)/d2lnr5mha7bycj.cloudfront.net/product-image/file/large_888f6754-00e6-46fc-8082-d6cb8e90b559.png,"
Giant Eagle,Giant Eagle 73% Lean 27% Fat Ground Beef Value Pack,$12.41,/pkg (est.),$3.99 / lb,About 3.11 lb / package,[],,"https://www.instacart.com/image-server/257x257/filters:fill(FFF,true):format(jpg)/d2lnr5mha7bycj.cloudfront.net/product-image/file/large_4404a085-de2e-49f6-a3fa-54ad2e0bf538.png,"
Giant Eagle,Certified Angus Beef Beef Boneless Chuck Roast,$25.89,/pkg (est.),$8.99 / lb,About 2.88 lb / package,['Roast'],,"https://www.instacart.com/image-server/257x257/filters:fill(FFF,true):format(jpg)/d2lnr5mha7bycj.cloudfront.net/product-image/file/large_4654e39d-f3f6-47d6-ab96-cc567346f26b.png,"
Giant Eagle,Certified Angus Beef Beef Stew Meat,$15.98,/pkg (est.),$9.99 / lb,About 1.6 lb / package,[],,"https://www.instacart.com/image-server/257x257/filters:fill(FFF,true):format(jpg)/d2lnr5mha7bycj.cloudfront.net/product-image/file/large_037dc879-4bcf-47f9-a0d2-e1366d4df3b8.png,"
Giant Eagle,Certified Angus Beef Beef Boneless Cube Steak Value Pack,$13.80,/pkg (est.),$8.99 / lb,About 1.54 lb / package,[],,"https://www.instacart.com/image-server/257x257/filters:fill(FFF,true):format(jpg)/d2lnr5mha7bycj.cloudfront.net/product-image/file/large_e775e6ec-0626-4db7-a08b-be15d464b43d.png,"
Giant Eagle,"Wahlburgers Burgers, Chuck Brisket Blend",$12.99,,,21.32 oz,[],,"https://www.instacart.com/image-server/257x257/filters:fill(FFF,true):format(jpg)/d2lnr5mha7bycj.cloudfront.net/product-image/file/large_ad441b4d-7f89-4937-967b-821ad8426bd9.png,"
Giant Eagle,Market District Certified Angus Beef Beef Tenderloin Tips,$16.99,each (est.),$16.99 / lb,About 1.0 lb each,['Roast'],,"https://www.instacart.com/image-server/257x257/filters:fill(FFF,true):format(jpg)/d2lnr5mha7bycj.cloudfront.net/product-image/file/large_6ee6b611-d48a-49c1-b55c-a0704785af1c.png,"
Giant Eagle,"Catelli Bros Family of Foods Veal, Ground, All Natural",$7.99,,,16 each,[],Many in stock,"https://www.instacart.com/image-server/257x257/filters:fill(FFF,true):format(jpg)/d2lnr5mha7bycj.cloudfront.net/product-image/file/large_e3d34163-b98f-4af2-9313-c6f29f4e5704.png,"
Giant Eagle,Market District Certified Angus Beef Semi-Boneless Strip Steak,$10.87,/pkg (est.),$14.99 / lb,About 0.73 lb / package,['Strip Steak'],,"https://www.instacart.com/image-server/257x257/filters:fill(FFF,true):format(jpg)/d2lnr5mha7bycj.cloudfront.net/product-image/file/large_c619f652-cbe0-49d9-b332-d4235133b7f9.png,"
Giant Eagle,Certified Angus Beef Beef Boneless Bottom Round Roast,$24.27,each (est.),$8.99 / lb,About 2.7 lb each,['Roast'],,"https://www.instacart.com/image-server/257x257/filters:fill(FFF,true):format(jpg)/d2lnr5mha7bycj.cloudfront.net/product-image/file/large_f9ac2941-a9a0-4fa7-97ee-daaa1b8acd23.png,"
Giant Eagle,Market District Choice Beef Back Ribs,$7.02,/pkg (est.),$3.99 / lb,About 1.76 lb / package,['Ribs'],,"https://www.instacart.com/image-server/257x257/filters:fill(FFF,true):format(jpg)/d2lnr5mha7bycj.cloudfront.net/product-image/file/large_d8ee06d0-3057-4509-aa3b-95029526022b.png,"
Giant Eagle,Market District Beef Round Sandwich Steak Thin,$29.97,/pkg (est.),$9.99 / lb,About 3.0 lb / package,['Round Steak'],,"https://www.instacart.com/image-server/257x257/filters:fill(FFF,true):format(jpg)/d2lnr5mha7bycj.cloudfront.net/product-image/file/large_e06165c8-0a61-433e-9eee-50817f905d37.png,"
Giant Eagle,Certified Angus Beef Semi-Boneless Strip Steak Value Pack,$41.97,/pkg (est.),$13.99 / lb,About 3.0 lb / package,['Strip Steak'],,"https://www.instacart.com/image-server/257x257/filters:fill(FFF,true):format(jpg)/d2lnr5mha7bycj.cloudfront.net/product-image/file/large_d1455032-d394-4179-a677-5a550aee1cb1.png,"
Giant Eagle,Market District Previously Frozen Beef Soup Bones,$3.99,/pkg (est.),$3.99 / lb,About 1.0 lb / package,[],,"https://www.instacart.com/image-server/257x257/filters:fill(FFF,true):format(jpg)/d2lnr5mha7bycj.cloudfront.net/product-image/file/large_b7f6d376-7ed5-4248-b385-2c89fda42ffd.png,"
Giant Eagle,Certified Angus Beef Value Pack Beef Boneless Strip Steak,$47.97,/pkg (est.),$15.99 / lb,About 3.0 lb / package,['Strip Steak'],,"https://www.instacart.com/image-server/257x257/filters:fill(FFF,true):format(jpg)/d2lnr5mha7bycj.cloudfront.net/product-image/file/large_ed6817b1-5f5d-44cc-9344-c1ddb8b32baf.png,"
Giant Eagle,Certified Angus Beef Beef T-Bone Steak,$16.99,/pkg (est.),$16.99 / lb,About 1.0 lb / package,['T-Bone'],,"https://www.instacart.com/image-server/257x257/filters:fill(FFF,true):format(jpg)/d2lnr5mha7bycj.cloudfront.net/product-image/file/large_1ac34638-d9c1-4b66-b874-ff6eb60ea580.png,"
Giant Eagle,Giant Eagle Beef Shank,$7.99,,,16 oz,['Shank'],,"https://www.instacart.com/image-server/257x257/filters:fill(FFF,true):format(jpg)/d2lnr5mha7bycj.cloudfront.net/product-image/file/large_ca8a66c2-5a24-4171-bbe1-972295af1e26.png,"
Giant Eagle,Giant Eagle 80% Lean 20% Fat Pick 5 Choice Beef Ground Burger Patty,$7.91,/pkg (est.),$5.99 / lb,About 1.32 lb / package,[],,"https://www.instacart.com/image-server/257x257/filters:fill(FFF,true):format(jpg)/d2lnr5mha7bycj.cloudfront.net/product-image/file/large_e952991a-baf8-455c-9979-dd33d3fe2c6d.png,"
Giant Eagle,Market District Certified Angus Beef Beef Top Round Roast,$22.48,each (est.),$8.99 / lb,About 2.5 lb each,['Roast'],,"https://www.instacart.com/image-server/257x257/filters:fill(FFF,true):format(jpg)/d2lnr5mha7bycj.cloudfront.net/product-image/file/large_89876b1a-d382-4e3b-b2f4-9ed9a8e0da4c.png,"
Giant Eagle,Market District Certified Angus Beef Eye Of Round Roast,$24.72,/pkg (est.),$8.99 / lb,About 2.75 lb / package,['Roast'],,"https://www.instacart.com/image-server/257x257/filters:fill(FFF,true):format(jpg)/d2lnr5mha7bycj.cloudfront.net/product-image/file/large_bd98f8ac-d0da-49dc-9203-d1691c2910d5.png,"
Giant Eagle,"Laura's Lean Beef Beef, Ground, Lean",$8.99,,,12 oz,[],,"https://www.instacart.com/image-server/257x257/filters:fill(FFF,true):format(jpg)/d2lnr5mha7bycj.cloudfront.net/product-image/file/large_4a4b0ce6-c348-4be0-becf-b9454ad791f5.png,"
Giant Eagle,Market District Thin Angus Beef Eye of Round Steak Value Pack,$26.97,/pkg (est.),$8.99 / lb,About 3.0 lb / package,['Round Steak'],,"https://www.instacart.com/image-server/257x257/filters:fill(FFF,true):format(jpg)/d1s8987jlndkbs.cloudfront.net/assets/missing-item-4bbe82b8555e4d1c12626fd482cb2409713e8e30835645ff3650ef66a725d03c.png,"
Giant Eagle,Certified Angus Beef Boneless Beef Prime Chuck Roast,$37.46,/pkg (est.),$9.99 / lb,About 3.75 lb / package,['Roast'],,"https://www.instacart.com/image-server/257x257/filters:fill(FFF,true):format(jpg)/d2lnr5mha7bycj.cloudfront.net/product-image/file/large_3dff5379-5d4b-44c9-b3c6-d2ce9ef98634.png,"
Giant Eagle,Certified Angus Beef Center Cut Beef Back Ribs,$6.99,,,1 lb,['Ribs'],,"https://www.instacart.com/image-server/257x257/filters:fill(FFF,true):format(jpg)/d2lnr5mha7bycj.cloudfront.net/product-image/file/large_f766011b-920d-4d32-b3dc-bcfaeb314262.png,"
Giant Eagle,Market District Pick 5 Certified Angus Beef Round Stir Fry Beef Meat,$6.19,each (est.),$9.99 / lb,About 0.62 lb each,[],,"https://www.instacart.com/image-server/257x257/filters:fill(FFF,true):format(jpg)/d2lnr5mha7bycj.cloudfront.net/product-image/file/large_d6fc66d2-8ff2-4d02-abed-4e8b884185ba.png,"
Giant Eagle,Certified Angus Beef Beef Delmonico Steak,$24.99,each (est.),$19.99 / lb,About 1.25 lb each,[],,"https://www.instacart.com/image-server/257x257/filters:fill(FFF,true):format(jpg)/d2lnr5mha7bycj.cloudfront.net/product-image/file/large_fa29d18f-4292-4592-8318-937be93afb52.png,"
Giant Eagle,"Kellogg’s Eggo Frozen Waffles, Frozen Breakfast, Breakfast Food, Original",$3.99,,,10 ct,[],Many in stock,"https://www.instacart.com/image-server/257x257/filters:fill(FFF,true):format(jpg)/d2lnr5mha7bycj.cloudfront.net/product-image/file/large_258537f7-6cde-4687-b23e-6a0dbf5cc5df.jpg,"
Giant Eagle,Giant Eagle French Toast Cinnamon Sticks,$3.49,,,16 oz,[],Many in stock,"https://www.instacart.com/image-server/257x257/filters:fill(FFF,true):format(jpg)/d2lnr5mha7bycj.cloudfront.net/product-image/file/large_627c0650-6c9a-41aa-b7d6-344f6e124065.png,"
Giant Eagle,Hot Pockets Deliwich Turkey + Colby,$8.99,,,12.9 oz,[],,"https://www.instacart.com/image-server/257x257/filters:fill(FFF,true):format(jpg)/d2lnr5mha7bycj.cloudfront.net/product-image/file/large_f8b6abcb-8517-4aad-8a84-10fdc890d351.jpg,"
Giant Eagle,Giant Eagle Buttermilk Waffles,$2.69,,,12.3 oz,[],Many in stock,"https://www.instacart.com/image-server/257x257/filters:fill(FFF,true):format(jpg)/d2lnr5mha7bycj.cloudfront.net/product-image/file/large_0689a772-feab-42a8-babb-87075cd125ab.png,"
Giant Eagle,Smucker's Sandwich,$4.99,,,8 oz,[],,"https://www.instacart.com/image-server/257x257/filters:fill(FFF,true):format(jpg)/d2lnr5mha7bycj.cloudfront.net/product-image/file/large_2d278f7e-ff00-4561-978e-34bffb9450e5.jpg,"
Giant Eagle,"Chobani Yogurt, Greek, Cinnamon French Toast",$1.99,,,4.5 oz,[],,"https://www.instacart.com/image-server/257x257/filters:fill(FFF,true):format(jpg)/d2lnr5mha7bycj.cloudfront.net/product-image/file/large_2c2a27d3-7a7d-495e-b4c3-ec25f4acb708.png,"
Giant Eagle,Hot Pockets Deliwich Cheddar & Ham Frozen Deli Sandwiches Ham And Cheese Sandwiches,$8.99,,,12.9 oz,[],,"https://www.instacart.com/image-server/257x257/filters:fill(FFF,true):format(jpg)/d2lnr5mha7bycj.cloudfront.net/product-image/file/large_8c372bb9-79c4-4445-838c-803008001d55.jpg,"
Giant Eagle,Pillsbury Cinnamon Roll Toaster Strudel Pastries,$3.99,,,11.7 oz,[],,"https://www.instacart.com/image-server/257x257/filters:fill(FFF,true):format(jpg)/d2lnr5mha7bycj.cloudfront.net/product-image/file/large_0377227b-2a0b-496b-ba74-3b622e610205.png,"
Giant Eagle,Pillsbury Bacon Toaster Scrambles Frozen Pastries,$3.49,,,7.2 oz,[],,"https://www.instacart.com/image-server/257x257/filters:fill(FFF,true):format(jpg)/d2lnr5mha7bycj.cloudfront.net/product-image/file/large_83ac0d3a-773e-4a17-8df0-b73ec0e31110.png,"
Giant Eagle,Ore-Ida Golden Hash Brown Patties Shredded Potatoes Frozen Food Snacks,$4.99,,,10 ct,['Vegan'],,"https://www.instacart.com/image-server/257x257/filters:fill(FFF,true):format(jpg)/d2lnr5mha7bycj.cloudfront.net/product-image/file/large_41913c62-b416-48b8-a4ac-0ff9dfc83a06.jpg,"
Giant Eagle,Hot Pockets Hot Pocket Deliwich Pepperoni & Mozzarella Frozen Sandwiches,$8.99,,,12.6 oz,[],,"https://www.instacart.com/image-server/257x257/filters:fill(FFF,true):format(jpg)/d2lnr5mha7bycj.cloudfront.net/product-image/file/large_559e2362-11ab-481a-b739-6bf5f614d602.jpg,"
Giant Eagle,Pillsbury Cream Cheese & Strawberry Toaster Strudel Pastries,$3.99,,,6 ct,[],,"https://www.instacart.com/image-server/257x257/filters:fill(FFF,true):format(jpg)/d2lnr5mha7bycj.cloudfront.net/product-image/file/large_731a3b01-0746-4712-b102-ad047f8ba3d5.png,"
Giant Eagle,Pillsbury Apple Toaster Strudel Pastries,$3.99,,,6 ct,[],Many in stock,"https://www.instacart.com/image-server/257x257/filters:fill(FFF,true):format(jpg)/d2lnr5mha7bycj.cloudfront.net/product-image/file/large_e6052b7a-b697-404d-b321-c4495f13d784.png,"
Giant Eagle,"Kellogg’s Eggo Frozen French Toast Sticks, Frozen Breakfast, Breakfast Food, Cinnamon",$3.99,,,12.7 oz,[],Many in stock,"https://www.instacart.com/image-server/257x257/filters:fill(FFF,true):format(jpg)/d2lnr5mha7bycj.cloudfront.net/product-image/file/large_c9506f93-344d-49db-8827-fcaa98536c34.jpg,"
Giant Eagle,Premier Protein Protein Pancakes,$6.99,,,12 ct,[],,"https://www.instacart.com/image-server/257x257/filters:fill(FFF,true):format(jpg)/d2lnr5mha7bycj.cloudfront.net/product-image/file/large_c55d378e-5373-4f94-a83f-230ba283045f.png,"
Giant Eagle,Ore-Ida Diced Hash Brown Potatoes Frozen Food Snacks,$4.99,,,32 oz,"['Gluten-Free', 'Vegan']",,"https://www.instacart.com/image-server/257x257/filters:fill(FFF,true):format(jpg)/d2lnr5mha7bycj.cloudfront.net/product-image/file/large_d9910d89-382e-4778-aba0-dd3bb16ddcdf.jpg,"
Giant Eagle,Giant Eagle Southern Style Hash Browns Diced Potatoes,$4.99,,,32 oz,"['Gluten-Free', 'Vegan']",,"https://www.instacart.com/image-server/257x257/filters:fill(FFF,true):format(jpg)/d2lnr5mha7bycj.cloudfront.net/product-image/file/large_d4d4d5d8-3f75-4c2a-ad17-34eeee0505b6.png,"
Giant Eagle,Jimmy Dean Meat Lovers Stuffed Hash Browns,$8.99,,,4 ct,[],,"https://www.instacart.com/image-server/257x257/filters:fill(FFF,true):format(jpg)/d2lnr5mha7bycj.cloudfront.net/product-image/file/large_159e203a-de9b-47d9-90d8-4542a57f746d.jpg,"
Giant Eagle,Banquet Brown 'n Serve Original Sausage Links,$2.69,,,10 ct,['Gluten-Free'],Many in stock,"https://www.instacart.com/image-server/257x257/filters:fill(FFF,true):format(jpg)/d2lnr5mha7bycj.cloudfront.net/product-image/file/large_77aa887f-0e77-41c4-813d-3981c85652d7.jpg,"
Giant Eagle,"Kellogg’s Eggo Frozen Waffles, Frozen Breakfast, Breakfast Food, Buttermilk",$6.99,,,29.6 oz,[],Many in stock,"https://www.instacart.com/image-server/257x257/filters:fill(FFF,true):format(jpg)/d2lnr5mha7bycj.cloudfront.net/product-image/file/large_83f98588-f832-4f80-ab3a-f576bcf6092f.jpg,"
Giant Eagle,"Jimmy Dean Bacon, Egg & Cheese Biscuit Sandwiches",$7.99,,,4 x 3.6 oz,[],,"https://www.instacart.com/image-server/257x257/filters:fill(FFF,true):format(jpg)/d2lnr5mha7bycj.cloudfront.net/product-image/file/large_1569640a-708f-452b-923b-d221d7be1842.jpg,"
Giant Eagle,Giant Eagle Buttermilk Pancakes,$2.79,,,16.5 oz,[],,"https://www.instacart.com/image-server/257x257/filters:fill(FFF,true):format(jpg)/d2lnr5mha7bycj.cloudfront.net/product-image/file/large_e464436f-2608-4dc0-b650-aa9dbd559d7a.png,"
Giant Eagle,Banquet Brown ‘N Serve Fully Cooked Turkey Sausage Links,$2.69,,,6.4 oz,[],Many in stock,"https://www.instacart.com/image-server/257x257/filters:fill(FFF,true):format(jpg)/d2lnr5mha7bycj.cloudfront.net/product-image/file/large_1945ee86-99ee-451a-8b48-50693724416d.jpg,"
Giant Eagle,"Jimmy Dean Ham & Cheese Croissant Sandwiches, Frozen",$14.99,,,8 x 3.4 oz,[],,"https://www.instacart.com/image-server/257x257/filters:fill(FFF,true):format(jpg)/d2lnr5mha7bycj.cloudfront.net/product-image/file/large_937408eb-4e61-4bbc-8c6f-8d72cc800ffa.jpg,"
Giant Eagle,"Kellogg’s Eggo Frozen Waffles, Frozen Breakfast, Breakfast Food, Homestyle",$6.99,,,29.6 oz,[],Many in stock,"https://www.instacart.com/image-server/257x257/filters:fill(FFF,true):format(jpg)/d2lnr5mha7bycj.cloudfront.net/product-image/file/large_d8119819-4617-4ccb-9014-60a5737259b6.jpg,"
Giant Eagle,"Jimmy Dean Bacon and Spinach Frittatas, Frozen",$9.99,,,6 ct,[],Many in stock,"https://www.instacart.com/image-server/257x257/filters:fill(FFF,true):format(jpg)/d2lnr5mha7bycj.cloudfront.net/product-image/file/large_a53e7b3f-b68a-4dde-809d-ae500e65ea63.jpg,"
Giant Eagle,Applegate Naturals Natural Chicken & Maple Breakfast Sausage Patty,$5.99,,,6 ct,['Gluten-Free'],,"https://www.instacart.com/image-server/257x257/filters:fill(FFF,true):format(jpg)/d2lnr5mha7bycj.cloudfront.net/product-image/file/large_0e90aba4-fa4d-419c-b053-7f6c6db8d79d.png,"
Giant Eagle,Jimmy Dean Meat Lovers Breakfast Bowl,$3.99,,,7 oz,[],Many in stock,"https://www.instacart.com/image-server/257x257/filters:fill(FFF,true):format(jpg)/d2lnr5mha7bycj.cloudfront.net/product-image/file/large_44962d27-a90a-4c09-983d-c349b1f0e5de.jpg,"
Giant Eagle,Dewafelbakkers Buttermilk Pancakes,$4.99,,,18 each,[],,"https://www.instacart.com/image-server/257x257/filters:fill(FFF,true):format(jpg)/d2lnr5mha7bycj.cloudfront.net/product-image/file/large_a7b2eeae-90ef-4d49-b874-a71b65493f15.png,"
Giant Eagle,Jimmy Dean Pancakes and Sausage on a Stick Frozen Breakfast,$11.99,,,12 ct,[],,"https://www.instacart.com/image-server/257x257/filters:fill(FFF,true):format(jpg)/d2lnr5mha7bycj.cloudfront.net/product-image/file/large_7f8662a1-db98-4f50-b9f4-23ad75854ba1.jpg,"
Giant Eagle,"Kellogg’s Eggo Frozen Waffle Bites, Frozen Breakfast, Breakfast Food, Cinnamon Toast",$3.99,,,10.75 oz,[],,"https://www.instacart.com/image-server/257x257/filters:fill(FFF,true):format(jpg)/d2lnr5mha7bycj.cloudfront.net/product-image/file/large_8a2e11bf-a6ca-49df-8ac8-add1d7085f81.jpg,"
Giant Eagle,"Kellogg’s Eggo Frozen Waffles, Frozen Breakfast, Resealable, Strawberry",$3.99,,,10 ct,[],Many in stock,"https://www.instacart.com/image-server/257x257/filters:fill(FFF,true):format(jpg)/d2lnr5mha7bycj.cloudfront.net/product-image/file/large_524a959c-3f2b-4729-a151-101c898393ab.jpg,"
Giant Eagle,"Kellogg’s Eggo Frozen Waffles, Frozen Breakfast, Breakfast Food, Buttermilk",$3.99,,,10 ct,[],Many in stock,"https://www.instacart.com/image-server/257x257/filters:fill(FFF,true):format(jpg)/d2lnr5mha7bycj.cloudfront.net/product-image/file/large_e75a8bd1-34e4-47fd-be70-dde554b56254.jpg,"
Giant Eagle,"Jimmy Dean Frozen Sausage, Egg & Cheese Biscuit Breakfast Sandwich",$14.99,,,8 ct,[],,"https://www.instacart.com/image-server/257x257/filters:fill(FFF,true):format(jpg)/d2lnr5mha7bycj.cloudfront.net/product-image/file/large_16cde5f8-ef5a-4c9d-b46a-d4bb5c511566.jpg,"
Giant Eagle,Farm Rich Cinnamon French Toast Sticks,$11.99,,,48 oz,[],,"https://www.instacart.com/image-server/257x257/filters:fill(FFF,true):format(jpg)/d2lnr5mha7bycj.cloudfront.net/product-image/file/large_504addb8-1ba1-4710-906d-bc821d47c5d5.jpeg,"
Giant Eagle,"Jimmy Dean Delights Breakfast Bowl, Turkey Sausage, Frozen, 7 oz Bowl",$3.99,,,7 oz,[],Many in stock,"https://www.instacart.com/image-server/257x257/filters:fill(FFF,true):format(jpg)/d2lnr5mha7bycj.cloudfront.net/product-image/file/large_eb18339e-4a69-4ef0-a5e5-5359f49c957a.jpg,"
Giant Eagle,Smucker's Sandwich,$4.99,,,4 ct,[],,"https://www.instacart.com/image-server/257x257/filters:fill(FFF,true):format(jpg)/d2lnr5mha7bycj.cloudfront.net/product-image/file/large_d6897d82-042a-4271-8adf-02dbd5d3147a.jpg,"
Giant Eagle,"Kellogg’s Eggo Frozen Waffles, Frozen Breakfast, Breakfast Food, Blueberry",$3.99,,,10 ct,[],,"https://www.instacart.com/image-server/257x257/filters:fill(FFF,true):format(jpg)/d2lnr5mha7bycj.cloudfront.net/product-image/file/large_df3187b4-fcd1-456a-a847-24a17544cc8c.jpg,"
Giant Eagle,Jimmy Dean Sausage Simple Scrambles,$3.99,,,5.4 oz,[],,"https://www.instacart.com/image-server/257x257/filters:fill(FFF,true):format(jpg)/d2lnr5mha7bycj.cloudfront.net/product-image/file/large_335fe78c-9298-49e0-9c87-5082850dac74.jpg,"
Giant Eagle,"Jimmy Dean Croissant Breakfast Sandwiches with Sausage, Egg, and Cheese, Frozen, 8 Count",$14.99,,,8 x 4.5 oz,[],,"https://www.instacart.com/image-server/257x257/filters:fill(FFF,true):format(jpg)/d2lnr5mha7bycj.cloudfront.net/product-image/file/large_ee272f76-c788-4ab2-bb1d-c46eb20114db.jpg,"
Giant Eagle,Ore-Ida Shredded Hash Brown Potatoes Frozen Food Snacks,$4.99,,,30 oz,"['Gluten-Free', 'Vegan']",,"https://www.instacart.com/image-server/257x257/filters:fill(FFF,true):format(jpg)/d2lnr5mha7bycj.cloudfront.net/product-image/file/large_7a6339e9-967f-4709-be02-98317d96df91.jpg,"
Giant Eagle,"Kellogg’s Eggo Frozen Liege-Style Waffles, Frozen Breakfast, Kids Snacks, Buttery Maple",$5.99,,,4 ct,[],Many in stock,"https://www.instacart.com/image-server/257x257/filters:fill(FFF,true):format(jpg)/d2lnr5mha7bycj.cloudfront.net/product-image/file/large_2ef436bc-724d-4acd-9aa8-a4e85327e452.jpg,"
Giant Eagle,"Kellogg’s Eggo Frozen Waffles, Frozen Breakfast, Breakfast Food, Chocolatey Chip",$3.99,,,10 ct,[],Many in stock,"https://www.instacart.com/image-server/257x257/filters:fill(FFF,true):format(jpg)/d2lnr5mha7bycj.cloudfront.net/product-image/file/large_3e5c16d3-1e6d-4dc7-a528-9bd7665f5f4a.jpg,"
Giant Eagle,"Jimmy Dean Toaster Pastries, Ham, Egg & Cheese",$7.99,,,8 ct,[],,"https://www.instacart.com/image-server/257x257/filters:fill(FFF,true):format(jpg)/d2lnr5mha7bycj.cloudfront.net/product-image/file/large_b1db435a-1dc5-41a1-93a5-7e4e0084f214.png,"
Giant Eagle,Green Bell Pepper,$2.35,each (est.),$3.99 / lb,About 0.59 lb each,[],,"https://www.instacart.com/image-server/257x257/filters:fill(FFF,true):format(jpg)/d2lnr5mha7bycj.cloudfront.net/product-image/file/large_57a1d780-8298-4f82-a282-b1d09ef97997.png,"
Giant Eagle,Iceberg Lettuce,$1.99,,,,[],Many in stock,"https://www.instacart.com/image-server/257x257/filters:fill(FFF,true):format(jpg)/d2lnr5mha7bycj.cloudfront.net/product-image/file/large_2a09f7f3-3b64-42ab-aa66-dc58f3409329.png,"
Giant Eagle,Rojo's Street Corn Dip,$5.99,,,11 oz,[],,"https://www.instacart.com/image-server/257x257/filters:fill(FFF,true):format(jpg)/d2lnr5mha7bycj.cloudfront.net/product-image/file/large_94f3bef4-f784-468b-93da-58da964035f9.png,"
Giant Eagle,Yellow Onion,$1.74,each (est.),$2.49 / lb,About 0.7 lb each,[],,"https://www.instacart.com/image-server/257x257/filters:fill(FFF,true):format(jpg)/d2lnr5mha7bycj.cloudfront.net/product-image/file/large_500d9bec-341f-48e0-8086-08c4b24e4b96.png,"
Giant Eagle,Red Bell Pepper,$2.69,each (est.),$4.99 / lb,About 0.54 lb each,[],,"https://www.instacart.com/image-server/257x257/filters:fill(FFF,true):format(jpg)/d2lnr5mha7bycj.cloudfront.net/product-image/file/large_4447fda0-0797-40c3-acb6-5d41558a0a1b.png,"
Giant Eagle,Tomato,$1.57,each (est.),$1.99 / lb,About 0.79 lb each,[],,"https://www.instacart.com/image-server/257x257/filters:fill(FFF,true):format(jpg)/d2lnr5mha7bycj.cloudfront.net/product-image/file/large_3a9135f7-05ba-4843-bfbd-9a2538e5a0ec.png,"
Giant Eagle,Melissa's Bok Choy Leaves,$5.99,,,1 lb,[],,"https://www.instacart.com/image-server/257x257/filters:fill(FFF,true):format(jpg)/d2lnr5mha7bycj.cloudfront.net/product-image/file/large_3ac1eadb-95b0-48c6-ada8-559a34323629.png,"
Giant Eagle,Celery Bunch,$2.69,,,1 lb bunch,[],Many in stock,"https://www.instacart.com/image-server/257x257/filters:fill(FFF,true):format(jpg)/d2lnr5mha7bycj.cloudfront.net/product-image/file/large_4540c65f-aff1-4d82-832f-a36929dee56f.png,"
Giant Eagle,Sweet Onion,$1.59,each (est.),$1.99 / lb,About 0.8 lb each,[],,"https://www.instacart.com/image-server/257x257/filters:fill(FFF,true):format(jpg)/d2lnr5mha7bycj.cloudfront.net/product-image/file/large_a020ac40-4d3c-4df4-95dc-7228235ee38d.png,"
Giant Eagle,Green Onions (Scallions) Bunch,$2.09,,,per lb,[],Many in stock,"https://www.instacart.com/image-server/257x257/filters:fill(FFF,true):format(jpg)/d2lnr5mha7bycj.cloudfront.net/product-image/file/large_a4b4a569-eef0-4529-a77f-51d8417ce66e.png,"
Giant Eagle,"Melissa's Cabbage Leaves, Napa",$6.99,,,1 lb,[],,"https://www.instacart.com/image-server/257x257/filters:fill(FFF,true):format(jpg)/d2lnr5mha7bycj.cloudfront.net/product-image/file/large_4736081f-d1c1-4d53-9764-50d9f05cd89e.jpeg,"
Giant Eagle,Garlic,$0.82,each (est.),$4.99 / lb,About 0.17 lb each,[],,"https://www.instacart.com/image-server/257x257/filters:fill(FFF,true):format(jpg)/d2lnr5mha7bycj.cloudfront.net/product-image/file/large_ec113224-e19f-4e3a-bdf8-95a7c5bf8466.png,"
Giant Eagle,Broccoli Crown,$3.49,each (est.),$4.99 / lb,About 0.7 lb each,[],,"https://www.instacart.com/image-server/257x257/filters:fill(FFF,true):format(jpg)/d2lnr5mha7bycj.cloudfront.net/product-image/file/large_f4e69abb-f542-484f-a7ed-2e0e5e979dc0.png,"
Giant Eagle,Cilantro Bunch,$2.69,,,1 bunch,[],Many in stock,"https://www.instacart.com/image-server/257x257/filters:fill(FFF,true):format(jpg)/d2lnr5mha7bycj.cloudfront.net/product-image/file/large_7c1d0032-d041-4b23-a470-c07e96afbde2.png,"
Giant Eagle,Giant Eagle Spinach,$2.99,,,8 oz,[],,"https://www.instacart.com/image-server/257x257/filters:fill(FFF,true):format(jpg)/d2lnr5mha7bycj.cloudfront.net/product-image/file/large_f1dfff39-2b3d-49f7-a4b1-d8115e3d316a.png,"
Giant Eagle,Giant Eagle Russet Potatoes,$4.99,,,5 lb,[],,"https://www.instacart.com/image-server/257x257/filters:fill(FFF,true):format(jpg)/d2lnr5mha7bycj.cloudfront.net/product-image/file/large_ddfa172e-da47-43df-90ce-c9c2803217e3.png,"
Giant Eagle,Yellow Onion Bag,$3.99,,,1 ct,[],Many in stock,"https://www.instacart.com/image-server/257x257/filters:fill(FFF,true):format(jpg)/d2lnr5mha7bycj.cloudfront.net/product-image/file/large_867fd183-99a5-4e72-a9fc-7ca88404e0c3.png,"
Giant Eagle,Tomato,$2.93,each (est.),$3.99 / lb,About 0.73 lb each,[],,"https://www.instacart.com/image-server/257x257/filters:fill(FFF,true):format(jpg)/d2lnr5mha7bycj.cloudfront.net/product-image/file/large_7f72d668-0f54-47b2-8d27-78caee0e9b55.png,"
Giant Eagle,Red Onion,$2.42,each (est.),$2.99 / lb,About 0.81 lb each,[],,"https://www.instacart.com/image-server/257x257/filters:fill(FFF,true):format(jpg)/d2lnr5mha7bycj.cloudfront.net/product-image/file/large_631bc424-29c5-4dda-a64d-de5ec3fa9a7e.png,"
Giant Eagle,Greenhouse Roma Tomato,$0.84,each (est.),$2.99 / lb,About 0.28 lb each,[],,"https://www.instacart.com/image-server/257x257/filters:fill(FFF,true):format(jpg)/d2lnr5mha7bycj.cloudfront.net/product-image/file/large_1496b104-dde8-4208-b901-ba4a197ac22e.png,"
Giant Eagle,Kale Bunch,$0.55,each (est.),$0.99 / lb,About 0.56 lb each,[],,"https://www.instacart.com/image-server/257x257/filters:fill(FFF,true):format(jpg)/d2lnr5mha7bycj.cloudfront.net/product-image/file/large_25e49b35-1fdd-44d0-9051-55921cd4aecd.png,"
Giant Eagle,Asparagus Bunch,$6.05,each (est.),$5.99 / lb,About 1.01 lb each,[],,"https://www.instacart.com/image-server/257x257/filters:fill(FFF,true):format(jpg)/d2lnr5mha7bycj.cloudfront.net/product-image/file/large_67f8d3b1-3458-4045-8003-c824a73cc367.png,"
Giant Eagle,Green Cabbage,$4.13,each (est.),$1.39 / lb,About 2.97 lb each,[],,"https://www.instacart.com/image-server/257x257/filters:fill(FFF,true):format(jpg)/d2lnr5mha7bycj.cloudfront.net/product-image/file/large_228c10a7-2c51-488f-88cd-2d45dceed0fb.png,"
Giant Eagle,"Life's Getting Fresher Celery Sticks, Fresh",$2.99,,,8 oz,['Non-GMO'],,"https://www.instacart.com/image-server/257x257/filters:fill(FFF,true):format(jpg)/d2lnr5mha7bycj.cloudfront.net/product-image/file/large_9ee1f3cb-3b10-44e5-b31c-f128eafaadb5.png,"
Giant Eagle,Zucchini Squash,$1.92,each (est.),$3.99 / lb,About 0.48 lb each,[],,"https://www.instacart.com/image-server/257x257/filters:fill(FFF,true):format(jpg)/d2lnr5mha7bycj.cloudfront.net/product-image/file/large_9c57296e-1ad6-4119-b2ec-cd8e5c3589ae.png,"
Giant Eagle,Diced Yellow Onion,$3.19,,,8 oz,[],,"https://www.instacart.com/image-server/257x257/filters:fill(FFF,true):format(jpg)/d2lnr5mha7bycj.cloudfront.net/product-image/file/large_0f717b39-1b91-4a7d-8b38-c8a04ab3236c.png,"
Giant Eagle,Giant Eagle Baby Bella Sliced Mushrooms,$3.99,,,8 oz,['Non-GMO'],Many in stock,"https://www.instacart.com/image-server/257x257/filters:fill(FFF,true):format(jpg)/d2lnr5mha7bycj.cloudfront.net/product-image/file/large_2f389129-09bb-463a-91fb-71f4426ff361.png,"
Giant Eagle,PRODUCE CLEVELAND Family Pack Honey Gold,$6.99,,,3 lb,[],Many in stock,"https://www.instacart.com/image-server/257x257/filters:fill(FFF,true):format(jpg)/d2lnr5mha7bycj.cloudfront.net/product-image/file/large_7cda2fe2-8bcb-411c-a083-9d51e19238a1.png,"
Giant Eagle,Red Grape Tomato Package,$3.99,,,1 lb container,[],,"https://www.instacart.com/image-server/257x257/filters:fill(FFF,true):format(jpg)/d2lnr5mha7bycj.cloudfront.net/product-image/file/large_20e96124-9c68-4241-8e57-1999950c6f19.png,"
Giant Eagle,Carrot,$0.81,each (est.),$2.69 / lb,About 0.3 lb each,"['In Season', 'Non-GMO']",,"https://www.instacart.com/image-server/257x257/filters:fill(FFF,true):format(jpg)/d2lnr5mha7bycj.cloudfront.net/product-image/file/large_451a94d2-50e9-4c64-ace2-471b0a82e97a.png,"
Giant Eagle,Yellow Bell Pepper,$2.30,each (est.),$4.99 / lb,About 0.46 lb each,[],,"https://www.instacart.com/image-server/257x257/filters:fill(FFF,true):format(jpg)/d2lnr5mha7bycj.cloudfront.net/product-image/file/large_1e312b2e-7212-4ed9-8f08-a5e0c81712bb.png,"
Giant Eagle,Giant Eagle Baby Spinach,$3.19,,,5 oz,[],Many in stock,"https://www.instacart.com/image-server/257x257/filters:fill(FFF,true):format(jpg)/d2lnr5mha7bycj.cloudfront.net/product-image/file/large_70284ca3-7d76-4b70-a34f-22baa4c3c178.png,"
Giant Eagle,Orange Bell Pepper,$2.74,each (est.),$4.99 / lb,About 0.55 lb each,[],,"https://www.instacart.com/image-server/257x257/filters:fill(FFF,true):format(jpg)/d2lnr5mha7bycj.cloudfront.net/product-image/file/large_340b388f-0df4-449d-a84c-cabb5eb8d1d4.png,"
Giant Eagle,Broccoli Bunch,$3.99,,,1 ct,[],Many in stock,"https://www.instacart.com/image-server/257x257/filters:fill(FFF,true):format(jpg)/d2lnr5mha7bycj.cloudfront.net/product-image/file/large_3cd2bfac-8ef7-4e49-b2ca-1a0cb3bcd2b4.png,"
Giant Eagle,Market District Gold Petite Potatoes,$4.99,,,24 oz,['Non-GMO'],,"https://www.instacart.com/image-server/257x257/filters:fill(FFF,true):format(jpg)/d2lnr5mha7bycj.cloudfront.net/product-image/file/large_7b3fa187-2aee-4446-ab0c-1a20df1cb4e7.png,"
Giant Eagle,Spinach Bunch,$1.42,each (est.),$2.99 / lb,About 0.48 lb each,[],,"https://www.instacart.com/image-server/257x257/filters:fill(FFF,true):format(jpg)/d2lnr5mha7bycj.cloudfront.net/product-image/file/large_a22f7707-f488-4e1f-9c03-5aea9a1c6d61.png,"
Giant Eagle,Giant Eagle Russet Potatoes,$9.99,,,10 lb,[],,"https://www.instacart.com/image-server/257x257/filters:fill(FFF,true):format(jpg)/d2lnr5mha7bycj.cloudfront.net/product-image/file/large_8c4583e8-6bff-4c9c-bc14-a7bc7f211f44.png,"
Giant Eagle,"Giant Eagle Romaine Lettuce, Carrots And Red Cabbage Garden Salad",$3.19,,,12 oz,[],,"https://www.instacart.com/image-server/257x257/filters:fill(FFF,true):format(jpg)/d2lnr5mha7bycj.cloudfront.net/product-image/file/large_3f9b3833-4f97-4a5a-8fcf-4112ae9230c9.png,"
Giant Eagle,Giant Eagle Romaine Lettuce And Green Leaf Lettuce Salad,$3.19,,,9 oz,[],,"https://www.instacart.com/image-server/257x257/filters:fill(FFF,true):format(jpg)/d2lnr5mha7bycj.cloudfront.net/product-image/file/large_9364bfee-3e8c-429b-9465-3c79e71eb259.png,"
Giant Eagle,Market District Premium Peeled Garlic,$4.99,,,8 oz,[],,"https://www.instacart.com/image-server/257x257/filters:fill(FFF,true):format(jpg)/d2lnr5mha7bycj.cloudfront.net/product-image/file/large_c37638d6-4d07-4e26-bd6f-f197c3613647.png,"
Giant Eagle,Giant Eagle Baby-cut Carrots,$4.99,,,32 oz,"['In Season', 'Non-GMO']",,"https://www.instacart.com/image-server/257x257/filters:fill(FFF,true):format(jpg)/d2lnr5mha7bycj.cloudfront.net/product-image/file/large_295a6163-8fb0-44af-9767-55f421b2fc09.png,"
Giant Eagle,Hydroponic Tomato,$3.99,each (est.),$3.99 / lb,About 1.0 lb each,[],,"https://www.instacart.com/image-server/257x257/filters:fill(FFF,true):format(jpg)/d2lnr5mha7bycj.cloudfront.net/product-image/file/large_2334ca4a-ab35-4f8c-9d8f-522c1cacaeae.png,"
Giant Eagle,Mrs. T's Classic Cheddar,$6.99,,,32 oz,[],,"https://www.instacart.com/image-server/257x257/filters:fill(FFF,true):format(jpg)/d2lnr5mha7bycj.cloudfront.net/product-image/file/large_3e398771-b625-4b6b-8d6a-d215f5679380.jpg,"
Giant Eagle,Smucker's Uncrustables Peanut Butter & Grape Jelly Sandwich,$4.99,,,4 x 2 oz,[],,"https://www.instacart.com/image-server/257x257/filters:fill(FFF,true):format(jpg)/d2lnr5mha7bycj.cloudfront.net/product-image/file/large_6f7892fd-1522-46f8-98d4-d823594bd706.jpg,"
Giant Eagle,"Deep Indian Kitchen Chicken Curry, Medium Spice",$6.99,,,9 oz,['Gluten-Free'],,"https://www.instacart.com/image-server/257x257/filters:fill(FFF,true):format(jpg)/d2lnr5mha7bycj.cloudfront.net/product-image/file/large_ebc02c10-cb74-4372-ae51-ec24fd872150.png,"
Giant Eagle,El Monterey Beef & Bean Burrito,$6.99,,,2 lb,[],,"https://www.instacart.com/image-server/257x257/filters:fill(FFF,true):format(jpg)/d2lnr5mha7bycj.cloudfront.net/product-image/file/large_6308a0bc-b32b-44e6-a4e1-423a8c3726a2.png,"
Giant Eagle,"Banquet Salisbury Steak Meal, Frozen Meal",$1.99,,,11.88 oz,[],,"https://www.instacart.com/image-server/257x257/filters:fill(FFF,true):format(jpg)/d2lnr5mha7bycj.cloudfront.net/product-image/file/large_9e0a6d39-1287-4876-9d37-a986b959f291.jpg,"
Giant Eagle,On‑Cor Gravy & Salisbury Steaks,$4.99,,,6 ct,[],Many in stock,"https://www.instacart.com/image-server/257x257/filters:fill(FFF,true):format(jpg)/d2lnr5mha7bycj.cloudfront.net/product-image/file/large_ef026fb6-c4ac-428c-bdd5-759d19cf7b3a.png,"
Giant Eagle,"P.F. Chang's Dan Dan Noodle Bowl, Frozen Meal",$5.99,,,11 oz,[],Many in stock,"https://www.instacart.com/image-server/257x257/filters:fill(FFF,true):format(jpg)/d2lnr5mha7bycj.cloudfront.net/product-image/file/large_fbb56f80-72f5-401f-9c6b-203823ad7296.jpg,"
Giant Eagle,Giant Eagle Garlic Knots,$3.49,,,8 oz,[],,"https://www.instacart.com/image-server/257x257/filters:fill(FFF,true):format(jpg)/d2lnr5mha7bycj.cloudfront.net/product-image/file/large_433f799c-c9ff-4841-a0d3-0450758f9ff3.png,"
Giant Eagle,"Marie Callender's Chicken Pot Pie, Frozen Meal",$4.99,,,15 oz,[],,"https://www.instacart.com/image-server/257x257/filters:fill(FFF,true):format(jpg)/d2lnr5mha7bycj.cloudfront.net/product-image/file/large_4a204544-968c-4f51-b9cc-d0a6e26ff6f7.jpg,"
Giant Eagle,Totino's Pepperoni Flavored Party Pizza Thin Crust Frozen Pizza Snacks,$2.59,,,10.2 oz,[],Many in stock,"https://www.instacart.com/image-server/257x257/filters:fill(FFF,true):format(jpg)/d2lnr5mha7bycj.cloudfront.net/product-image/file/large_be7ec5f3-8e71-4920-9736-2513803548f5.png,"
Giant Eagle,"Deep Indian Kitchen Spinach Paneer, Mild Spice, Indian Kitchen",$6.99,,,9 oz,['Gluten-Free'],Many in stock,"https://www.instacart.com/image-server/257x257/filters:fill(FFF,true):format(jpg)/d2lnr5mha7bycj.cloudfront.net/product-image/file/large_9c4c368a-207f-4364-967c-79eaedddf190.png,"
Giant Eagle,Market District Cold Chicken Pot Pie,$5.99,,,12 oz,[],,"https://www.instacart.com/image-server/257x257/filters:fill(FFF,true):format(jpg)/d2lnr5mha7bycj.cloudfront.net/product-image/file/large_1d038e0b-8c01-4e73-8fc6-b7a8b7f8b05e.png,"
Giant Eagle,Red Baron Deep Dish Singles Pepperoni Pizzas,$4.99,,,11.2 oz,[],,"https://www.instacart.com/image-server/257x257/filters:fill(FFF,true):format(jpg)/d2lnr5mha7bycj.cloudfront.net/product-image/file/large_aeb4895e-b46e-4712-b0da-0ab119d5205a.jpg,"
Giant Eagle,Stouffer's Stuffed Peppers Large Size Frozen Meal,$5.99,,,15.5 oz,[],,"https://www.instacart.com/image-server/257x257/filters:fill(FFF,true):format(jpg)/d2lnr5mha7bycj.cloudfront.net/product-image/file/large_c0e1ece2-6036-428e-b643-4ab50a4677f3.jpg,"
Giant Eagle,"Hearth & Fire Premium Pizza, The Margherita",$14.99,,,17.2 oz,[],,"https://www.instacart.com/image-server/257x257/filters:fill(FFF,true):format(jpg)/d2lnr5mha7bycj.cloudfront.net/product-image/file/large_1733e649-4ba5-4fe3-95b5-4b97f05c0711.jpg,"
Giant Eagle,Stouffer's Roast Turkey,$3.99,,,9.63 oz,[],,"https://www.instacart.com/image-server/257x257/filters:fill(FFF,true):format(jpg)/d2lnr5mha7bycj.cloudfront.net/product-image/file/large_cf6f61ff-2020-4856-bb23-b14ac82ae8d6.jpg,"
Giant Eagle,El Monterey Beef & Bean Chimichangas,$6.99,,,8 each,[],,"https://www.instacart.com/image-server/257x257/filters:fill(FFF,true):format(jpg)/d2lnr5mha7bycj.cloudfront.net/product-image/file/large_931933a3-02fa-4060-9b4f-33ef2bfd61ec.png,"
Giant Eagle,California Pizza Kitchen Bbq Recipe Chicken Frozen Pizza Chicken Pizza On A Crispy Thin Crust,$9.99,,,14.7 oz,[],,"https://www.instacart.com/image-server/257x257/filters:fill(FFF,true):format(jpg)/d2lnr5mha7bycj.cloudfront.net/product-image/file/large_1bf57b3c-309e-4614-a7c8-e21eb8500ffb.jpg,"
Giant Eagle,Healthy Choice Simply Steamers Creamy Spinach & Tomato Linguini Frozen Meal,$3.99,,,9 oz,[],,"https://www.instacart.com/image-server/257x257/filters:fill(FFF,true):format(jpg)/d2lnr5mha7bycj.cloudfront.net/product-image/file/large_94529327-1ac8-46ed-9cde-3ccda66114fa.jpg,"
Giant Eagle,Stouffer's Macaroni & Cheese Frozen Meal,$3.99,,,12 oz,[],,"https://www.instacart.com/image-server/257x257/filters:fill(FFF,true):format(jpg)/d2lnr5mha7bycj.cloudfront.net/product-image/file/large_74cbb5a1-3633-4459-b319-d26051db25e1.jpg,"
Giant Eagle,California Pizza Kitchen Margherita Recipe Crispy Thin Crust Frozen Pizza,$9.99,,,15.5 oz,[],Many in stock,"https://www.instacart.com/image-server/257x257/filters:fill(FFF,true):format(jpg)/d2lnr5mha7bycj.cloudfront.net/product-image/file/large_a46bbaba-69d8-40fd-aa3b-4581f05732a4.jpg,"
Giant Eagle,Healthy Choice Café Steamers Grilled Chicken Pesto With Vegetables Frozen Meal,$3.59,,,10.6 oz,[],,"https://www.instacart.com/image-server/257x257/filters:fill(FFF,true):format(jpg)/d2lnr5mha7bycj.cloudfront.net/product-image/file/large_e7281b4a-c614-451d-8b8f-b0f46f646164.jpg,"
Giant Eagle,"P.F. Chang's Chicken Lo Mein Skillet Meal, Frozen Meal",$9.99,,,22 oz,[],,"https://www.instacart.com/image-server/257x257/filters:fill(FFF,true):format(jpg)/d2lnr5mha7bycj.cloudfront.net/product-image/file/large_17005496-bdc4-4e48-a72a-98d813b79563.jpg,"
Giant Eagle,ON Cor Breaded Chicken Parmagiana Patties with Tomato Sauce,$4.99,,,6 x 26 oz,[],,"https://www.instacart.com/image-server/257x257/filters:fill(FFF,true):format(jpg)/d2lnr5mha7bycj.cloudfront.net/product-image/file/large_63ee88fe-2f57-4eab-aef6-ab82ea581d21.png,"
Giant Eagle,Stouffer's Lasagna With Meat & Sauce Frozen Meal,$3.99,,,10.5 oz,[],,"https://www.instacart.com/image-server/257x257/filters:fill(FFF,true):format(jpg)/d2lnr5mha7bycj.cloudfront.net/product-image/file/large_f43382f2-44f7-48c8-8d89-2bdcf803d58d.jpg,"
Giant Eagle,"InnovAsian Vegetable Fried Rice, Frozen Side Dish",$5.99,,,18 oz,[],,"https://www.instacart.com/image-server/257x257/filters:fill(FFF,true):format(jpg)/d2lnr5mha7bycj.cloudfront.net/product-image/file/large_83b4236e-828a-4dc6-ae02-5b4e110601f3.png,"
Giant Eagle,"P.F. Chang's Beef with Broccoli Skillet Meal, Frozen Meal",$9.99,,,22 oz,[],,"https://www.instacart.com/image-server/257x257/filters:fill(FFF,true):format(jpg)/d2lnr5mha7bycj.cloudfront.net/product-image/file/large_f467c3e9-13bf-4ccd-94ac-2300ad8b8143.jpg,"
Giant Eagle,Red Baron French Bread Singles Pepperoni Pizzas,$4.99,,,10.8 oz,[],,"https://www.instacart.com/image-server/257x257/filters:fill(FFF,true):format(jpg)/d2lnr5mha7bycj.cloudfront.net/product-image/file/large_7f36881c-85f0-421d-bb48-2b84a69814a2.jpg,"
Giant Eagle,El Monterey Extra Crunchy Taco Seasoned Beef & Cheese Taquitos,$9.99,,,18 each,[],,"https://www.instacart.com/image-server/257x257/filters:fill(FFF,true):format(jpg)/d2lnr5mha7bycj.cloudfront.net/product-image/file/large_c80872f2-5003-49b3-9f83-951eaf69d222.png,"
Giant Eagle,Stouffer's Classics Salisbury Steak Frozen Entrée,$3.99,,,9.63 oz,[],,"https://www.instacart.com/image-server/257x257/filters:fill(FFF,true):format(jpg)/d2lnr5mha7bycj.cloudfront.net/product-image/file/large_5bebbb34-b0b7-406b-975b-14be69bc44b4.jpg,"
Giant Eagle,Healthy Choice Simply Steamers Chicken Fried Rice Frozen Meal,$3.99,,,10 oz,[],Many in stock,"https://www.instacart.com/image-server/257x257/filters:fill(FFF,true):format(jpg)/d2lnr5mha7bycj.cloudfront.net/product-image/file/large_c32c125b-a772-499d-b686-89f11b2eb056.jpg,"
Giant Eagle,"Marie Callender's Aged Cheddar Cheesy Chicken and Rice Bowl, Frozen Meal",$3.59,,,12 oz,[],,"https://www.instacart.com/image-server/257x257/filters:fill(FFF,true):format(jpg)/d2lnr5mha7bycj.cloudfront.net/product-image/file/large_55cf3bb0-8946-47ea-aca2-3dcd9b0002ca.jpeg,"
Giant Eagle,California Pizza Kitchen Roasted Garlic Chicken Crispy Thin Crust Frozen Pizza,$9.99,,,13.5 oz,[],,"https://www.instacart.com/image-server/257x257/filters:fill(FFF,true):format(jpg)/d2lnr5mha7bycj.cloudfront.net/product-image/file/large_a4f01dd4-0685-4b84-b32b-a400a4a9f071.jpg,"
Giant Eagle,"Healthy Choice Café Steamers Grilled Chicken Marinara With Parmesan, Frozen Meal",$3.59,,,9.5 oz,[],,"https://www.instacart.com/image-server/257x257/filters:fill(FFF,true):format(jpg)/d2lnr5mha7bycj.cloudfront.net/product-image/file/large_ee8b4d8b-9172-4c09-96ea-3e0e0d3a08ef.jpg,"
Giant Eagle,Healthy Choice Café Steamers Chicken Fettuccini Alfredo Frozen Meal,$3.59,,,10 oz,[],,"https://www.instacart.com/image-server/257x257/filters:fill(FFF,true):format(jpg)/d2lnr5mha7bycj.cloudfront.net/product-image/file/large_9ae416e7-176a-460e-9694-de39ab9dae11.jpg,"
Giant Eagle,"White Castle Sliders, Classic Cheese",$7.99,,,6 x 1.83 oz,[],,"https://www.instacart.com/image-server/257x257/filters:fill(FFF,true):format(jpg)/d2lnr5mha7bycj.cloudfront.net/product-image/file/large_bd490c21-9c61-452b-bb7f-807a42f64484.png,"
Giant Eagle,Freschetta Naturally Rising Crust Pepperoni Pizza,$7.99,,,27.35 oz,[],,"https://www.instacart.com/image-server/257x257/filters:fill(FFF,true):format(jpg)/d2lnr5mha7bycj.cloudfront.net/product-image/file/large_420f2b10-ed15-4b26-a5e6-1361cda632b9.jpg,"
Giant Eagle,DiGiorno Original Rising Crust Frozen Pizza Pepperoni,$7.99,,,27.5 oz,[],,"https://www.instacart.com/image-server/257x257/filters:fill(FFF,true):format(jpg)/d2lnr5mha7bycj.cloudfront.net/product-image/file/large_6fbf7746-d059-40b0-be2b-48b1e29399dd.jpg,"
Giant Eagle,Healthy Choice Simply Steamers Beef & Broccoli Frozen Meal,$3.99,,,10 oz,[],,"https://www.instacart.com/image-server/257x257/filters:fill(FFF,true):format(jpg)/d2lnr5mha7bycj.cloudfront.net/product-image/file/large_f1a4b7dd-c68b-46cd-bd76-e7bb4055fe3f.jpg,"
Giant Eagle,Red Baron Frozen Pizza Classic Crust Pepperoni,$7.99,,,20.6 oz,[],,"https://www.instacart.com/image-server/257x257/filters:fill(FFF,true):format(jpg)/d2lnr5mha7bycj.cloudfront.net/product-image/file/large_fb80c7a2-efbc-4696-ab3b-89da2b9259be.jpg,"
Giant Eagle,Healthy Choice Café Stmr Beef Teriyaki Frozen Meal,$3.59,,,9.5 oz,[],,"https://www.instacart.com/image-server/257x257/filters:fill(FFF,true):format(jpg)/d2lnr5mha7bycj.cloudfront.net/product-image/file/large_bc4000a4-5e79-4123-8c75-b68938ba07c4.jpg,"
Giant Eagle,California Pizza Kitchen Artisanal Style Cheese Frozen Pizza With Cauliflower Pizza Crust,$11.99,,,11.8 oz,['Gluten-Free'],,"https://www.instacart.com/image-server/257x257/filters:fill(FFF,true):format(jpg)/d2lnr5mha7bycj.cloudfront.net/product-image/file/large_e30bbafd-3f0a-4f5f-a12b-9433a55ac325.jpg,"
Giant Eagle,"El Monterey Burritos, Egg, Sausage, Cheese & Potato",$12.99,,,8 each,[],Many in stock,"https://www.instacart.com/image-server/257x257/filters:fill(FFF,true):format(jpg)/d2lnr5mha7bycj.cloudfront.net/product-image/file/large_40097d8e-6b6a-4e7e-9347-b674cec91b89.png,"
Giant Eagle,Stouffer's Cheddar Baked Potatoes Frozen Entrée,$6.99,,,24 oz,[],,"https://www.instacart.com/image-server/257x257/filters:fill(FFF,true):format(jpg)/d2lnr5mha7bycj.cloudfront.net/product-image/file/large_40b03e1e-5d44-4dca-b2f0-84ddab87fb4d.jpg,"
Giant Eagle,California Pizza Kitchen Sicilian Recipe Frozen Pizza With Crispy Thin Crust,$9.99,,,15.5 oz,[],,"https://www.instacart.com/image-server/257x257/filters:fill(FFF,true):format(jpg)/d2lnr5mha7bycj.cloudfront.net/product-image/file/large_01206a7e-00ae-40d3-8ceb-b08b85b4d3ac.jpg,"
Giant Eagle,Red Baron Classic Crust Four Cheese Pizza,$7.99,,,21.06 oz,[],Many in stock,"https://www.instacart.com/image-server/257x257/filters:fill(FFF,true):format(jpg)/d2lnr5mha7bycj.cloudfront.net/product-image/file/large_2e583606-8f38-42ca-bd87-5823152d36ed.jpg,"
Giant Eagle,Healthy Choice Simply Steamers Chicken & Vegetable Stir Fry Frozen Meal,$3.99,,,9.25 oz,[],,"https://www.instacart.com/image-server/257x257/filters:fill(FFF,true):format(jpg)/d2lnr5mha7bycj.cloudfront.net/product-image/file/large_436e39bf-25d4-436b-b24b-da330f83dcb7.jpg,"
Giant Eagle,Stouffer's Chicken Parmesan,$3.99,,,12 oz,[],,"https://www.instacart.com/image-server/257x257/filters:fill(FFF,true):format(jpg)/d2lnr5mha7bycj.cloudfront.net/product-image/file/large_0fe774fe-34bf-4a33-a883-221afe50b4dc.jpg,"
Giant Eagle,California Pizza Kitchen Pepperoni And Hot Honey Frozen Pizza,$11.99,,,10.8 oz,[],,"https://www.instacart.com/image-server/257x257/filters:fill(FFF,true):format(jpg)/d2lnr5mha7bycj.cloudfront.net/product-image/file/large_665630d4-3e84-40bc-9516-840cebbca10e.jpg,"
Giant Eagle,Ge Rotisserie Chicken Tub,$4.99,,,9 oz,[],,"https://www.instacart.com/image-server/257x257/filters:fill(FFF,true):format(jpg)/d2lnr5mha7bycj.cloudfront.net/product-image/file/large_753c1d6b-689e-47f1-8127-6ac84e485a95.png,"
Giant Eagle,Cold Roasted Chicken,$9.99,,,8 ct,[],,"https://www.instacart.com/image-server/257x257/filters:fill(FFF,true):format(jpg)/d2lnr5mha7bycj.cloudfront.net/product-image/file/large_9de5eb69-455f-4328-b9db-c906915aebcf.png,"
Giant Eagle,Kevin's Natural Foods Roasted Garlic Chicken,$9.99,,,16 oz,[],,"https://www.instacart.com/image-server/257x257/filters:fill(FFF,true):format(jpg)/d2lnr5mha7bycj.cloudfront.net/product-image/file/large_3011c888-90c7-4815-ac49-fcd6f47860e8.jpg,"
Giant Eagle,Cold Smokehouse Roasted Chicken,$9.99,,,8 ct,[],,"https://www.instacart.com/image-server/257x257/filters:fill(FFF,true):format(jpg)/d2lnr5mha7bycj.cloudfront.net/product-image/file/large_480fe421-d710-4cf8-929f-3247026a458f.png,"
Giant Eagle,Cold Lemon & Rosemary Roasted Chicken,$9.99,,,8 ct,[],,"https://www.instacart.com/image-server/257x257/filters:fill(FFF,true):format(jpg)/d2lnr5mha7bycj.cloudfront.net/product-image/file/large_8c65ca25-a8fa-45b4-961f-4cd9dc07856e.png,"
Giant Eagle,Chili Lime Cold Roasted Chicken,$9.99,,,8 ct,[],,"https://www.instacart.com/image-server/257x257/filters:fill(FFF,true):format(jpg)/d1s8987jlndkbs.cloudfront.net/assets/missing-item-4bbe82b8555e4d1c12626fd482cb2409713e8e30835645ff3650ef66a725d03c.png,"
Giant Eagle,Kevin's Natural Foods Korean BBQ-Style Chicken,$9.99,,,16 oz,[],,"https://www.instacart.com/image-server/257x257/filters:fill(FFF,true):format(jpg)/d2lnr5mha7bycj.cloudfront.net/product-image/file/large_270743c2-3f77-4a46-ad94-0068bec678a0.jpg,"
Giant Eagle,Giant Eagle Pulled Rotisserie Chicken,$12.99,,,1 each,[],,"https://www.instacart.com/image-server/257x257/filters:fill(FFF,true):format(jpg)/d2lnr5mha7bycj.cloudfront.net/product-image/file/large_d08693d2-0235-4a34-9cbd-0d90db2cb9c7.png,"
Giant Eagle,Giant Eagle Hot Fried Chicken,$9.99,,,8 ct,[],,"https://www.instacart.com/image-server/257x257/filters:fill(FFF,true):format(jpg)/d2lnr5mha7bycj.cloudfront.net/product-image/file/large_6054135e-2ea8-4d7b-b5b6-effb9787c520.png,"
Giant Eagle,Asian Style Ginger Boneless Wings,$11.99,,,1 lb,[],,"https://www.instacart.com/image-server/257x257/filters:fill(FFF,true):format(jpg)/d1s8987jlndkbs.cloudfront.net/assets/missing-item-4bbe82b8555e4d1c12626fd482cb2409713e8e30835645ff3650ef66a725d03c.png,"
Giant Eagle,John Soules Foods Chicken Fajitas,$4.59,,,6 oz,[],,"https://www.instacart.com/image-server/257x257/filters:fill(FFF,true):format(jpg)/d2lnr5mha7bycj.cloudfront.net/product-image/file/large_b1d34242-a3af-42c0-bfe1-f171d8bbae19.png,"
Giant Eagle,Giant Eagle Cold Smokehouse Rotisserie Chicken,$6.99,,,1 each,[],,"https://www.instacart.com/image-server/257x257/filters:fill(FFF,true):format(jpg)/d2lnr5mha7bycj.cloudfront.net/product-image/file/large_e54ec63e-c2e4-4632-a7d8-0aab868226c5.png,"
Giant Eagle,Cold Hand Breaded Shrimp,$12.99,,,1 lb,[],,"https://www.instacart.com/image-server/257x257/filters:fill(FFF,true):format(jpg)/d1s8987jlndkbs.cloudfront.net/assets/missing-item-4bbe82b8555e4d1c12626fd482cb2409713e8e30835645ff3650ef66a725d03c.png,"
Giant Eagle,Curly's Bbq & Ribs,$5.99,,,16 oz,[],,"https://www.instacart.com/image-server/257x257/filters:fill(FFF,true):format(jpg)/d2lnr5mha7bycj.cloudfront.net/product-image/file/large_32c878f1-d345-47dd-ad57-4b2f1fcff386.jpg,"
Giant Eagle,Del Real Slow-Cooked Pork Carnitas,$12.99,,,16 oz,[],,"https://www.instacart.com/image-server/257x257/filters:fill(FFF,true):format(jpg)/d2lnr5mha7bycj.cloudfront.net/product-image/file/large_e0baccd3-3d73-45c4-b102-e499ed7a879e.png,"
Giant Eagle,Market District Grilled Chicken Breast,$13.99,,,2 ct,[],,"https://www.instacart.com/image-server/257x257/filters:fill(FFF,true):format(jpg)/d2lnr5mha7bycj.cloudfront.net/product-image/file/large_dcd339ec-2199-4be3-95b9-c0a6f5ccd394.png,"
Giant Eagle,Giant Eagle Chicken Cordon Bleu,$7.99,,,1 lb,[],,"https://www.instacart.com/image-server/257x257/filters:fill(FFF,true):format(jpg)/d2lnr5mha7bycj.cloudfront.net/product-image/file/large_cd1a3acc-0b03-49aa-9bc5-764fb938e3e6.png,"
Giant Eagle,Market District Cold Chicken Picnic,$9.99,,,29 oz,[],,"https://www.instacart.com/image-server/257x257/filters:fill(FFF,true):format(jpg)/d2lnr5mha7bycj.cloudfront.net/product-image/file/large_70ad2cf5-2a19-4c4d-8106-c14c823020f0.png,"
Giant Eagle,Giant Eagle Nashville Style Chicken,$9.99,,,8 ct,[],,"https://www.instacart.com/image-server/257x257/filters:fill(FFF,true):format(jpg)/d2lnr5mha7bycj.cloudfront.net/product-image/file/large_ae555328-cad1-4ff8-86e0-209f77e6c218.png,"
Giant Eagle,Giant Eagle Hand Breaded Chicken Tenders with Ranch Sauce,$11.99,each (est.),$11.99 / lb,About 1.0 lb each,[],,"https://www.instacart.com/image-server/257x257/filters:fill(FFF,true):format(jpg)/d2lnr5mha7bycj.cloudfront.net/product-image/file/large_5827507e-bbe4-47fd-bb8a-7f3db01c777f.png,"
Giant Eagle,Giant Eagle Meatball & Meatloaf Mix,$6.99,,,1.4 lb,[],Many in stock,"https://www.instacart.com/image-server/257x257/filters:fill(FFF,true):format(jpg)/d2lnr5mha7bycj.cloudfront.net/product-image/file/large_dc04e535-c6cb-450d-940c-e28e2dec6e87.png,"
Giant Eagle,"Perdue Chicken Strips, White Meat, Grilled",$4.99,,,8 oz,[],,"https://www.instacart.com/image-server/257x257/filters:fill(FFF,true):format(jpg)/d2lnr5mha7bycj.cloudfront.net/product-image/file/large_8a8de373-bac4-4a2c-baf7-ebb7efbd58bb.png,"
Giant Eagle,Giant Eagle Cold Bbq Boneless Chicken Wings,$11.99,each (est.),$11.99 / lb,About 1.0 lb each,[],,"https://www.instacart.com/image-server/257x257/filters:fill(FFF,true):format(jpg)/d2lnr5mha7bycj.cloudfront.net/product-image/file/large_79de719f-cb54-4428-a02a-29d467c19e48.png,"
Giant Eagle,Hormel Bone In Smoked Pork Chop Sliced,$7.99,,,15 oz,[],,"https://www.instacart.com/image-server/257x257/filters:fill(FFF,true):format(jpg)/d2lnr5mha7bycj.cloudfront.net/product-image/file/large_9df0337f-ae1a-4eea-a2f5-bf161de85e8a.png,"
Giant Eagle,Albert’s Meats Hickory Smoked Turkey Necks,$4.99,each (est.),$4.99 / lb,About 1.0 lb each,[],,"https://www.instacart.com/image-server/257x257/filters:fill(FFF,true):format(jpg)/d2lnr5mha7bycj.cloudfront.net/product-image/file/large_9f21eae0-5390-4c02-ae49-1fa6660aa3d3.png,"
Giant Eagle,Giant Eagle Hand Breaded Chicken Tenderloins,$16.19,each (est.),$11.99 / lb,About 1.35 lb each,[],,"https://www.instacart.com/image-server/257x257/filters:fill(FFF,true):format(jpg)/d2lnr5mha7bycj.cloudfront.net/product-image/file/large_de3e0b0d-acc6-495e-ae02-036fce144267.png,"
Giant Eagle,Giant Eagle Cold Rotisserie Lemon Rosemary Chicken,$6.99,,,1 each,[],,"https://www.instacart.com/image-server/257x257/filters:fill(FFF,true):format(jpg)/d2lnr5mha7bycj.cloudfront.net/product-image/file/large_cdca9b66-5f4d-488b-954f-9689cf563a94.png,"
Giant Eagle,Giant Eagle Cold Buffalo Style Chicken Wings,$10.99,,,1 lb,[],,"https://www.instacart.com/image-server/257x257/filters:fill(FFF,true):format(jpg)/d2lnr5mha7bycj.cloudfront.net/product-image/file/large_a932c913-b03e-44fa-860e-70d84bebf603.png,"
Giant Eagle,Giant Eagle Cold BBQ Chicken Wings,$10.99,,,1 lb,[],,"https://www.instacart.com/image-server/257x257/filters:fill(FFF,true):format(jpg)/d2lnr5mha7bycj.cloudfront.net/product-image/file/large_891ea3a9-5bb6-4276-a2cf-af6cb6a984c8.png,"
Giant Eagle,John Soules Foods Steak Fajitas,$5.99,,,6 oz,[],,"https://www.instacart.com/image-server/257x257/filters:fill(FFF,true):format(jpg)/d2lnr5mha7bycj.cloudfront.net/product-image/file/large_aab3851f-676c-4f47-b092-0b9696783d07.png,"
Giant Eagle,Giant Eagle Cold Garlic Parmesan Chicken Wings,$10.99,,,1 lb,[],,"https://www.instacart.com/image-server/257x257/filters:fill(FFF,true):format(jpg)/d1s8987jlndkbs.cloudfront.net/assets/missing-item-4bbe82b8555e4d1c12626fd482cb2409713e8e30835645ff3650ef66a725d03c.png,"
Giant Eagle,Giant Eagle Cold Plain Chicken Wings,$10.99,,,1 lb,[],,"https://www.instacart.com/image-server/257x257/filters:fill(FFF,true):format(jpg)/d1s8987jlndkbs.cloudfront.net/assets/missing-item-4bbe82b8555e4d1c12626fd482cb2409713e8e30835645ff3650ef66a725d03c.png,"
Giant Eagle,Giant Eagle Mixed Dark Meat Fried Chicken,$9.99,,,8 x 31.2 oz,[],,"https://www.instacart.com/image-server/257x257/filters:fill(FFF,true):format(jpg)/d1s8987jlndkbs.cloudfront.net/assets/missing-item-4bbe82b8555e4d1c12626fd482cb2409713e8e30835645ff3650ef66a725d03c.png,"
Giant Eagle,Giant Eagle Garlic Parmesan Boneless Chicken Wings,$11.99,,,1 lb,[],,"https://www.instacart.com/image-server/257x257/filters:fill(FFF,true):format(jpg)/d2lnr5mha7bycj.cloudfront.net/product-image/file/large_c9403e58-4759-4b92-ad82-bf76fdc3287b.png,"
Giant Eagle,Hormel Square Table Slow Simmered Beef Tips And Gravy,$10.99,,,15 oz,[],,"https://www.instacart.com/image-server/257x257/filters:fill(FFF,true):format(jpg)/d2lnr5mha7bycj.cloudfront.net/product-image/file/large_682ce508-b2c6-4ae7-8ed3-46d6617ee3c2.JPG,"
Giant Eagle,"Jack Daniel's Pulled Pork, Tennessee Honey",$10.99,,,16 oz,[],,"https://www.instacart.com/image-server/257x257/filters:fill(FFF,true):format(jpg)/d2lnr5mha7bycj.cloudfront.net/product-image/file/large_af8a8da2-93dd-4057-865d-97e3efa124aa.png,"
Giant Eagle,Giant Eagle Stuffed Scallops,$6.99,,,1 each,[],,"https://www.instacart.com/image-server/257x257/filters:fill(FFF,true):format(jpg)/d2lnr5mha7bycj.cloudfront.net/product-image/file/large_6f88e74e-a3ff-4996-a28c-1bac0ea58b46.png,"
Giant Eagle,Giant Eagle Boneless Buffalo Chicken Wings,$9.59,each (est.),$11.99 / lb,About 0.8 lb each,[],,"https://www.instacart.com/image-server/257x257/filters:fill(FFF,true):format(jpg)/d2lnr5mha7bycj.cloudfront.net/product-image/file/large_1eeb2e06-957e-4b21-a40f-3be98488dbf0.png,"
Giant Eagle,"Bob Evans Farms Mashed Potatoes, Garlic",$5.99,,,12 oz,[],,"https://www.instacart.com/image-server/257x257/filters:fill(FFF,true):format(jpg)/d2lnr5mha7bycj.cloudfront.net/product-image/file/large_02c7ad79-89bb-46c5-aaa4-7c30d223400b.png,"
Giant Eagle,Pillsbury Cinnamon Rolls Refrigerated Pastry Dough With Original Icing,$4.49,,,12.7 oz,[],Many in stock,"https://www.instacart.com/image-server/257x257/filters:fill(FFF,true):format(jpg)/d2lnr5mha7bycj.cloudfront.net/product-image/file/large_2ff15daa-1579-4f22-bd88-39257aa936eb.png,"
Giant Eagle,Pillsbury Original Crescent Rolls Refrigerated Canned Pastry Dough,$3.99,,,8 oz,[],,"https://www.instacart.com/image-server/257x257/filters:fill(FFF,true):format(jpg)/d2lnr5mha7bycj.cloudfront.net/product-image/file/large_fce615e8-2028-4a9b-b067-2266ea1642f5.png,"
Giant Eagle,"Nature Nate's Honey, Organic, Raw & Unfiltered",$12.99,,,16 oz,"['Organic', 'Gluten-Free']",Many in stock,"https://www.instacart.com/image-server/257x257/filters:fill(FFF,true):format(jpg)/d2lnr5mha7bycj.cloudfront.net/product-image/file/large_989915a5-6375-4af8-b237-3cdba345cbdc.png,"
Giant Eagle,"Old El Paso Taco Seasoning Mix, Original Flavor",$1.39,,,1 oz,[],,"https://www.instacart.com/image-server/257x257/filters:fill(FFF,true):format(jpg)/d2lnr5mha7bycj.cloudfront.net/product-image/file/large_0f700134-f2d3-4e08-9fe9-9d53bf12f025.png,"
Giant Eagle,Giant Eagle Vegetable Oil,$4.99,,,48 fl oz,[],Many in stock,"https://www.instacart.com/image-server/257x257/filters:fill(FFF,true):format(jpg)/d2lnr5mha7bycj.cloudfront.net/product-image/file/large_9d5a81a8-2014-4b01-952f-b9d6b9b43107.png,"
Giant Eagle,Pillsbury Cinnamon Rolls with Original Icing,$2.99,,,7.3 oz,[],,"https://www.instacart.com/image-server/257x257/filters:fill(FFF,true):format(jpg)/d2lnr5mha7bycj.cloudfront.net/product-image/file/large_f70edf3f-13b5-4b0e-a0e5-8e63549f69e7.png,"
Giant Eagle,"Nature Nate's Honey, Raw & Unfiltered",$9.99,,,16 oz,['Gluten-Free'],,"https://www.instacart.com/image-server/257x257/filters:fill(FFF,true):format(jpg)/d2lnr5mha7bycj.cloudfront.net/product-image/file/large_72f6acb1-b018-4fdf-9b0c-55853eb7dd36.png,"
Giant Eagle,"Giant Eagle Enriched, Bleached & Pre-sifted All-purpose Flour",$2.99,,,5 lb,[],,"https://www.instacart.com/image-server/257x257/filters:fill(FFF,true):format(jpg)/d2lnr5mha7bycj.cloudfront.net/product-image/file/large_3297e97c-6377-4fee-b72e-c8a67baa66ae.png,"
Giant Eagle,Pillsbury Ready to Bake Refrigerated Chocolate Chip Cookie Dough,$4.99,,,16 oz,[],,"https://www.instacart.com/image-server/257x257/filters:fill(FFF,true):format(jpg)/d2lnr5mha7bycj.cloudfront.net/product-image/file/large_7ad3c5ab-0d64-48b1-a52e-096a6ea00719.png,"
Giant Eagle,Giant Eagle Vegetable Oil,$2.69,,,16 fl oz,[],,"https://www.instacart.com/image-server/257x257/filters:fill(FFF,true):format(jpg)/d2lnr5mha7bycj.cloudfront.net/product-image/file/large_45dad989-d2bd-4113-b330-6f17be72e239.png,"
Giant Eagle,Lawry's® Classic Coarse Ground Garlic Salt,$5.99,,,11 oz,[],,"https://www.instacart.com/image-server/257x257/filters:fill(FFF,true):format(jpg)/d2lnr5mha7bycj.cloudfront.net/product-image/file/large_79d666f1-a673-4c74-a711-1cf81f434274.jpg,"
Giant Eagle,Toll House Chocolate Chip Cookie Dough,$8.99,,,36 oz,[],,"https://www.instacart.com/image-server/257x257/filters:fill(FFF,true):format(jpg)/d2lnr5mha7bycj.cloudfront.net/product-image/file/large_9243b384-91a4-45a1-9a90-7e220d7c0dce.jpg,"
Giant Eagle,Domino Premium Pure Cane Granulated Sugar,$5.99,,,4 lb,[],Many in stock,"https://www.instacart.com/image-server/257x257/filters:fill(FFF,true):format(jpg)/d2lnr5mha7bycj.cloudfront.net/product-image/file/large_b37d1f2d-286d-46dc-b945-863961f35987.png,"
Giant Eagle,Pillsbury Premade Refrigerated Pie Crusts,$4.99,,,14.1 oz,[],Many in stock,"https://www.instacart.com/image-server/257x257/filters:fill(FFF,true):format(jpg)/d2lnr5mha7bycj.cloudfront.net/product-image/file/large_5e6d64dc-0039-4572-b5b3-9e9f40cc4619.png,"
Giant Eagle,Pam Original Canola Oil Blend No-Stick Cooking Spray,$4.99,,,6 oz,[],,"https://www.instacart.com/image-server/257x257/filters:fill(FFF,true):format(jpg)/d2lnr5mha7bycj.cloudfront.net/product-image/file/large_ff73e8eb-bdd1-44de-81a9-12047bedd3a6.jpg,"
Giant Eagle,Hidden Valley Original Ranch Salad Dressing & Seasoning Mix,$2.29,,,1 oz,[],,"https://www.instacart.com/image-server/257x257/filters:fill(FFF,true):format(jpg)/d2lnr5mha7bycj.cloudfront.net/product-image/file/large_cf80fa17-651f-42a2-ba77-a25fc866885d.jpg,"
Giant Eagle,"Old El Paso Seasoning Mix, Taco",$1.39,,,1 oz,[],Many in stock,"https://www.instacart.com/image-server/257x257/filters:fill(FFF,true):format(jpg)/d2lnr5mha7bycj.cloudfront.net/product-image/file/large_f80327a3-749b-47db-a6cb-7675f6e716d2.png,"
Giant Eagle,Giant Eagle Evaporated Milk,$1.79,,,12 fl oz,[],Many in stock,"https://www.instacart.com/image-server/257x257/filters:fill(FFF,true):format(jpg)/d2lnr5mha7bycj.cloudfront.net/product-image/file/large_00985945-3cd3-411e-934c-a9d902044ce9.png,"
Giant Eagle,"Morton Coarse Kosher Salt, 16 Ounce",$2.69,,,16 ct,[],,"https://www.instacart.com/image-server/257x257/filters:fill(FFF,true):format(jpg)/d2lnr5mha7bycj.cloudfront.net/product-image/file/large_7355a3ae-8133-4bd1-b410-caa5c0a21775.png,"
Giant Eagle,Domino Premium Pure Cane Granulated Sugar,$2.99,,,16 oz,[],,"https://www.instacart.com/image-server/257x257/filters:fill(FFF,true):format(jpg)/d2lnr5mha7bycj.cloudfront.net/product-image/file/large_83c44ee0-b7d2-4f48-aaee-4dc1b17e67be.png,"
Giant Eagle,Giant Eagle Jumbo Flaky Buttermilk Flavored Biscuits,$2.69,,,16 oz,[],,"https://www.instacart.com/image-server/257x257/filters:fill(FFF,true):format(jpg)/d2lnr5mha7bycj.cloudfront.net/product-image/file/large_30a9cea8-6b43-472b-9c17-fbe531f333ae.png,"
Giant Eagle,Giant Eagle Light Brown Sugar,$1.59,,,16 oz,['Gluten-Free'],,"https://www.instacart.com/image-server/257x257/filters:fill(FFF,true):format(jpg)/d2lnr5mha7bycj.cloudfront.net/product-image/file/large_aa5a4202-e075-4a64-bea9-4181f7703de1.png,"
Giant Eagle,"Morton Salt, Seasoned",$2.69,,,8 oz,[],,"https://www.instacart.com/image-server/257x257/filters:fill(FFF,true):format(jpg)/d2lnr5mha7bycj.cloudfront.net/product-image/file/large_7cb2a373-955f-4102-af12-ffa7b7fbcf78.png,"
Giant Eagle,Giant Eagle Confectionary Powdered Sugar,$2.49,,,32 oz,[],Many in stock,"https://www.instacart.com/image-server/257x257/filters:fill(FFF,true):format(jpg)/d2lnr5mha7bycj.cloudfront.net/product-image/file/large_69e8298b-78ac-434b-97e6-32456e94fbdc.png,"
Giant Eagle,Giant Eagle Rolled Pie Crust,$3.49,,,15 oz,[],Many in stock,"https://www.instacart.com/image-server/257x257/filters:fill(FFF,true):format(jpg)/d2lnr5mha7bycj.cloudfront.net/product-image/file/large_1e9dd8c0-bc32-4162-868d-685137cf7d4f.png,"
Giant Eagle,Carnation Evaporated Milk Vitamin D,$2.29,,,12 fl oz,[],Many in stock,"https://www.instacart.com/image-server/257x257/filters:fill(FFF,true):format(jpg)/d2lnr5mha7bycj.cloudfront.net/product-image/file/large_d87b709e-5e4e-42d9-bfb2-f457ae1361f2.jpg,"
Giant Eagle,"Pearl Milling Company Syrup, Butter Rich",$4.59,,,24 fl oz,[],Many in stock,"https://www.instacart.com/image-server/257x257/filters:fill(FFF,true):format(jpg)/d2lnr5mha7bycj.cloudfront.net/product-image/file/large_fd4c6b5b-1efe-43e0-b39b-dc43e274f38b.png,"
Giant Eagle,Giant Eagle Sweetened Condensed Milk,$2.29,,,14 oz,[],,"https://www.instacart.com/image-server/257x257/filters:fill(FFF,true):format(jpg)/d2lnr5mha7bycj.cloudfront.net/product-image/file/large_602e3fa9-6118-4a1e-908a-b926185af41a.png,"
Giant Eagle,Taco Bell Mild Taco Seasoning Mix,$1.49,,,1 oz,[],,"https://www.instacart.com/image-server/257x257/filters:fill(FFF,true):format(jpg)/d2lnr5mha7bycj.cloudfront.net/product-image/file/large_9d0aa396-3265-489e-8f81-e67d19212f75.jpg,"
Giant Eagle,McCormick® Chili Seasoning Mix,$1.99,,,1.3 oz,[],,"https://www.instacart.com/image-server/257x257/filters:fill(FFF,true):format(jpg)/d2lnr5mha7bycj.cloudfront.net/product-image/file/large_b5cf5cac-df00-41d6-b617-0e7dc6590f51.jpg,"
Giant Eagle,Mother-in-Law's Gochugaru Korean Chile Flakes,$9.99,,,3.25 oz,[],,"https://www.instacart.com/image-server/257x257/filters:fill(FFF,true):format(jpg)/d2lnr5mha7bycj.cloudfront.net/product-image/file/large_b73acf74-1305-4a7e-bd7f-98e67fd4971c.jpg,"
Giant Eagle,Giant Eagle 100% Pure Pumpkin,$1.99,,,15 oz,[],,"https://www.instacart.com/image-server/257x257/filters:fill(FFF,true):format(jpg)/d2lnr5mha7bycj.cloudfront.net/product-image/file/large_0c9dc16b-be8c-4a2a-b5ba-8151f74490f0.png,"
Giant Eagle,Toll House Semi Sweet Chocolate Chips,$3.99,,,12 oz,['Gluten-Free'],,"https://www.instacart.com/image-server/257x257/filters:fill(FFF,true):format(jpg)/d2lnr5mha7bycj.cloudfront.net/product-image/file/large_f414ed0e-0641-4cb8-bf6a-a5ab3274de0d.jpg,"
Giant Eagle,Organic Green Bell Pepper,$2.84,each (est.),$4.99 / lb,About 0.57 lb each,['Organic'],,"https://www.instacart.com/image-server/257x257/filters:fill(FFF,true):format(jpg)/d2lnr5mha7bycj.cloudfront.net/product-image/file/large_40f8f2ec-57ad-4154-b53f-fd6a610a6551.png,"
Giant Eagle,Stuffed Puffs Classic Milk Chocolate Filled Marshmallows,$4.99,,,8.6 oz,[],Many in stock,"https://www.instacart.com/image-server/257x257/filters:fill(FFF,true):format(jpg)/d2lnr5mha7bycj.cloudfront.net/product-image/file/large_3f7a31a1-79e2-4aad-a10b-5e1f97131bd0.jpg,"
Giant Eagle,McCormick® Pure Ground Black Pepper,$2.69,,,1.5 oz,[],Many in stock,"https://www.instacart.com/image-server/257x257/filters:fill(FFF,true):format(jpg)/d2lnr5mha7bycj.cloudfront.net/product-image/file/large_57f1759c-c8d6-48a4-a7bd-39afd0cb475c.jpg,"
Giant Eagle,"King Arthur Baking Company All-Purpose Flour, Unbleached",$5.99,,,5 lb,[],Many in stock,"https://www.instacart.com/image-server/257x257/filters:fill(FFF,true):format(jpg)/d2lnr5mha7bycj.cloudfront.net/product-image/file/large_8c625da9-7a51-4bd1-84f3-e788cbbabcb1.png,"
Giant Eagle,"King Arthur Baking Company Bread Flour, Unbleached",$5.99,,,5 lb,['Whole Grain'],,"https://www.instacart.com/image-server/257x257/filters:fill(FFF,true):format(jpg)/d2lnr5mha7bycj.cloudfront.net/product-image/file/large_078c1424-1de0-4cc4-9329-80dcb77d0bf7.png,"
Giant Eagle,McCormick® Garlic Powder,$5.99,,,3.1 oz,[],,"https://www.instacart.com/image-server/257x257/filters:fill(FFF,true):format(jpg)/d2lnr5mha7bycj.cloudfront.net/product-image/file/large_9aefb47b-7f7e-43d7-a4a0-5c15e03e39da.jpg,"
Giant Eagle,McCormick® Ground Nutmeg,$5.99,,,1.1 oz,[],Many in stock,"https://www.instacart.com/image-server/257x257/filters:fill(FFF,true):format(jpg)/d2lnr5mha7bycj.cloudfront.net/product-image/file/large_841723f9-373c-429c-b230-d10f411ca074.jpg,"
Giant Eagle,Domino Premium Pure Cane Dark Brown Sugar,$3.99,,,2 lb,[],,"https://www.instacart.com/image-server/257x257/filters:fill(FFF,true):format(jpg)/d2lnr5mha7bycj.cloudfront.net/product-image/file/large_f3b88085-5496-4f91-b49c-a0704a73b2b0.png,"
Giant Eagle,Lipton Soup And Dip Mix Onion,$1.99,,,2 x 1 oz,[],,"https://www.instacart.com/image-server/257x257/filters:fill(FFF,true):format(jpg)/d2lnr5mha7bycj.cloudfront.net/product-image/file/large_1b5d6f17-10c8-4972-af31-526d9efa1920.png,"
Giant Eagle,Truvia Natural Sweetener,$7.99,,,9.8 oz,['Gluten-Free'],,"https://www.instacart.com/image-server/257x257/filters:fill(FFF,true):format(jpg)/d2lnr5mha7bycj.cloudfront.net/product-image/file/large_5c44af92-5e67-4d2c-b7e8-28fa343e2764.jpg,"
Giant Eagle,Frank's RedHot® Buffalo Seasoning Blend,$5.99,,,5.6 oz,[],,"https://www.instacart.com/image-server/257x257/filters:fill(FFF,true):format(jpg)/d2lnr5mha7bycj.cloudfront.net/product-image/file/large_09cd093f-132a-4aa6-989b-6fa27b141004.jpg,"
Giant Eagle,McCormick® Slow Cooker Savory Pot Roast Seasoning Mix,$3.49,,,1.3 oz,[],,"https://www.instacart.com/image-server/257x257/filters:fill(FFF,true):format(jpg)/d2lnr5mha7bycj.cloudfront.net/product-image/file/large_dbbdb129-7fa2-4c1d-b236-f9c902fa3c5b.jpg,"
Giant Eagle,"Eagle Brand Condensed Milk, Sweetened",$3.99,,,14 oz,[],Many in stock,"https://www.instacart.com/image-server/257x257/filters:fill(FFF,true):format(jpg)/d2lnr5mha7bycj.cloudfront.net/product-image/file/large_36c28a63-717a-41de-bfa8-3cd0f50cbedd.png,"
Giant Eagle,McCormick® Cinnamon Sugar,$6.99,,,3.62 oz,[],Many in stock,"https://www.instacart.com/image-server/257x257/filters:fill(FFF,true):format(jpg)/d2lnr5mha7bycj.cloudfront.net/product-image/file/large_1bc58a9b-a159-4168-ba9e-e3d7f0cc3962.jpg,"
Giant Eagle,"Tony Chachere's Creole Seasoning, Original",$3.99,,,8 oz,[],,"https://www.instacart.com/image-server/257x257/filters:fill(FFF,true):format(jpg)/d2lnr5mha7bycj.cloudfront.net/product-image/file/large_2bfcb4aa-014f-476c-b796-7ff153c773e2.png,"
Giant Eagle,Charmin Ultra Strong Toilet Paper Mega Rolls,$10.09,,,6 ct,[],Many in stock,"https://www.instacart.com/image-server/257x257/filters:fill(FFF,true):format(jpg)/d2lnr5mha7bycj.cloudfront.net/product-image/file/large_e22fb7bd-31a7-4312-a605-b5fddfa26007.png,"
Giant Eagle,Sparkle Tear-A-Square® Double Rolls,$3.99,,,2 ct,[],Many in stock,"https://www.instacart.com/image-server/257x257/filters:fill(FFF,true):format(jpg)/d2lnr5mha7bycj.cloudfront.net/product-image/file/large_6f1830f3-8034-4786-913a-f088325ad1df.jpg,"
Giant Eagle,"Dixie Paper Plates, 8.5 Inch Lunch/Dinner Plate (Design May Vary)",$3.99,,,48 ct,[],,"https://www.instacart.com/image-server/257x257/filters:fill(FFF,true):format(jpg)/d2lnr5mha7bycj.cloudfront.net/product-image/file/large_80e1485c-725c-4749-b52f-d378217e6e8c.jpeg,"
Giant Eagle,"Starbucks Iced Coffee, Medium Roast, Black, Unsweetened",$6.99,,,48 fl oz,['Unsweetened'],Many in stock,"https://www.instacart.com/image-server/257x257/filters:fill(FFF,true):format(jpg)/d2lnr5mha7bycj.cloudfront.net/product-image/file/large_b02c3db3-10c6-4dc9-aa3e-da12767b085e.png,"
Giant Eagle,"Chester's Corn Snacks, Flamin' Hot Flavored, Fries",$2.99,,,5.25 oz,['Gluten-Free'],,"https://www.instacart.com/image-server/257x257/filters:fill(FFF,true):format(jpg)/d2lnr5mha7bycj.cloudfront.net/product-image/file/large_363652b3-e124-4088-98b2-ba6791965ab2.jpg,"
Giant Eagle,Dawn Ultra Dish Soap,$3.99,,,18 fl oz,[],,"https://www.instacart.com/image-server/257x257/filters:fill(FFF,true):format(jpg)/d2lnr5mha7bycj.cloudfront.net/product-image/file/large_262f6d0b-2227-445f-928c-6a26f063acb5.png,"
Giant Eagle,Reynolds Aluminum Foil,$5.99,,,75 sq ft,[],Many in stock,"https://www.instacart.com/image-server/257x257/filters:fill(FFF,true):format(jpg)/d2lnr5mha7bycj.cloudfront.net/product-image/file/large_62bb506f-ea18-4ce5-ba1d-cd0ada06875c.png,"
Giant Eagle,"STōK Arabica-Based Blend Cold Brew Coffee, Black, Unsweetened, Medium Roast",$6.99,,,48 fl oz,['Unsweetened'],Many in stock,"https://www.instacart.com/image-server/257x257/filters:fill(FFF,true):format(jpg)/d2lnr5mha7bycj.cloudfront.net/product-image/file/large_bb543974-170c-4d9d-bb0f-6ca41d6b161d.jpg,"
Giant Eagle,Nature's Basket All Natural Boneless Chicken Tenders,$8.79,/pkg (est.),$7.99 / lb,About 1.1 lb / package,['Breast'],,"https://www.instacart.com/image-server/257x257/filters:fill(FFF,true):format(jpg)/d2lnr5mha7bycj.cloudfront.net/product-image/file/large_d42d816e-5d11-4042-a948-e2fc844f0610.png,"
Giant Eagle,Giant Eagle Farmed Skinless Chile Salmon,$15.99,/lb,,/lb,[],,"https://www.instacart.com/image-server/257x257/filters:fill(FFF,true):format(jpg)/d2lnr5mha7bycj.cloudfront.net/product-image/file/large_d62ccdc3-5406-4c38-af46-bfa69b465313.png,"
Giant Eagle,Organic Strawberries Package,$8.99,,,1 lb Container,"['Organic', 'Non-GMO']",Likely out of stock,"https://www.instacart.com/image-server/257x257/filters:fill(FFF,true):format(jpg)/d2lnr5mha7bycj.cloudfront.net/product-image/file/large_6d12d6ed-4168-480f-bb94-3ed06b9533fd.jpg,"
Giant Eagle,Dietz & Watson Black Pepper Homestyle Turkey Breast,$13.99,/lb,,$0.87/oz,[],Many in stock,"https://www.instacart.com/image-server/257x257/filters:fill(FFF,true):format(jpg)/d2lnr5mha7bycj.cloudfront.net/product-image/file/large_1d7a648c-bd0f-4491-ab9b-11fb4fa64d10.png,"
Giant Eagle,Fresca Citrus Fridge Pack Soda,$9.99,,,12 x 12 fl oz • 2 options,"['Zero Calories', 'Zero Sugar']",,"https://www.instacart.com/image-server/257x257/filters:fill(FFF,true):format(jpg)/d2lnr5mha7bycj.cloudfront.net/product-image/file/large_d3b07ba8-42c1-4365-83a5-13995a1173fe.jpg,"
Giant Eagle,"Ritz Peanut Butter Sandwich Crackers, Snack Packs",$4.99,,,8 x 1.38 oz,[],Many in stock,"https://www.instacart.com/image-server/257x257/filters:fill(FFF,true):format(jpg)/d2lnr5mha7bycj.cloudfront.net/product-image/file/large_b6b00077-ae15-4e5d-aff9-579b3f9e75ac.jpg,"
Giant Eagle,"Milo Sweet Tea, Famous",$4.59,,,1 gal,[],,"https://www.instacart.com/image-server/257x257/filters:fill(FFF,true):format(jpg)/d2lnr5mha7bycj.cloudfront.net/product-image/file/large_00674546-cb73-4b0e-b4d3-c1da937fbb76.png,"
Giant Eagle,Genabio Covid - 19 Rapid Self - Test Kit,$8.99,,,1 each,['FSA/HSA'],,"https://www.instacart.com/image-server/257x257/filters:fill(FFF,true):format(jpg)/d2lnr5mha7bycj.cloudfront.net/product-image/file/large_58fc5868-ac62-4f1e-96b6-63a8fd250f62.jpeg,"
Giant Eagle,Home City Ice Ice,$2.49,,,7 lb,[],Many in stock,"https://www.instacart.com/image-server/257x257/filters:fill(FFF,true):format(jpg)/d2lnr5mha7bycj.cloudfront.net/product-image/file/large_095cf481-2b9b-4011-84ca-04ca6771a16f.png,"
Giant Eagle,Deer Park Natural Spring Water,$1.99,,,101.4 oz,[],,"https://www.instacart.com/image-server/257x257/filters:fill(FFF,true):format(jpg)/d2lnr5mha7bycj.cloudfront.net/product-image/file/large_9d8c3117-fd7b-4c1d-a1b5-affb04c47321.jpg,"
Giant Eagle,"Dawn Platinum Powerwash Dish Spray, Dish Soap, Fresh Scent",$6.99,,,16 fl oz,[],,"https://www.instacart.com/image-server/257x257/filters:fill(FFF,true):format(jpg)/d2lnr5mha7bycj.cloudfront.net/product-image/file/large_ce5d4575-d3f6-4433-bd71-24ee011f6a2e.png,"
Giant Eagle,Giant Eagle 2-Ply Double Rolls Soft Bath Tissue,$3.59,,,6 ct,[],,"https://www.instacart.com/image-server/257x257/filters:fill(FFF,true):format(jpg)/d2lnr5mha7bycj.cloudfront.net/product-image/file/large_48271544-b969-4a8b-9b41-fb8a6cd1b0dd.png,"
Giant Eagle,Stouffer's Spaghetti With Meat Sauce Frozen Meal,$3.99,,,12 oz,[],,"https://www.instacart.com/image-server/257x257/filters:fill(FFF,true):format(jpg)/d2lnr5mha7bycj.cloudfront.net/product-image/file/large_0debb7f4-8bd1-4952-97ce-7054fd17ccfc.jpg,"
Giant Eagle,Kraft Original Mac & Cheese Macaroni and Cheese Dinner,$7.99,,,5 x 7.25 oz,[],Many in stock,"https://www.instacart.com/image-server/257x257/filters:fill(FFF,true):format(jpg)/d2lnr5mha7bycj.cloudfront.net/product-image/file/large_f7f70aa8-ba2b-4d67-a347-5de24fb3040b.jpg,"
Giant Eagle,Kraft Original Mac & Cheese Macaroni and Cheese Dinner,$1.99,,,7.25 oz,[],Many in stock,"https://www.instacart.com/image-server/257x257/filters:fill(FFF,true):format(jpg)/d2lnr5mha7bycj.cloudfront.net/product-image/file/large_efde23dc-06fc-4607-a41e-ab159d3066ff.jpg,"
Giant Eagle,Knorr Rice Sides Chicken Long Grain Rice And Vermicelli Pasta Blend,$1.59,,,5.6 oz,[],,"https://www.instacart.com/image-server/257x257/filters:fill(FFF,true):format(jpg)/d2lnr5mha7bycj.cloudfront.net/product-image/file/large_52312a8d-edb2-41d9-8e89-d0e1db6abe29.jpg,"
Giant Eagle,Knorr Pasta Sides Cheddar Broccoli Fusilli,$1.59,,,4.3 oz,[],,"https://www.instacart.com/image-server/257x257/filters:fill(FFF,true):format(jpg)/d2lnr5mha7bycj.cloudfront.net/product-image/file/large_50e2426f-309a-4555-aa53-ed39ce01aa78.png,"
Giant Eagle,Knorr Rice Sides Cheddar Broccoli Mix,$1.59,,,5.7 oz,[],,"https://www.instacart.com/image-server/257x257/filters:fill(FFF,true):format(jpg)/d2lnr5mha7bycj.cloudfront.net/product-image/file/large_32e54e46-3e10-4df3-9bf1-c457dcf53aa5.jpg,"
Giant Eagle,Kraft Mac & Cheese Macaroni and Cheese Dinner SpongeBob SquarePants,$1.99,,,5.5 oz,[],,"https://www.instacart.com/image-server/257x257/filters:fill(FFF,true):format(jpg)/d2lnr5mha7bycj.cloudfront.net/product-image/file/large_144ef78f-0c66-4908-8e7a-c0f029f1e2ad.jpg,"
Giant Eagle,Kraft Spirals Original Mac & Cheese Macaroni and Cheese Dinner,$1.99,,,5.5 oz,[],Many in stock,"https://www.instacart.com/image-server/257x257/filters:fill(FFF,true):format(jpg)/d2lnr5mha7bycj.cloudfront.net/product-image/file/large_8b2041b9-58a5-42e6-8ba6-d8416f42e573.jpg,"
Giant Eagle,Knorr Rice Cup 3 Cheese Mushroom Risotto,$3.99,,,2.6 oz,[],,"https://www.instacart.com/image-server/257x257/filters:fill(FFF,true):format(jpg)/d2lnr5mha7bycj.cloudfront.net/product-image/file/large_ba993ad4-3fc9-4d91-b553-514b5ed568e0.jpeg,"
Giant Eagle,Kraft Deluxe Mac & Cheese Macaroni and Cheese Microwaveable Dinner,$5.99,,,4 x 2.39 oz,[],Many in stock,"https://www.instacart.com/image-server/257x257/filters:fill(FFF,true):format(jpg)/d2lnr5mha7bycj.cloudfront.net/product-image/file/large_a392c6ab-1d2e-434e-bbb4-a66d080d3382.jpg,"
Giant Eagle,Zatarain's Family Size Jambalaya Rice Dinner Mix,$4.99,,,12 oz,['Gluten-Free'],Many in stock,"https://www.instacart.com/image-server/257x257/filters:fill(FFF,true):format(jpg)/d2lnr5mha7bycj.cloudfront.net/product-image/file/large_f7e4183c-b943-46e9-82a4-3982e38bdc7c.jpg,"
Giant Eagle,Ben's Original Roasted Chicken Flavored Rice Easy Dinner Side,$2.99,,,8.8 oz,[],Many in stock,"https://www.instacart.com/image-server/257x257/filters:fill(FFF,true):format(jpg)/d2lnr5mha7bycj.cloudfront.net/product-image/file/large_8a6aaaac-0cbd-4fc4-a59f-bc4316683da9.jpg,"
Giant Eagle,Knorr Pasta Sides Alfredo Fettuccine,$1.59,,,4.4 oz,[],,"https://www.instacart.com/image-server/257x257/filters:fill(FFF,true):format(jpg)/d2lnr5mha7bycj.cloudfront.net/product-image/file/large_712c95e7-d879-4ed7-9b8d-0349b1866c22.png,"
Giant Eagle,VELVEETA Shells & Cheese Original Microwavable Mac & Cheese Cups,$5.99,,,4 x 2.39 oz,[],Many in stock,"https://www.instacart.com/image-server/257x257/filters:fill(FFF,true):format(jpg)/d2lnr5mha7bycj.cloudfront.net/product-image/file/large_cd49430a-2be6-45bf-ad79-32787736f102.jpg,"
Giant Eagle,Idahoan® Roasted Garlic Mashed Potatoes,$1.99,,,4 oz,['Gluten-Free'],Many in stock,"https://www.instacart.com/image-server/257x257/filters:fill(FFF,true):format(jpg)/d2lnr5mha7bycj.cloudfront.net/product-image/file/large_da43043f-b623-435d-bf23-5ebca4b80f76.jpg,"
Giant Eagle,Ben's Original Spanish Style Flavored Rice Easy Dinner Side,$2.99,,,8.8 oz,[],Many in stock,"https://www.instacart.com/image-server/257x257/filters:fill(FFF,true):format(jpg)/d2lnr5mha7bycj.cloudfront.net/product-image/file/large_06e90a14-ebd8-4de8-b44e-43f5ffbace0c.jpg,"
Giant Eagle,Rice-A-Roni Cheddar Broccoli Rice Mix,$1.99,,,2.1 oz,[],Many in stock,"https://www.instacart.com/image-server/257x257/filters:fill(FFF,true):format(jpg)/d2lnr5mha7bycj.cloudfront.net/product-image/file/large_edab531e-2554-448d-8df4-9619a590398e.png,"
Giant Eagle,Idahoan® Buttery Homestyle® Mashed Potatoes Family Size,$3.99,,,8 oz,['Gluten-Free'],,"https://www.instacart.com/image-server/257x257/filters:fill(FFF,true):format(jpg)/d2lnr5mha7bycj.cloudfront.net/product-image/file/large_5cb912b7-c2b1-43db-8646-d0c90a99e9b4.jpg,"
Giant Eagle,"Cheetos Mac 'N Cheese, Four Cheesy Flavor",$2.29,,,5.9 oz,[],,"https://www.instacart.com/image-server/257x257/filters:fill(FFF,true):format(jpg)/d2lnr5mha7bycj.cloudfront.net/product-image/file/large_9404065d-7a0f-419d-aac5-92c38ef94a5f.jpg,"
Giant Eagle,Knorr Rice Sides Spanish Rice,$1.59,,,5.6 oz,[],Many in stock,"https://www.instacart.com/image-server/257x257/filters:fill(FFF,true):format(jpg)/d2lnr5mha7bycj.cloudfront.net/product-image/file/large_469322a2-755c-48bb-a812-46eea3bdf2cd.jpg,"
Giant Eagle,Ben's Original Whole Grain Brown Rice Pouch,$2.99,,,8.8 oz,[],,"https://www.instacart.com/image-server/257x257/filters:fill(FFF,true):format(jpg)/d2lnr5mha7bycj.cloudfront.net/product-image/file/large_9e825989-3faf-451b-8aad-223eab8a0ba3.jpg,"
Giant Eagle,Annie's Real Aged Cheddar Shells Macaroni and Cheese Dinner with Organic Pasta,$2.99,,,6 oz,[],Many in stock,"https://www.instacart.com/image-server/257x257/filters:fill(FFF,true):format(jpg)/d2lnr5mha7bycj.cloudfront.net/product-image/file/large_f5fa589a-36f4-4ed5-bd29-6e45e849a796.png,"
Giant Eagle,"Ben's Original Chinese Style Five Spice, Hearty Medley of Grains, Vegetables, Legumes and Herbs",$3.99,,,8.5 oz,['Vegan'],Many in stock,"https://www.instacart.com/image-server/257x257/filters:fill(FFF,true):format(jpg)/d2lnr5mha7bycj.cloudfront.net/product-image/file/large_265e3008-aed6-40d4-a27b-9d961ece6b72.png,"
Giant Eagle,Idahoan® Cheesy Scalloped Homestyle Casserole,$1.99,,,4 oz,['Gluten-Free'],,"https://www.instacart.com/image-server/257x257/filters:fill(FFF,true):format(jpg)/d2lnr5mha7bycj.cloudfront.net/product-image/file/large_7f643a45-16da-4ca5-9bd0-fc95a1ff8e8b.jpg,"
Giant Eagle,Kraft Triple Cheese Mac & Cheese Easy Microwavable Dinner,$5.99,,,4 x 2.05 oz,[],Many in stock,"https://www.instacart.com/image-server/257x257/filters:fill(FFF,true):format(jpg)/d2lnr5mha7bycj.cloudfront.net/product-image/file/large_f46e233c-420e-4999-9ebe-b427bb182539.jpg,"
Giant Eagle,Ben's Original Butter and Garlic Flavored Rice Easy Dinner Side,$2.99,,,8.8 oz,[],Many in stock,"https://www.instacart.com/image-server/257x257/filters:fill(FFF,true):format(jpg)/d2lnr5mha7bycj.cloudfront.net/product-image/file/large_f6219618-ed26-4cea-9b06-531ee51b86f8.jpg,"
Giant Eagle,"Cheetos Pasta with Flavored Sauce, Mac'N Cheese, Four Cheesy",$5.99,,,4 x 2.32 oz,[],,"https://www.instacart.com/image-server/257x257/filters:fill(FFF,true):format(jpg)/d2lnr5mha7bycj.cloudfront.net/product-image/file/large_4e27b9fc-f2c5-4560-a2af-5cd285fa5c28.jpg,"
Giant Eagle,Rice-A-Roni Rice A Roni Chicken Flavor 1.97 Oz,$1.99,,,1.97 oz,[],Many in stock,"https://www.instacart.com/image-server/257x257/filters:fill(FFF,true):format(jpg)/d2lnr5mha7bycj.cloudfront.net/product-image/file/large_fd2ab3be-21ca-4b35-9237-a768e9c200d5.png,"
Giant Eagle,Knorr Pasta Sides Parmesan,$1.59,,,4.3 oz,[],Many in stock,"https://www.instacart.com/image-server/257x257/filters:fill(FFF,true):format(jpg)/d2lnr5mha7bycj.cloudfront.net/product-image/file/large_28102b93-a4c7-4c20-b8b3-6215da6bc72b.jpg,"
Giant Eagle,VELVEETA Shells & Cheese Original Mac & Cheese Meal,$4.39,,,12 oz,[],Many in stock,"https://www.instacart.com/image-server/257x257/filters:fill(FFF,true):format(jpg)/d2lnr5mha7bycj.cloudfront.net/product-image/file/large_e3b4976a-5ee7-4571-9054-472560485bec.jpg,"
Giant Eagle,"InnovAsian Sticky White Rice, Frozen Side Dish",$5.99,,,18 oz,['Vegan'],,"https://www.instacart.com/image-server/257x257/filters:fill(FFF,true):format(jpg)/d2lnr5mha7bycj.cloudfront.net/product-image/file/large_d31ec6c2-94e9-49f1-8cb0-2e044e8215c3.png,"
Giant Eagle,Ben's Original Original Long Grain White Rice Easy Dinner Side,$2.99,,,8.8 oz,[],Many in stock,"https://www.instacart.com/image-server/257x257/filters:fill(FFF,true):format(jpg)/d2lnr5mha7bycj.cloudfront.net/product-image/file/large_b22a91e5-d0d9-4f7c-96bc-43c340a8f6c5.jpg,"
Giant Eagle,Giant Eagle Original Mac& Cheese Dinner,$0.99,,,7.25 oz,[],Many in stock,"https://www.instacart.com/image-server/257x257/filters:fill(FFF,true):format(jpg)/d2lnr5mha7bycj.cloudfront.net/product-image/file/large_9277387c-fddc-461f-93d2-998f2bc06ad1.png,"
Giant Eagle,Ben's Original Long Grain Rice and Wild Rice Fast Cook Rice,$2.99,,,6.17 oz,[],Many in stock,"https://www.instacart.com/image-server/257x257/filters:fill(FFF,true):format(jpg)/d2lnr5mha7bycj.cloudfront.net/product-image/file/large_045bd52f-7a84-4926-a052-4f5326e682b3.jpg,"
Giant Eagle,Knorr Rice Cup Fajita,$3.99,,,2.6 oz,[],,"https://www.instacart.com/image-server/257x257/filters:fill(FFF,true):format(jpg)/d2lnr5mha7bycj.cloudfront.net/product-image/file/large_03104945-47ab-47d4-977c-b4617471f958.png,"
Giant Eagle,Ben's Original Rice Pilaf Flavored Rice Easy Dinner Side,$2.99,,,8.8 oz,[],,"https://www.instacart.com/image-server/257x257/filters:fill(FFF,true):format(jpg)/d2lnr5mha7bycj.cloudfront.net/product-image/file/large_7857ab00-4ed3-42ed-8313-1a8888fb73e5.jpg,"
Giant Eagle,Knorr Pasta Sides Butter & Herb,$1.59,,,4.4 oz,[],Many in stock,"https://www.instacart.com/image-server/257x257/filters:fill(FFF,true):format(jpg)/d2lnr5mha7bycj.cloudfront.net/product-image/file/large_a48f3f39-170e-4418-be98-344c1e862717.jpg,"
Giant Eagle,"Cheetos Mac 'N Cheese, Flamin Hot Flavor",$5.99,,,4 x 2.11 oz,[],,"https://www.instacart.com/image-server/257x257/filters:fill(FFF,true):format(jpg)/d2lnr5mha7bycj.cloudfront.net/product-image/file/large_c66af73c-8d9a-4316-b57b-4c3a334cfc44.jpg,"
Giant Eagle,Knorr Rice Sides Chicken Fried Rice With Long Grain Rice And Vermicelli Pasta,$1.59,,,5.7 oz,[],,"https://www.instacart.com/image-server/257x257/filters:fill(FFF,true):format(jpg)/d2lnr5mha7bycj.cloudfront.net/product-image/file/large_e89b577d-3cf8-4933-874b-a4e6be9db818.png,"
Giant Eagle,Knorr Rice Sides Mexican Rice,$1.59,,,5.4 oz,[],Many in stock,"https://www.instacart.com/image-server/257x257/filters:fill(FFF,true):format(jpg)/d2lnr5mha7bycj.cloudfront.net/product-image/file/large_98f86c45-6760-4544-88b7-312516576cf4.png,"
Giant Eagle,Idahoan® Original Mashed Potatoes,$2.99,,,13.75 oz,['Gluten-Free'],,"https://www.instacart.com/image-server/257x257/filters:fill(FFF,true):format(jpg)/d2lnr5mha7bycj.cloudfront.net/product-image/file/large_773b484c-a708-4cf6-923d-b6c2cf3c6d39.jpg,"
Giant Eagle,Idahoan® Baby Reds® Mashed Potatoes,$1.99,,,4.1 oz,['Gluten-Free'],Many in stock,"https://www.instacart.com/image-server/257x257/filters:fill(FFF,true):format(jpg)/d2lnr5mha7bycj.cloudfront.net/product-image/file/large_63811b2a-c851-485f-92a7-8b87142c3214.jpg,"
Giant Eagle,Ben's Original Fried Flavored Rice Easy Dinner Side,$2.99,,,8.5 oz,[],Many in stock,"https://www.instacart.com/image-server/257x257/filters:fill(FFF,true):format(jpg)/d2lnr5mha7bycj.cloudfront.net/product-image/file/large_5d6c7869-275d-4138-855e-e955279a117f.jpg,"
Giant Eagle,Knorr Pasta Sides Creamy Garlic Shells,$1.59,,,4.9 oz,[],,"https://www.instacart.com/image-server/257x257/filters:fill(FFF,true):format(jpg)/d2lnr5mha7bycj.cloudfront.net/product-image/file/large_ec57f170-1e57-4387-b4b0-ffd488f288c5.jpg,"
Giant Eagle,Knorr Pasta Sides Alfredo Broccoli Fettuccine,$1.59,,,4.5 oz,[],,"https://www.instacart.com/image-server/257x257/filters:fill(FFF,true):format(jpg)/d2lnr5mha7bycj.cloudfront.net/product-image/file/large_5352ee79-f88d-4e63-91d1-d083294d7187.png,"
Giant Eagle,Knorr Italian Sides Four Cheese Pasta,$1.59,,,4.1 oz,[],Many in stock,"https://www.instacart.com/image-server/257x257/filters:fill(FFF,true):format(jpg)/d2lnr5mha7bycj.cloudfront.net/product-image/file/large_709bbaca-d7df-428b-b971-4b159f0699c2.png,"
Giant Eagle,Knorr Pasta Sides Butter Fettuccine,$1.59,,,4.5 oz,[],Many in stock,"https://www.instacart.com/image-server/257x257/filters:fill(FFF,true):format(jpg)/d2lnr5mha7bycj.cloudfront.net/product-image/file/large_4443dd19-19cc-4f14-b3ff-9caed0066e96.jpg,"
