Store,Item Name,Price,Units,Unit Price,Amount,Tags,In Stock,Image
Costco,"Kirkland Signature Purified Drinking Water, 16.9 fl oz, 40-count",$4.96 ,,,40 x 16.9 fl oz,[],Many in stock,"https://www.instacart.com/image-server/197x197/filters:fill(FFF,true):format(jpg)/d2lnr5mha7bycj.cloudfront.net/product-image/file/large_60b777ab-d034-466a-bdef-195784863b7c.jpg,"
Costco,"Bananas, 3 lbs",$1.85 ,,,3 lb,[],Many in stock,"https://www.instacart.com/image-server/197x197/filters:fill(FFF,true):format(jpg)/d2lnr5mha7bycj.cloudfront.net/product-image/file/large_7feee29d-1949-402c-bf49-5d40a06453b1.jpg,"
Costco,"Kirkland Signature Bath Tissue, 2-Ply, 4.5"" x 4"", 380 Sheets, 30 ct",$24.25 ,,,30 ct,[],Many in stock,"https://www.instacart.com/image-server/197x197/filters:fill(FFF,true):format(jpg)/d2lnr5mha7bycj.cloudfront.net/product-image/file/large_71b46ba3-df69-4dc8-9c30-fbd04fba1704.jpg,"
Costco,"Poppi Prebiotic Soda, Variety Pack, 12 fl oz, 15 ct",$24.87 ,,,15 x 12 fl oz,[],Many in stock,"https://www.instacart.com/image-server/197x197/filters:fill(FFF,true):format(jpg)/d2lnr5mha7bycj.cloudfront.net/product-image/file/large_0ed272a9-7958-46f4-ae73-4bb2fe5a9fcc.jpg,"
Costco,"Coke Zero Sugar, 12 fl oz, 35 ct",$22.26 ,,,35 x 12 fl oz,"['Zero Calories', 'Zero Sugar']",,"https://www.instacart.com/image-server/197x197/filters:fill(FFF,true):format(jpg)/d2lnr5mha7bycj.cloudfront.net/product-image/file/large_4439fbcc-9900-424b-ad8e-aa6763d20714.jpg,"
Costco,Kirkland Signature Rotisserie Chicken,$6.21 ,,,1 each,[],Many in stock,"https://www.instacart.com/image-server/197x197/filters:fill(FFF,true):format(jpg)/d2lnr5mha7bycj.cloudfront.net/product-image/file/large_d359d9c2-ae20-48e6-8b0b-fc9a8b5dfc46.jpeg,"
Costco,"Kirkland Signature Cage Free Eggs, 24 ct",$5.96 ,,,24 ct,['Cage-Free'],Many in stock,"https://www.instacart.com/image-server/197x197/filters:fill(FFF,true):format(jpg)/d2lnr5mha7bycj.cloudfront.net/product-image/file/large_0c3ad5fd-c259-4aae-ab5a-e10b2466ccaf.jpg,"
Costco,"Kirkland Signature Organic Ground Beef, 4 lbs",$24.74 ,,,4 lb,"['Organic', 'Non-GMO']",Many in stock,"https://www.instacart.com/image-server/197x197/filters:fill(FFF,true):format(jpg)/d2lnr5mha7bycj.cloudfront.net/product-image/file/large_ceff88b6-fa4a-4b74-97f7-294cd6dec7c1.jpeg,"
Costco,"Perfect Bar Refrigerated Organic Protein Bar, 15-17g Protein, Variety Pack, 12 ct",$23.40 ,,,12 ct,[],Many in stock,"https://www.instacart.com/image-server/197x197/filters:fill(FFF,true):format(jpg)/d2lnr5mha7bycj.cloudfront.net/product-image/file/large_10f5324d-3994-4e7e-a6e4-f2f66fb76d99.jpg,"
Costco,"Tide PODS Plus Ultra OXI Laundry Detergent, 104-count",$33.08 ,,,104 ct,[],,"https://www.instacart.com/image-server/197x197/filters:fill(FFF,true):format(jpg)/d2lnr5mha7bycj.cloudfront.net/product-image/file/large_92850761-014f-4fde-ae4c-e9be69102192.jpg,"
Costco,"Kirkland Signature Baby Wipes, Fragrance Free, 900 ct",$24.87 ,,,900 ct,[],Many in stock,"https://www.instacart.com/image-server/197x197/filters:fill(FFF,true):format(jpg)/d2lnr5mha7bycj.cloudfront.net/product-image/file/large_bd39b289-c000-494a-9413-12fd802fb53c.jpg,"
Costco,"Kirkland Signature Butter Croissants,12 ct",$7.45 ,,,12 ct,[],Many in stock,"https://www.instacart.com/image-server/197x197/filters:fill(FFF,true):format(jpg)/d2lnr5mha7bycj.cloudfront.net/product-image/file/large_e6f81536-0a5e-4da0-a205-df1f61222aff.jpg,"
Costco,"Organic Baby Spinach, 1 lb",$5.34 ,,,1 oz,['Organic'],Many in stock,"https://www.instacart.com/image-server/197x197/filters:fill(FFF,true):format(jpg)/d2lnr5mha7bycj.cloudfront.net/product-image/file/large_9f9d0c46-72c5-4783-98ba-b8c369fafaa3.jpg,"
Costco,"Just Bare Chicken Breast Chunks, 64 oz",$22.38 ,,,64 oz,[],,"https://www.instacart.com/image-server/197x197/filters:fill(FFF,true):format(jpg)/d2lnr5mha7bycj.cloudfront.net/product-image/file/large_952356c2-6ca9-4493-9d1a-609dc358d863.jpg,"
Costco,"Downy Ultra Concentrated Liquid Fabric Softener, April Fresh, 170 fl oz",$16.42 ,,,170 fl oz,['Fresh'],,"https://www.instacart.com/image-server/197x197/filters:fill(FFF,true):format(jpg)/d2lnr5mha7bycj.cloudfront.net/product-image/file/large_5a1b90d8-c0c3-4e48-a48a-85aa2504992e.jpg,"
Costco,"Kirkland Signature Flex-Tech Kitchen Bags, 200 X 13 gal",$20.89 ,,,200 x 13 gal,[],Many in stock,"https://www.instacart.com/image-server/197x197/filters:fill(FFF,true):format(jpg)/d2lnr5mha7bycj.cloudfront.net/product-image/file/large_cbda19df-c54e-4cad-ba90-f6f45bb7419d.jpeg,"
Costco,"Kirkland Signature Mini Chocolate Chip Cookies, 60 ct",$12.43 ,,,60 ct,[],Many in stock,"https://www.instacart.com/image-server/197x197/filters:fill(FFF,true):format(jpg)/d2lnr5mha7bycj.cloudfront.net/product-image/file/large_33cf258a-1b53-43fd-9cbb-052a5175edb7.jpeg,"
Costco,"Kirkland Signature Cheese, Fruit and Nut Snacks Variety, 16 x 1.5 oz",$14.92 ,,,16 x 1.5 oz,[],Many in stock,"https://www.instacart.com/image-server/197x197/filters:fill(FFF,true):format(jpg)/d2lnr5mha7bycj.cloudfront.net/product-image/file/large_13a4d537-f9fe-4802-aa02-0c9a669e2ea8.jpg,"
Costco,"Amara Organic Yogurt Melts, 4 x 1 oz",$17.40 ,,,4 x 1 oz,['Organic'],Many in stock,"https://www.instacart.com/image-server/197x197/filters:fill(FFF,true):format(jpg)/d2lnr5mha7bycj.cloudfront.net/product-image/file/large_eff86eea-06f1-42a6-aab1-ff38d2964fad.jpg,"
Costco,"Always Ultra Thin Pads, 76 ct",$19.27 ,,,76 ct,"['Maximum Absorbency', 'Thin']",,"https://www.instacart.com/image-server/197x197/filters:fill(FFF,true):format(jpg)/d2lnr5mha7bycj.cloudfront.net/product-image/file/large_5499bab6-58de-4837-88e9-44c83c067a0d.jpg,"
Costco,"Kirkland Signature Organic Applesauce Pouch, 24 x 3.17 oz",$12.43 ,,,24 x 3.17 oz,['Organic'],Many in stock,"https://www.instacart.com/image-server/197x197/filters:fill(FFF,true):format(jpg)/d2lnr5mha7bycj.cloudfront.net/product-image/file/large_f300b842-c5ce-479f-9283-7776e7c994e0.jpg,"
Costco,"Kirkland Signature Organic Maple Syrup, 1 L",$14.92 ,,,1 L,['Organic'],Many in stock,"https://www.instacart.com/image-server/197x197/filters:fill(FFF,true):format(jpg)/d2lnr5mha7bycj.cloudfront.net/product-image/file/large_e4200bbc-7a4c-4c24-b885-9976c37ad5a3.jpeg,"
Costco,"Kirkland Signature Grass-Fed Butter, Salted, 8 oz, 4 ct",$12.43 ,,,4 x 8 oz,[],Many in stock,"https://www.instacart.com/image-server/197x197/filters:fill(FFF,true):format(jpg)/d2lnr5mha7bycj.cloudfront.net/product-image/file/large_fb1af8f4-5350-4237-8b9d-0632f4021d2c.jpg,"
Costco,"Olay Ultra Moisture Plus Body Wash, 3 x 23.6 oz",$19.89 ,,,3 x 23.6 fl oz,[],Many in stock,"https://www.instacart.com/image-server/197x197/filters:fill(FFF,true):format(jpg)/d2lnr5mha7bycj.cloudfront.net/product-image/file/large_59be5f21-1823-4533-a331-f35fbfad81db.jpg,"
Costco,"Good Foods Organic Avocado Mash, Sea Salt & Black Pepper, 2 oz, 16 count",$16.04 ,,,16 x 2 oz,[],Many in stock,"https://www.instacart.com/image-server/197x197/filters:fill(FFF,true):format(jpg)/d2lnr5mha7bycj.cloudfront.net/product-image/file/large_2fac9ac6-9917-450f-be81-26a8203c30ff.jpg,"
Costco,"Kirkland Signature Organic Fruit and Vegetable Pouches, Variety Pack, 3.17 oz, 24 ct",$14.92 ,,,24 ct,"['Gluten-Free', 'Organic']",Many in stock,"https://www.instacart.com/image-server/197x197/filters:fill(FFF,true):format(jpg)/d2lnr5mha7bycj.cloudfront.net/product-image/file/large_da9e342f-b34a-468d-9974-dd1e24421d47.jpg,"
Costco,"Kirkland Signature Organic Greek Nonfat Yogurt, Plain, 3 lbs",$7.45 ,,,48 oz,['Organic'],Many in stock,"https://www.instacart.com/image-server/197x197/filters:fill(FFF,true):format(jpg)/d2lnr5mha7bycj.cloudfront.net/product-image/file/large_08438449-5906-480d-878e-52dadd318810.jpg,"
Costco,"Bounty Advanced 2-Ply Paper Towels, White, 101 Select-A-Size Sheets, 12 ct",$31.09 ,,,12 ct,[],,"https://www.instacart.com/image-server/197x197/filters:fill(FFF,true):format(jpg)/d2lnr5mha7bycj.cloudfront.net/product-image/file/large_9339ff32-6188-4384-96b4-cee90c074cc1.jpg,"
Costco,"Air Wick Scented Oils, 1 Warmer + 9 Refills, Assorted Scents",$22.38 ,,,1 Set,[],Many in stock,"https://www.instacart.com/image-server/197x197/filters:fill(FFF,true):format(jpg)/d2lnr5mha7bycj.cloudfront.net/product-image/file/large_dae023a9-71c6-453c-bcdc-d1bcd5f4e824.jpg,"
Costco,"GoGo SqueeZ YogurtZ, Yogurt on the Go, Variety Pack, 3 oz, 20 ct",$16.16 ,,,20 x 3 oz,[],,"https://www.instacart.com/image-server/197x197/filters:fill(FFF,true):format(jpg)/d2lnr5mha7bycj.cloudfront.net/product-image/file/large_947a98c4-5b99-41cd-95d4-45beb683678b.jpg,"
Costco,"Kirkland Signature Fully-Cooked Bacon, Hickory Wood Smoked, 1 lb",$16.78 ,,,16 oz,[],Many in stock,"https://www.instacart.com/image-server/197x197/filters:fill(FFF,true):format(jpg)/d2lnr5mha7bycj.cloudfront.net/product-image/file/large_ff23b8c3-acdb-4a96-a088-8be114aa3b6f.jpg,"
Costco,"Dixie Ultra Ultra Paper Plate, ""10 1/16"", 186 ct",$24.87 ,,,186 ct,[],,"https://www.instacart.com/image-server/197x197/filters:fill(FFF,true):format(jpg)/d2lnr5mha7bycj.cloudfront.net/product-image/file/large_b99d00ee-f73a-4ad5-8efc-efd0fb6ce60e.jpg,"
Costco,"Kirkland Signature Organic Orange Juice, 2 x 59 fl oz",$16.16 ,,,2 x 59 fl oz,['Organic'],Many in stock,"https://www.instacart.com/image-server/197x197/filters:fill(FFF,true):format(jpg)/d2lnr5mha7bycj.cloudfront.net/product-image/file/large_0fe5b3ce-1c78-4251-aab8-c8bca098f20d.jpg,"
Costco,"Pure Organic Layered Fruit Bar, 28-count",$16.16 ,,,28 ct,['Organic'],,"https://www.instacart.com/image-server/197x197/filters:fill(FFF,true):format(jpg)/d2lnr5mha7bycj.cloudfront.net/product-image/file/large_e75252fa-5875-48cb-b35a-6b1a95018c9b.jpg,"
Costco,"Post Honey Bunches Of Oats, 50 oz",$9.38 ,,,50 oz,[],Many in stock,"https://www.instacart.com/image-server/197x197/filters:fill(FFF,true):format(jpg)/d2lnr5mha7bycj.cloudfront.net/product-image/file/large_660b3904-0956-4231-a6f1-7a51261dd806.jpg,"
Costco,"Kirkland Signature Organic Broccoli Florets, 4 x 1 lb",$11.18 ,,,4 x 1 lb,['Organic'],Many in stock,"https://www.instacart.com/image-server/197x197/filters:fill(FFF,true):format(jpg)/d2lnr5mha7bycj.cloudfront.net/product-image/file/large_85c74944-4875-4f56-a5cf-597d3c88dfa5.jpeg,"
Costco,"Kirkland Signature Sparkling Water, Variety Pack, 12 fl oz, 35 ct",$13.67 ,,,35 x 12 fl oz,[],Many in stock,"https://www.instacart.com/image-server/197x197/filters:fill(FFF,true):format(jpg)/d2lnr5mha7bycj.cloudfront.net/product-image/file/large_1e3bd491-75e7-40d2-8c05-837fa1fff7cb.jpg,"
Costco,"King's Hawaiian Sweet Rolls, 32 ct",$8.07 ,,,32 ct,[],Many in stock,"https://www.instacart.com/image-server/197x197/filters:fill(FFF,true):format(jpg)/d2lnr5mha7bycj.cloudfront.net/product-image/file/large_454bef00-c556-40c8-957a-9e28e4853449.jpg,"
Costco,"Kellogg's Eggo Waffles, Homestyle, 72 ct",$14.79 ,,,6 ct,[],,"https://www.instacart.com/image-server/197x197/filters:fill(FFF,true):format(jpg)/d2lnr5mha7bycj.cloudfront.net/product-image/file/large_ccc01522-b2c5-4b30-bf7a-9a0ee01aec39.jpg,"
Costco,"Pantene 10 in 1 Multi-Tasker Shampoo, 38.2 fl oz",$17.40 ,,,38.2 fl oz,[],Many in stock,"https://www.instacart.com/image-server/197x197/filters:fill(FFF,true):format(jpg)/d2lnr5mha7bycj.cloudfront.net/product-image/file/large_87cbac34-3ab8-440a-b423-b9cb22b2077d.jpg,"
Costco,"Sabatasso's Pizza Singles Variety Pack, 12 ct",$15.54 ,,,12 ct,[],Many in stock,"https://www.instacart.com/image-server/197x197/filters:fill(FFF,true):format(jpg)/d2lnr5mha7bycj.cloudfront.net/product-image/file/large_e571d263-81cd-4b54-955c-345bc989e6a9.jpeg,"
Costco,"Kirkland Signature Organic Creamy Peanut Butter, 28 oz, 2 ct",$13.67 ,,,2 x 28 oz,['Organic'],Many in stock,"https://www.instacart.com/image-server/197x197/filters:fill(FFF,true):format(jpg)/d2lnr5mha7bycj.cloudfront.net/product-image/file/large_90896642-5bdd-4210-a033-299108e57de5.jpg,"
Costco,"Vital Proteins Collagen Peptides, Unflavored, 24 oz",$39.80 ,,,24 oz,[],,"https://www.instacart.com/image-server/197x197/filters:fill(FFF,true):format(jpg)/d2lnr5mha7bycj.cloudfront.net/product-image/file/large_29ef53a8-77e7-41c4-aaf0-143703c0afff.jpg,"
Costco,"Liquid I.V. Sugar-Free Hydration Multiplier, Lemon Lime, 24-count",$36.06 ,,,24 ct,['Zero Sugar'],Many in stock,"https://www.instacart.com/image-server/197x197/filters:fill(FFF,true):format(jpg)/d2lnr5mha7bycj.cloudfront.net/product-image/file/large_7fe4cc13-184f-4ad0-82e2-8cdc7a968902.jpg,"
Costco,"Kirkland Signature Organic Coconut Water, 11.1 fl oz, 12 ct",$13.67 ,,,12 x 11.1 fl oz,['Organic'],Many in stock,"https://www.instacart.com/image-server/197x197/filters:fill(FFF,true):format(jpg)/d2lnr5mha7bycj.cloudfront.net/product-image/file/large_ab1e84ee-af7d-451b-9e3e-4a5d4de1f800.jpg,"
Costco,"Kirkland Signature Organic Hummus, 2.5 oz, 20 ct",$9.69 ,,,20 x 2.5 oz,[],Many in stock,"https://www.instacart.com/image-server/197x197/filters:fill(FFF,true):format(jpg)/d2lnr5mha7bycj.cloudfront.net/product-image/file/large_fd88ab7d-8542-4833-9981-0b7ff7d12fa3.jpeg,"
Costco,"Kirkland Signature Organic Chicken Stock, 6 x 946 ml",$12.43 ,,,6 x 946 ml,['Organic'],Many in stock,"https://www.instacart.com/image-server/197x197/filters:fill(FFF,true):format(jpg)/d2lnr5mha7bycj.cloudfront.net/product-image/file/large_e6ddd1b3-82a9-435d-ba03-9bebcd76f807.jpeg,"
Costco,"Prilosec OTC 20 mg Tablets, 42 ct",$28.60 ,,,3 ct,['FSA/HSA'],,"https://www.instacart.com/image-server/197x197/filters:fill(FFF,true):format(jpg)/d2lnr5mha7bycj.cloudfront.net/product-image/file/large_ff7add62-d496-4610-9df1-54ba8388b272.jpg,"
Costco,"Kellogg's Nutri-Grain Breakfast Bars, Variety Pack, 1.3 oz, 64 ct",$21.14 ,,,64 x 1.3 oz,[],Many in stock,"https://www.instacart.com/image-server/197x197/filters:fill(FFF,true):format(jpg)/d2lnr5mha7bycj.cloudfront.net/product-image/file/large_1da997b8-8fc8-445a-8a02-6a9e5490bebf.jpg,"
Costco,"Softsoap Advanced Clean Liquid Hand Soap Refill, 80 fl oz, 2 ct",$14.92 ,,,2 x 80 fl oz,[],,"https://www.instacart.com/image-server/197x197/filters:fill(FFF,true):format(jpg)/d2lnr5mha7bycj.cloudfront.net/product-image/file/large_89431d4a-d5e3-4584-affd-f0b830bbbd1a.jpg,"
Costco,"Lysol HE Laundry Sanitizer, Crisp Linen Scent, 150 fl oz",$21.01 ,,,150 oz,['Linen'],Many in stock,"https://www.instacart.com/image-server/197x197/filters:fill(FFF,true):format(jpg)/d2lnr5mha7bycj.cloudfront.net/product-image/file/large_e050807d-801b-412e-bdd4-9051e285b246.jpg,"
Costco,"Oral-B Glide Advanced Multi-Protection Floss, 6 ct",$18.65 ,,,6 ct,[],Many in stock,"https://www.instacart.com/image-server/197x197/filters:fill(FFF,true):format(jpg)/d2lnr5mha7bycj.cloudfront.net/product-image/file/large_42f7d515-ecb1-4a8b-b8b8-bd9eadc59824.jpg,"
Costco,"Krusteaz Buttermilk Complete Pancake Mix, 10 lbs",$9.94 ,,,10 lb,[],,"https://www.instacart.com/image-server/197x197/filters:fill(FFF,true):format(jpg)/d2lnr5mha7bycj.cloudfront.net/product-image/file/large_6fd71087-a7c2-41ec-87f8-cb0f4e0da2c1.jpg,"
Costco,"Kodiak Cakes Flapjack & Waffle Mix, 4.5 lbs",$15.91 ,,,24 oz,['Whole Grain'],Many in stock,"https://www.instacart.com/image-server/197x197/filters:fill(FFF,true):format(jpg)/d2lnr5mha7bycj.cloudfront.net/product-image/file/large_dcd4b1f5-54ce-404b-ab60-f9ff8f6236bb.jpg,"
Costco,"Neutrogena Makeup Remover Wipes, 139-count",$27.36 ,,,139 ct,[],Many in stock,"https://www.instacart.com/image-server/197x197/filters:fill(FFF,true):format(jpg)/d2lnr5mha7bycj.cloudfront.net/product-image/file/large_e0738377-b5d4-4464-ba94-34a0a527e1b6.jpg,"
Costco,"S&W Organic Black Beans, 8 x 15 oz",$10.56 ,,,8 x 15 oz,['Organic'],Many in stock,"https://www.instacart.com/image-server/197x197/filters:fill(FFF,true):format(jpg)/d2lnr5mha7bycj.cloudfront.net/product-image/file/large_2a81d3e2-9687-4a4c-8c5c-bdc2096c782b.jpeg,"
Costco,"Liquid I.V. Hydration Multiplier Electrolyte Drink Mix, Variety Pack, 0.56 oz, 30 ct",$36.06 ,,,30 x 0.56 oz,[],Many in stock,"https://www.instacart.com/image-server/197x197/filters:fill(FFF,true):format(jpg)/d2lnr5mha7bycj.cloudfront.net/product-image/file/large_0d9b0120-f000-470d-9e78-794618a05f8d.jpg,"
Costco,"Thai Kitchen Organic Coconut Milk, Unsweetened, 13.66 fl oz, 6 ct",$12.43 ,,,6 x 13.66 fl oz,['Organic'],Many in stock,"https://www.instacart.com/image-server/197x197/filters:fill(FFF,true):format(jpg)/d2lnr5mha7bycj.cloudfront.net/product-image/file/large_cc89ff53-5a0b-43e7-b3fa-e884c68cd38e.jpg,"
Costco,"Febreze Air Refresher, Variety Pack, 8.8 oz, 4 ct",$11.94 ,,,4 x 8.8 oz,[],Many in stock,"https://www.instacart.com/image-server/197x197/filters:fill(FFF,true):format(jpg)/d2lnr5mha7bycj.cloudfront.net/product-image/file/large_21fbc76f-2679-46ce-8433-7ebcc9cbee3c.jpg,"
Costco,"Capri Sun Variety Pack, 40 x 6 fl oz",$12.30 ,,,40 x 6 fl oz,[],,"https://www.instacart.com/image-server/197x197/filters:fill(FFF,true):format(jpg)/d2lnr5mha7bycj.cloudfront.net/product-image/file/large_608fd218-a143-44e5-aefc-ede4697a9f69.jpg,"
Costco,"Wildbrine Organic Raw Geen Sauerkraut, 50 oz",$11.18 ,,,50 oz,"['Vegan', 'Organic']",,"https://www.instacart.com/image-server/197x197/filters:fill(FFF,true):format(jpg)/d2lnr5mha7bycj.cloudfront.net/product-image/file/large_690fd1ef-a479-4b3c-9176-a8e6b924ef0b.jpg,"
Costco,"Lubriderm Daily Moisture Lotion Fragrance Free, 2 x 24 oz + 6 oz",$20.04 ,,,2 x 24 fl oz,[],Many in stock,"https://www.instacart.com/image-server/197x197/filters:fill(FFF,true):format(jpg)/d2lnr5mha7bycj.cloudfront.net/product-image/file/large_b23e122d-2dcf-448a-bd66-cf0bee1ef021.jpeg,"
Costco,"Tampax Pearl Advanced Grip Tampons Regular, 96-count",$20.51 ,,,96 ct,"['Regular Absorbency', 'FSA/HSA']",,"https://www.instacart.com/image-server/197x197/filters:fill(FFF,true):format(jpg)/d2lnr5mha7bycj.cloudfront.net/product-image/file/large_5f287567-49c1-4607-aac8-b92dbe5213e2.jpg,"
Costco,"Gatorade Thirst Quencher, Fruit Punch + Berry/Glacier Freeze/Blue Cherry",$19.52 ,,,28 x 12 fl oz,[],Many in stock,"https://www.instacart.com/image-server/197x197/filters:fill(FFF,true):format(jpg)/d2lnr5mha7bycj.cloudfront.net/product-image/file/large_cdee87d5-9d2f-4c01-a895-d5893680e75b.jpg,"
Costco,"Thomas' Original Nooks and Crannies English Muffin, 18 ct",$8.70 ,,,2 ct,[],Many in stock,"https://www.instacart.com/image-server/197x197/filters:fill(FFF,true):format(jpg)/d2lnr5mha7bycj.cloudfront.net/product-image/file/large_4567fae6-c66b-4c79-a9c5-47d0f89ce021.jpg,"
Costco,"Motrin Children's Suspension Dye Free, 12 oz",$16.16 ,,,12 oz,['FSA/HSA'],,"https://www.instacart.com/image-server/197x197/filters:fill(FFF,true):format(jpg)/d2lnr5mha7bycj.cloudfront.net/product-image/file/large_771d4607-f119-4faa-bb64-76562f234767.jpg,"
Costco,"La Boulangere Brioche Bread, Sliced, 15.87 oz, 2 ct",$13.05 ,,,2 x 31.75 oz,[],Many in stock,"https://www.instacart.com/image-server/197x197/filters:fill(FFF,true):format(jpg)/d2lnr5mha7bycj.cloudfront.net/product-image/file/large_faf85d01-a7d4-43fc-96ce-65c2faf94919.jpg,"
Costco,"OxiClean Versatile Stain Remover, Concentrated Formula, 295 Loads, 9.28 lbs",$23.38 ,,,9.28 lb,[],Many in stock,"https://www.instacart.com/image-server/197x197/filters:fill(FFF,true):format(jpg)/d2lnr5mha7bycj.cloudfront.net/product-image/file/large_4ea4de6a-c6f0-4575-bd2e-133a88dcf383.jpg,"
Costco,"Listerine Ultraclean Mouthwash, Cool Mint, 1.5 L, 2 ct",$18.03 ,,,2 x 1.5 L,['Whitening'],,"https://www.instacart.com/image-server/197x197/filters:fill(FFF,true):format(jpg)/d2lnr5mha7bycj.cloudfront.net/product-image/file/large_0fda763c-c421-48de-a116-d7b6598b523f.jpg,"
Costco,"Reynolds Wrap Aluminum Foil, 2 x 250 sq ft",$28.48 ,,,250 sq ft,[],Many in stock,"https://www.instacart.com/image-server/197x197/filters:fill(FFF,true):format(jpg)/d2lnr5mha7bycj.cloudfront.net/product-image/file/large_13e93754-62d7-4ffc-97b4-4a0028ecffb6.jpg,"
Costco,"La Boulangere Pains au Chocolat Croissants, 16 ct",$10.93 ,,,25.4 oz,[],Many in stock,"https://www.instacart.com/image-server/197x197/filters:fill(FFF,true):format(jpg)/d2lnr5mha7bycj.cloudfront.net/product-image/file/large_ef0b34e8-ce55-4061-9f64-14378ace87b7.jpg,"
Costco,"Lysol Disinfecting Wipes, Variety Pack, 380 Wipes",$17.40 ,,,4 ct,[],Many in stock,"https://www.instacart.com/image-server/197x197/filters:fill(FFF,true):format(jpg)/d2lnr5mha7bycj.cloudfront.net/product-image/file/large_01c42485-cf42-4ca5-bc94-2f703c343bf2.jpg,"
Costco,"Frito-Lay Classic Mix, Variety Pack, 1 oz, 54 ct",$24.74 ,,,54 ct,[],Many in stock,"https://www.instacart.com/image-server/197x197/filters:fill(FFF,true):format(jpg)/d2lnr5mha7bycj.cloudfront.net/product-image/file/large_047af961-8107-4fdc-87c9-557a26cee110.jpg,"
Costco,"Strawberries, 2 lbs",$6.21 ,,,2 lb,[],Many in stock,"https://www.instacart.com/image-server/197x197/filters:fill(FFF,true):format(jpg)/d2lnr5mha7bycj.cloudfront.net/product-image/file/large_29d76b0c-3ccc-4a6c-82ea-92b2ad521100.jpg,"
Costco,"Organic Bananas, 3 lbs",$2.48 ,,,3 lb,"['Organic', 'Non-GMO']",Many in stock,"https://www.instacart.com/image-server/197x197/filters:fill(FFF,true):format(jpg)/d2lnr5mha7bycj.cloudfront.net/product-image/file/large_a4e66ede-5ab5-4c2a-b1e7-43c7d87dae0b.jpg,"
Costco,"Tru Fru Strawberries And Cream, 16 oz",$12.43 ,,,16 oz,[],Many in stock,"https://www.instacart.com/image-server/197x197/filters:fill(FFF,true):format(jpg)/d2lnr5mha7bycj.cloudfront.net/product-image/file/large_2fbefaed-5915-4e5e-b724-0b596e1e6d2b.jpg,"
Costco,"Avocado Hass Variety, 6 ct",$7.58 ,,,6 ct,[],Many in stock,"https://www.instacart.com/image-server/197x197/filters:fill(FFF,true):format(jpg)/d2lnr5mha7bycj.cloudfront.net/product-image/file/large_ac2399b8-32fe-4fce-8799-b9154684fb2a.jpg,"
Costco,"Blueberries, 18 oz",$6.58 ,,,18 oz,[],,"https://www.instacart.com/image-server/197x197/filters:fill(FFF,true):format(jpg)/d2lnr5mha7bycj.cloudfront.net/product-image/file/large_98f9c418-1efd-4ece-9e77-28eb788a18aa.jpeg,"
Costco,"Mandarins, 5 lbs",$8.70 ,,,3 lb,['Non-GMO'],Many in stock,"https://www.instacart.com/image-server/197x197/filters:fill(FFF,true):format(jpg)/d2lnr5mha7bycj.cloudfront.net/product-image/file/large_44cef5ac-4ae4-407e-bcbd-588b4621f5b9.jpg,"
Costco,"Raspberries, 12 oz",$6.83 ,,,12 oz,[],Many in stock,"https://www.instacart.com/image-server/197x197/filters:fill(FFF,true):format(jpg)/d2lnr5mha7bycj.cloudfront.net/product-image/file/large_59c675ff-3890-460e-acee-c031b8e5af8b.jpeg,"
Costco,"Organic Blueberries, 18 oz",$10.93 ,,,18 oz,"['Organic', 'Non-GMO']",Many in stock,"https://www.instacart.com/image-server/197x197/filters:fill(FFF,true):format(jpg)/d2lnr5mha7bycj.cloudfront.net/product-image/file/large_73d3d0f6-6231-4e92-bc53-28992fb7f853.jpg,"
Costco,"Organic Gala Apples, 3 lbs",$5.59 ,,,3 lb,"['Non-GMO', 'Organic']",Many in stock,"https://www.instacart.com/image-server/197x197/filters:fill(FFF,true):format(jpg)/d2lnr5mha7bycj.cloudfront.net/product-image/file/large_c09f6b20-aea9-4f12-b4a2-06c0f2304d57.jpg,"
Costco,"Blackberries, 12 oz",$3.72 ,,,12 oz,[],Many in stock,"https://www.instacart.com/image-server/197x197/filters:fill(FFF,true):format(jpg)/d2lnr5mha7bycj.cloudfront.net/product-image/file/large_5ac6c618-5ed2-4b21-88c0-ad0f02c9b7c7.jpg,"
Costco,Golden Pineapple,$2.48 ,,,1 ct,[],Many in stock,"https://www.instacart.com/image-server/197x197/filters:fill(FFF,true):format(jpg)/d2lnr5mha7bycj.cloudfront.net/product-image/file/large_8530c4ef-f61e-451c-9be6-405463fd020c.jpeg,"
Costco,"Organic Raspberries, 12 oz",$9.94 ,,,12 oz,"['Organic', 'Non-GMO']",,"https://www.instacart.com/image-server/197x197/filters:fill(FFF,true):format(jpg)/d2lnr5mha7bycj.cloudfront.net/product-image/file/large_7437def3-61e5-460a-86f9-747c68e6e955.jpg,"
Costco,"Honeycrisp Apples, 4 lbs",$7.45 ,,,4 lb,"['Non-GMO', 'Organic']",Many in stock,"https://www.instacart.com/image-server/197x197/filters:fill(FFF,true):format(jpg)/d2lnr5mha7bycj.cloudfront.net/product-image/file/large_a818a5a2-8dd2-4cff-a612-9935c00c90df.jpg,"
Costco,"Organic Limes, 3 lbs",$8.70 ,,,3 lb,"['Organic', 'Non-GMO']",Many in stock,"https://www.instacart.com/image-server/197x197/filters:fill(FFF,true):format(jpg)/d2lnr5mha7bycj.cloudfront.net/product-image/file/large_5eb12e33-365c-4eb3-8957-0384037ffaa3.jpg,"
Costco,"Organic Ataulfo Mangos, 6 ct",$9.94 ,,,6 ct,"['Organic', 'Non-GMO']",Many in stock,"https://www.instacart.com/image-server/197x197/filters:fill(FFF,true):format(jpg)/d2lnr5mha7bycj.cloudfront.net/product-image/file/large_431402a3-5df7-41e9-a5b7-e6022301cb77.jpg,"
Costco,"Cantaloupe, 2 ct",$6.95 ,,,2 ct,[],Many in stock,"https://www.instacart.com/image-server/197x197/filters:fill(FFF,true):format(jpg)/d2lnr5mha7bycj.cloudfront.net/product-image/file/large_7da32cf4-463c-40a6-a0cb-32fe4ca2ba69.jpg,"
Costco,"Fresh Cut Fruit Bowl, 3 lbs",$14.92 ,,,3 lb,[],Many in stock,"https://www.instacart.com/image-server/197x197/filters:fill(FFF,true):format(jpg)/d2lnr5mha7bycj.cloudfront.net/product-image/file/large_3e1ac105-9f89-40df-a5da-386bac4cf835.jpg,"
Costco,"Yellow Nectarines, 3 lbs",$8.70 ,,,3 lb,[],Many in stock,"https://www.instacart.com/image-server/197x197/filters:fill(FFF,true):format(jpg)/d2lnr5mha7bycj.cloudfront.net/product-image/file/large_1803cfd3-10cf-41ec-a115-060713af3a8d.jpg,"
Costco,"Cara Cara Oranges, 5 lbs",$7.45 ,,,5 lb,[],Many in stock,"https://www.instacart.com/image-server/197x197/filters:fill(FFF,true):format(jpg)/d2lnr5mha7bycj.cloudfront.net/product-image/file/large_65065b7a-9d60-46f2-a7ea-4f6fb7efc7b6.jpeg,"
Costco,"Seedless Lemons, 5 lbs",$11.18 ,,,5 lb,['Non-GMO'],Many in stock,"https://www.instacart.com/image-server/197x197/filters:fill(FFF,true):format(jpg)/d2lnr5mha7bycj.cloudfront.net/product-image/file/large_5d7e7006-6f30-4084-bedb-02af331f3700.jpg,"
Costco,"Premium Plums, 3 lbs",$7.20 ,,,3 lb,[],,"https://www.instacart.com/image-server/197x197/filters:fill(FFF,true):format(jpg)/d2lnr5mha7bycj.cloudfront.net/product-image/file/large_5fc296b8-f570-4ac4-a639-2da13f122e67.jpg,"
Costco,"Pink Apples, 4 lbs",$7.45 ,,,4 lb,[],Many in stock,"https://www.instacart.com/image-server/197x197/filters:fill(FFF,true):format(jpg)/d2lnr5mha7bycj.cloudfront.net/product-image/file/large_d18fe9eb-488a-4346-a922-23b7a7d8d471.jpg,"
Costco,"Organic Fuji Apples, 4 lbs",$7.95 ,,,4 lb,"['Non-GMO', 'Organic']",Many in stock,"https://www.instacart.com/image-server/197x197/filters:fill(FFF,true):format(jpg)/d2lnr5mha7bycj.cloudfront.net/product-image/file/large_b4230bc7-255a-4823-884c-522ace897c44.jpg,"
Costco,"Imported Naval Oranges, 8 lbs",$11.18 ,,,8 lb,[],Many in stock,"https://www.instacart.com/image-server/197x197/filters:fill(FFF,true):format(jpg)/d2lnr5mha7bycj.cloudfront.net/product-image/file/large_c3388857-8708-4a87-81d2-9e6af3b45503.jpg,"
Costco,"Wildtwist Apples, 4 lbs",$7.33 ,,,4 lb,[],Many in stock,"https://www.instacart.com/image-server/197x197/filters:fill(FFF,true):format(jpg)/d2lnr5mha7bycj.cloudfront.net/product-image/file/large_b6bf90c0-c1d6-4658-a5b2-99e94f7c166b.jpg,"
Costco,"Organic Green Kiwi, 4 lbs",$13.67 ,,,4 lb,['Organic'],Many in stock,"https://www.instacart.com/image-server/197x197/filters:fill(FFF,true):format(jpg)/d2lnr5mha7bycj.cloudfront.net/product-image/file/large_a29675a8-ae98-4666-9f37-f1f2bc2ca113.jpg,"
Costco,"Mini Seedless Watermelon, 2 ct",$9.94 ,,,2 ct,[],,"https://www.instacart.com/image-server/197x197/filters:fill(FFF,true):format(jpg)/d2lnr5mha7bycj.cloudfront.net/product-image/file/large_8cef72fa-e78a-42a1-9835-f6d958ac54e9.jpg,"
Costco,"Grapefruit, 5 lbs",$6.95 ,,,5 lb,[],Many in stock,"https://www.instacart.com/image-server/197x197/filters:fill(FFF,true):format(jpg)/d2lnr5mha7bycj.cloudfront.net/product-image/file/large_a42fc21e-f86c-409e-8f95-5681d5231c59.jpg,"
Costco,Golden Hami Melon,$7.45 ,,,,[],,"https://www.instacart.com/image-server/197x197/filters:fill(FFF,true):format(jpg)/d2lnr5mha7bycj.cloudfront.net/product-image/file/large_15c3aeeb-1061-4d00-aea3-8cc32f41a01d.jpg,"
Costco,"Envy Apples, Box, 4 lbs",$7.45 ,,,4 lb,[],Many in stock,"https://www.instacart.com/image-server/197x197/filters:fill(FFF,true):format(jpg)/d2lnr5mha7bycj.cloudfront.net/product-image/file/large_78f37202-b511-44c1-af46-2ae8615c9f41.jpg,"
Costco,"D'Anjou Pears, 4 lbs",$7.95 ,,,4 lb,[],Many in stock,"https://www.instacart.com/image-server/197x197/filters:fill(FFF,true):format(jpg)/d2lnr5mha7bycj.cloudfront.net/product-image/file/large_3d8dc81b-21a6-4cb3-95a7-2c451a7f8050.jpg,"
Costco,"Organic Long English Cucumber, 3 ct",$7.45 ,,,3 ct,"['Organic', 'Non-GMO']",Many in stock,"https://www.instacart.com/image-server/197x197/filters:fill(FFF,true):format(jpg)/d2lnr5mha7bycj.cloudfront.net/product-image/file/large_b0393401-6b8a-4b35-9a34-c0ea42ccdc13.jpg,"
Costco,"Mixed Bell Peppers, 6 ct",$7.33 ,,,6 ct,[],Many in stock,"https://www.instacart.com/image-server/197x197/filters:fill(FFF,true):format(jpg)/d2lnr5mha7bycj.cloudfront.net/product-image/file/large_1750a055-3486-45a6-90ea-39501f4450f2.jpeg,"
Costco,"Cocktail Cucumber, Greenhouse Grown, 1.5 lbs",$7.45 ,,,1.5 lb,[],Many in stock,"https://www.instacart.com/image-server/197x197/filters:fill(FFF,true):format(jpg)/d2lnr5mha7bycj.cloudfront.net/product-image/file/large_d8d5304c-04b6-412f-ae9c-a909d2120420.jpg,"
Costco,"Organic Peeled Carrots, 2 lbs, 2-count",$6.95 ,,,2 x 2 lb,"['In season', 'Non-GMO']",Many in stock,"https://www.instacart.com/image-server/197x197/filters:fill(FFF,true):format(jpg)/d2lnr5mha7bycj.cloudfront.net/product-image/file/large_5de229d7-8a61-489b-962a-c26df9933178.jpeg,"
Costco,"Gold Potatoes, 10 lbs",$6.21 ,,,10 lb,[],Many in stock,"https://www.instacart.com/image-server/197x197/filters:fill(FFF,true):format(jpg)/d2lnr5mha7bycj.cloudfront.net/product-image/file/large_93d30097-4752-495d-9622-db842ff19013.jpeg,"
Costco,"Artisan Romaine Hearts, 5 ct",$6.83 ,,,5 ct,[],Many in stock,"https://www.instacart.com/image-server/197x197/filters:fill(FFF,true):format(jpg)/d2lnr5mha7bycj.cloudfront.net/product-image/file/large_fca783b0-be59-4475-8f43-fb2c13412ca2.jpg,"
Costco,"Tomatoes on the Vine, Greenhouse Grown, 4 lbs",$8.57 ,,,4 lb,[],Many in stock,"https://www.instacart.com/image-server/197x197/filters:fill(FFF,true):format(jpg)/d2lnr5mha7bycj.cloudfront.net/product-image/file/large_4265bb3b-9e08-4ebc-aed8-d961ee33b789.jpg,"
Costco,"Organic Broccoli Florets, 2 lbs",$7.45 ,,,2 lb,['Organic'],Many in stock,"https://www.instacart.com/image-server/197x197/filters:fill(FFF,true):format(jpg)/d2lnr5mha7bycj.cloudfront.net/product-image/file/large_bce6e8df-9158-4f36-935c-0d4ef3f31fa0.jpg,"
Costco,"Organic Spring Mix, 1 lb",$5.34 ,,,1 lb,"['Organic', 'Non-GMO']",Many in stock,"https://www.instacart.com/image-server/197x197/filters:fill(FFF,true):format(jpg)/d2lnr5mha7bycj.cloudfront.net/product-image/file/large_fff34833-70b5-484b-98fe-50738056b028.jpg,"
Costco,"Mini Peppers, Greenhouse Grown, 1.5 lbs",$5.59 ,,,1.5 lb,[],Many in stock,"https://www.instacart.com/image-server/197x197/filters:fill(FFF,true):format(jpg)/d2lnr5mha7bycj.cloudfront.net/product-image/file/large_a3a99909-4a29-4925-aa00-627c53eed524.jpg,"
Costco,"Organic Crimini Mushrooms, 24 oz",$7.45 ,,,24 oz,['Organic'],Many in stock,"https://www.instacart.com/image-server/197x197/filters:fill(FFF,true):format(jpg)/d2lnr5mha7bycj.cloudfront.net/product-image/file/large_e5558e3f-2d3f-4348-9739-53b0602ec411.jpg,"
Costco,"Organic Celery Sticks, 2.5 lbs",$7.45 ,,,2.5 lb,"['Organic', 'Non-GMO']",Many in stock,"https://www.instacart.com/image-server/197x197/filters:fill(FFF,true):format(jpg)/d2lnr5mha7bycj.cloudfront.net/product-image/file/large_1a8fec65-a134-4708-9da9-a4f4f2000871.jpg,"
Costco,"Gourmet Medley Potato, 5 lbs",$8.07 ,,,5 lb,[],Many in stock,"https://www.instacart.com/image-server/197x197/filters:fill(FFF,true):format(jpg)/d2lnr5mha7bycj.cloudfront.net/product-image/file/large_2043ed45-d697-474e-b7e8-18dcfa79a3ca.jpg,"
Costco,"Gourmet Tomato Medley Greenhouse Grown, 2 lbs",$8.20 ,,,2 lb,[],Many in stock,"https://www.instacart.com/image-server/197x197/filters:fill(FFF,true):format(jpg)/d2lnr5mha7bycj.cloudfront.net/product-image/file/large_711a8911-669e-45d5-b694-1bf5108504bf.jpg,"
Costco,"Asparagus, 2.25 lbs",$4.96 ,,,2.25 lb,[],Many in stock,"https://www.instacart.com/image-server/197x197/filters:fill(FFF,true):format(jpg)/d2lnr5mha7bycj.cloudfront.net/product-image/file/large_5ad6eaa5-bbe3-4b5a-9ebb-48258b465ee6.jpg,"
Costco,"Romaine Lettuce Hearts, 6 ct",$5.46 ,,,2 ct,[],Many in stock,"https://www.instacart.com/image-server/197x197/filters:fill(FFF,true):format(jpg)/d2lnr5mha7bycj.cloudfront.net/product-image/file/large_be612170-23bd-4575-86e3-8c15ad19127e.jpg,"
Costco,"Organic Green Beans, 2 lbs",$7.45 ,,,2 lb,"['Organic', 'Non-GMO']",Many in stock,"https://www.instacart.com/image-server/197x197/filters:fill(FFF,true):format(jpg)/d2lnr5mha7bycj.cloudfront.net/product-image/file/large_b9c4c635-6208-431f-a609-14da8ccf7bf1.jpg,"
Costco,"Organic Carrots, 6 lbs",$5.83 ,,,6 lb,"['In season', 'Non-GMO']",Many in stock,"https://www.instacart.com/image-server/197x197/filters:fill(FFF,true):format(jpg)/d2lnr5mha7bycj.cloudfront.net/product-image/file/large_12d3d55c-6952-4d76-b7cd-f7f9309938c4.jpeg,"
Costco,"Baking Potatoes, 10 lbs",$5.83 ,,,10 lb,[],Many in stock,"https://www.instacart.com/image-server/197x197/filters:fill(FFF,true):format(jpg)/d2lnr5mha7bycj.cloudfront.net/product-image/file/large_a148f55d-1ee0-4088-853e-6864e0fed47d.jpg,"
Costco,"Organic White Mushrooms, 24 oz",$4.71 ,,,24 oz,"['Organic', 'Non-GMO']",Many in stock,"https://www.instacart.com/image-server/197x197/filters:fill(FFF,true):format(jpg)/d2lnr5mha7bycj.cloudfront.net/product-image/file/large_1d92a738-211d-4642-a445-87c4e5f22f68.jpg,"
Costco,"Yellow Jumbo Onions, 10 lbs",$10.31 ,,,10 lb,[],Many in stock,"https://www.instacart.com/image-server/197x197/filters:fill(FFF,true):format(jpg)/d2lnr5mha7bycj.cloudfront.net/product-image/file/large_7dc9a6ca-fd8c-4bbe-8921-4bb82226eb44.jpeg,"
Costco,"Sweet Kale Salad Kit, 2 x 14 oz",$8.70 ,,,2 x 14 oz,[],Many in stock,"https://www.instacart.com/image-server/197x197/filters:fill(FFF,true):format(jpg)/d2lnr5mha7bycj.cloudfront.net/product-image/file/large_d8ebcbe0-bbe8-48fb-ad4d-9469193c4a75.jpg,"
Costco,"Organic Brussels Sprouts, 2 lbs",$8.07 ,,,2 lb,"['Organic', 'Non-GMO']",Many in stock,"https://www.instacart.com/image-server/197x197/filters:fill(FFF,true):format(jpg)/d2lnr5mha7bycj.cloudfront.net/product-image/file/large_cc2c7fe5-1039-4894-96f5-fd6e3420fc5b.jpg,"
Costco,"Colossal Garlic, 2 lbs",$7.08 ,,,2 lb,[],Many in stock,"https://www.instacart.com/image-server/197x197/filters:fill(FFF,true):format(jpg)/d2lnr5mha7bycj.cloudfront.net/product-image/file/large_659c537a-716d-4823-aeaa-16f10225caa3.jpg,"
Costco,"Organic Squash, 3.5 lbs",$11.18 ,,,3.5 lb,"['Organic', 'Non-GMO']",Many in stock,"https://www.instacart.com/image-server/197x197/filters:fill(FFF,true):format(jpg)/d2lnr5mha7bycj.cloudfront.net/product-image/file/large_124e1e74-e27d-4ceb-804d-e4874d167102.jpg,"
Costco,"Sweet Potatoes, 6.5 lbs",$6.21 ,,,6.5 lb,[],Many in stock,"https://www.instacart.com/image-server/197x197/filters:fill(FFF,true):format(jpg)/d2lnr5mha7bycj.cloudfront.net/product-image/file/large_b7a318e1-5337-4d91-952d-c3e528613b2b.jpg,"
Costco,"Campari Tomatoes, 2 lbs",$6.08 ,,,2 lb,[],Many in stock,"https://www.instacart.com/image-server/197x197/filters:fill(FFF,true):format(jpg)/d2lnr5mha7bycj.cloudfront.net/product-image/file/large_fdec7d1c-e288-4cd5-a8e5-6b8849c171a1.jpeg,"
Costco,"Peruvian Sweet Onions, 5 lbs",$6.21 ,,,5 lb,[],Many in stock,"https://www.instacart.com/image-server/197x197/filters:fill(FFF,true):format(jpg)/d2lnr5mha7bycj.cloudfront.net/product-image/file/large_1889e873-d165-4b78-9f5f-a0a650d008c9.jpeg,"
Costco,"Small Red Potatoes, 10 lbs",$4.96 ,,,10 lb,[],Many in stock,"https://www.instacart.com/image-server/197x197/filters:fill(FFF,true):format(jpg)/d2lnr5mha7bycj.cloudfront.net/product-image/file/large_5a348821-83cd-4240-8ec9-c0d3665fd8df.jpg,"
Costco,"Organic Power Greens, 1.5 lbs",$8.70 ,,,1.5 lb,"['Organic', 'Non-GMO']",Many in stock,"https://www.instacart.com/image-server/197x197/filters:fill(FFF,true):format(jpg)/d2lnr5mha7bycj.cloudfront.net/product-image/file/large_0e7e215c-7435-4a43-8985-c6e3507b6b29.jpg,"
Costco,"Butter Lettuce, 3 ct",$4.96 ,,,3 ct,[],Many in stock,"https://www.instacart.com/image-server/197x197/filters:fill(FFF,true):format(jpg)/d2lnr5mha7bycj.cloudfront.net/product-image/file/large_1b67c568-e46e-4a3d-b9c6-253b624bbee4.jpg,"
Costco,"Polar Foods Organic Black Garlic, 20 oz",$21.14 ,,,20 oz,"['Organic', 'Non-GMO']",Many in stock,"https://www.instacart.com/image-server/197x197/filters:fill(FFF,true):format(jpg)/d2lnr5mha7bycj.cloudfront.net/product-image/file/large_7c60771c-1f7c-4d36-9485-f1df0a64d1e9.jpg,"
Costco,"Organic Specialty Mushroom Blend, 16 oz",$13.67 ,,,,['Organic'],Many in stock,"https://www.instacart.com/image-server/197x197/filters:fill(FFF,true):format(jpg)/d2lnr5mha7bycj.cloudfront.net/product-image/file/large_7aa76953-28e1-4f27-8ef1-62501f289ae1.jpg,"
Costco,"Cherry Tomatoes on the Vine, 1.5 lbs",$9.57 ,,,1.5 lb,[],Many in stock,"https://www.instacart.com/image-server/197x197/filters:fill(FFF,true):format(jpg)/d2lnr5mha7bycj.cloudfront.net/product-image/file/large_4e17b907-a50b-4c17-b44c-8edfa1b59d7d.jpeg,"
Costco,"Kirkland Signature Organic White & Yellow Corn Tortilla Chips, 40 oz",$7.45 ,,,40 oz,"['Gluten-Free', 'Organic']",Many in stock,"https://www.instacart.com/image-server/197x197/filters:fill(FFF,true):format(jpg)/d2lnr5mha7bycj.cloudfront.net/product-image/file/large_b2711aca-4041-4356-bc70-5f3d8a649cb6.jpg,"
Costco,"Nature's Bakery Fig Bar Variety, 40 x 2 oz.",$19.89 ,,,40 x 2 oz,[],Many in stock,"https://www.instacart.com/image-server/197x197/filters:fill(FFF,true):format(jpg)/d2lnr5mha7bycj.cloudfront.net/product-image/file/large_3fd69623-e312-4be5-a5ba-a696baef8003.jpg,"
Costco,"Bear Fruit Rolls Variety, 16.9 oz",$13.67 ,,,16.9 oz,"['Gluten-Free', 'Vegan']",Many in stock,"https://www.instacart.com/image-server/197x197/filters:fill(FFF,true):format(jpg)/d2lnr5mha7bycj.cloudfront.net/product-image/file/large_565ceca4-edf4-43d3-9920-2c69cc792492.jpg,"
Costco,"That’s it Mini Fruit Bars, Variety Pack, 0.7 oz, 24 ct",$17.40 ,,,24 ct,[],Many in stock,"https://www.instacart.com/image-server/197x197/filters:fill(FFF,true):format(jpg)/d2lnr5mha7bycj.cloudfront.net/product-image/file/large_90693fde-d1a8-4da6-b97a-5cfe9c8e3197.jpg,"
Costco,"SunChips Whole Grain Snacks, Variety Pack, 1.5 oz, 30 ct",$22.38 ,,,30 x 1.5 oz,[],Many in stock,"https://www.instacart.com/image-server/197x197/filters:fill(FFF,true):format(jpg)/d2lnr5mha7bycj.cloudfront.net/product-image/file/large_0e7b1af7-4dda-4def-8fd4-2bd2608808b8.jpg,"
Costco,"Kellogg's Rice Krispies Treats, Original, 0.78 oz, 60 ct",$16.16 ,,,60 x 0.78 oz,[],,"https://www.instacart.com/image-server/197x197/filters:fill(FFF,true):format(jpg)/d2lnr5mha7bycj.cloudfront.net/product-image/file/large_59478e77-a483-4126-b67a-5c4a307380f8.jpg,"
Costco,"Chomps Original Beef Sticks, 12 ct x 1.15 oz",$21.14 ,,,12 x 1.15 oz,"['Gluten-Free', 'Keto']",Many in stock,"https://www.instacart.com/image-server/197x197/filters:fill(FFF,true):format(jpg)/d2lnr5mha7bycj.cloudfront.net/product-image/file/large_ee27cb73-05cc-44f9-aa7b-ecc7877c694b.jpg,"
Costco,"Pirate's Booty Baked Rice and Corn Puffs, White Cheddar, 0.5 oz, 40 ct",$16.04 ,,,40 x 5 oz,['Gluten-Free'],,"https://www.instacart.com/image-server/197x197/filters:fill(FFF,true):format(jpg)/d2lnr5mha7bycj.cloudfront.net/product-image/file/large_37967329-1b6f-4968-9225-47dc988246b0.jpg,"
Costco,"belVita Breakfast Biscuits, Cinnamon Brown Sugar, 1.76 oz, 30 ct",$18.52 ,,,30 x 1.76 oz,[],,"https://www.instacart.com/image-server/197x197/filters:fill(FFF,true):format(jpg)/d2lnr5mha7bycj.cloudfront.net/product-image/file/large_dd191f18-055a-4369-90fb-5f2ae3d8e004.jpg,"
Costco,"Kirkland Signature Kettle Pink Salt Potato Chips, 32 oz",$7.45 ,,,32 oz,"['Gluten-Free', 'Vegan']",Many in stock,"https://www.instacart.com/image-server/197x197/filters:fill(FFF,true):format(jpg)/d2lnr5mha7bycj.cloudfront.net/product-image/file/large_2f6fb584-4e79-4be4-ab49-74fc19fab678.jpeg,"
Costco,Country Archer Jerky & Meat Snacks Country Archer Minis,$20.64 ,,,14 oz,['Grass-Fed'],,"https://www.instacart.com/image-server/197x197/filters:fill(FFF,true):format(jpg)/d2lnr5mha7bycj.cloudfront.net/product-image/file/large_434ed8da-4910-4de5-a05e-e7dc914dd6b7.jpg,"
Costco,"Kirkland Signature Soft & Chewy Chocolate Chip Granola Bars, 0.85 oz, 64 ct",$11.81 ,,,64 x 0.85 oz,[],Many in stock,"https://www.instacart.com/image-server/197x197/filters:fill(FFF,true):format(jpg)/d2lnr5mha7bycj.cloudfront.net/product-image/file/large_258daedb-b9f7-4e65-a3c4-cb2ba470a8cc.jpeg,"
Costco,"Utz Pub Mix, 44 oz",$11.06 ,,,44 oz,[],Many in stock,"https://www.instacart.com/image-server/197x197/filters:fill(FFF,true):format(jpg)/d2lnr5mha7bycj.cloudfront.net/product-image/file/large_d3dcca53-41e3-4c67-ad7a-5856ef1c6c21.jpeg,"
Costco,"Heavenly Hunk Organic Dark Chocolate Oatmeal, 22 oz",$11.70 ,,,22 x 1 oz,"['Organic', 'Gluten-Free']",Many in stock,"https://www.instacart.com/image-server/197x197/filters:fill(FFF,true):format(jpg)/d2lnr5mha7bycj.cloudfront.net/product-image/file/large_a0eed4cf-983c-47a0-9212-cb7764ae4992.jpg,"
Costco,"Mott's Fruit Flavored Snacks, Assorted Fruit, 0.8 oz, 90 ct",$14.92 ,,,90 ct,['Gluten-Free'],,"https://www.instacart.com/image-server/197x197/filters:fill(FFF,true):format(jpg)/d2lnr5mha7bycj.cloudfront.net/product-image/file/large_90c4dfb2-3e60-4566-b248-dad66292f134.jpg,"
Costco,"Wilde Protein Chips Nashville Hot Chicken, 7 oz",$11.06 ,,,7 oz,['Gluten-Free'],Many in stock,"https://www.instacart.com/image-server/197x197/filters:fill(FFF,true):format(jpg)/d2lnr5mha7bycj.cloudfront.net/product-image/file/large_63d3b363-32e3-4324-b17e-f21361a81d11.jpg,"
Costco,"Welch’s Fruit Snacks, .8 oz, 90 count",$17.03 ,,,"★★★★★
★★★★★
(1.06K)",[],Many in stock,"https://www.instacart.com/image-server/197x197/filters:fill(FFF,true):format(jpg)/d2lnr5mha7bycj.cloudfront.net/product-image/file/large_1ab88d17-98b9-426a-9d9c-1d6dfdd4b4b8.jpg,"
Costco,"Snack Factory Organic Pretzel Crisps, 28 oz",$11.18 ,,,28 oz,"['Organic', 'Vegan']",,"https://www.instacart.com/image-server/197x197/filters:fill(FFF,true):format(jpg)/d2lnr5mha7bycj.cloudfront.net/product-image/file/large_caa03284-539b-44f5-98d7-74b1c0e6e64d.jpg,"
Costco,"Pepperidge Farm Goldfish Cheddar Cracker, 45 x 1 oz",$14.92 ,,,45 x 1 oz,[],,"https://www.instacart.com/image-server/197x197/filters:fill(FFF,true):format(jpg)/d2lnr5mha7bycj.cloudfront.net/product-image/file/large_19f6b5b4-8e1d-40f7-b732-d2bb2cea4b5b.jpg,"
Costco,"Hippeas Organic Vegan White Cheddar Chickpea Puffs, 18 oz",$9.94 ,,,18 oz,"['Gluten-Free', 'Organic']",Many in stock,"https://www.instacart.com/image-server/197x197/filters:fill(FFF,true):format(jpg)/d2lnr5mha7bycj.cloudfront.net/product-image/file/large_caf6ee43-183e-4ed4-a76b-15e4b68dc4c6.jpg,"
Costco,Nabisco Ritz Original Crackers,$12.30 ,,,18 ct,[],,"https://www.instacart.com/image-server/197x197/filters:fill(FFF,true):format(jpg)/d2lnr5mha7bycj.cloudfront.net/product-image/file/large_7cb88d15-14ab-4fd1-8372-4a6b3287b5c8.jpg,"
Costco,Entenmann's Little Bites Chocolate Chip Muffins,$14.54 ,,,20 ct,[],Many in stock,"https://www.instacart.com/image-server/197x197/filters:fill(FFF,true):format(jpg)/d2lnr5mha7bycj.cloudfront.net/product-image/file/large_5655fc3d-0ac5-4c3f-aaf8-ee7889277a9d.jpg,"
Costco,"Angie's Boom Chicka Pop, 25 oz",$6.89 ,,,25 oz,"['Gluten-Free', 'Vegan']",,"https://www.instacart.com/image-server/197x197/filters:fill(FFF,true):format(jpg)/d2lnr5mha7bycj.cloudfront.net/product-image/file/large_144a4ca2-5bdc-47a2-981d-3fd6253119cd.jpg,"
Costco,"Kind Bar Variety, 1.4 oz, 20 count",$16.13 ,,,20 x 1.4 oz,[],Many in stock,"https://www.instacart.com/image-server/197x197/filters:fill(FFF,true):format(jpg)/d2lnr5mha7bycj.cloudfront.net/product-image/file/large_b7f5b197-8e62-46ef-a5a4-007b53ae9e58.jpg,"
Costco,"PopCorners Popped-Corn Snack, Variety Pack, 1 oz, 30 ct",$17.28 ,,,30 x 1 oz,[],Many in stock,"https://www.instacart.com/image-server/197x197/filters:fill(FFF,true):format(jpg)/d2lnr5mha7bycj.cloudfront.net/product-image/file/large_09854707-4201-4391-82d6-5573ecbb94c4.jpg,"
Costco,"SkinnyPop Popcorn, 0.65 oz, 28 ct",$19.52 ,,,28 x 0.65 oz,"['Gluten-Free', 'Vegan']",,"https://www.instacart.com/image-server/197x197/filters:fill(FFF,true):format(jpg)/d2lnr5mha7bycj.cloudfront.net/product-image/file/large_81c4441b-620f-4bb8-8f4b-f9a89ddf7497.jpg,"
Costco,"Skinny Pop Organic Popcorn, 14 oz",$8.70 ,,,14 oz,"['Organic', 'Gluten-Free']",Many in stock,"https://www.instacart.com/image-server/197x197/filters:fill(FFF,true):format(jpg)/d2lnr5mha7bycj.cloudfront.net/product-image/file/large_cd474ed4-cd59-40b6-8d01-a9405960d22f.jpg,"
Costco,"Kirkland Signature Microwave Popcorn Movie Theater Butter, 44 x 3.3 oz",$18.65 ,,,44 x 3.3 oz,[],Many in stock,"https://www.instacart.com/image-server/197x197/filters:fill(FFF,true):format(jpg)/d2lnr5mha7bycj.cloudfront.net/product-image/file/large_a82cf40c-3e66-47cc-afa4-bb2a76d20c07.jpg,"
Costco,"Kirkland Signature Tortilla Strips, 48 oz",$7.45 ,,,48 oz,[],Many in stock,"https://www.instacart.com/image-server/197x197/filters:fill(FFF,true):format(jpg)/d2lnr5mha7bycj.cloudfront.net/product-image/file/large_150eef22-66c0-490b-9688-9de50bfdb4b5.jpg,"
Costco,"Kirkland Signature Peanut Butter Pretzels Nuggets, 55 oz",$12.43 ,,,55 oz,[],Many in stock,"https://www.instacart.com/image-server/197x197/filters:fill(FFF,true):format(jpg)/d2lnr5mha7bycj.cloudfront.net/product-image/file/large_ded59f4e-6f0d-4793-acb9-7c85203eff33.jpg,"
Costco,"Ritz Crackers Handi-Snacks, Crackers 'N Cheese Dip, 0.95 oz, 30-Count",$15.66 ,,,30 x 0.95 oz,[],,"https://www.instacart.com/image-server/197x197/filters:fill(FFF,true):format(jpg)/d2lnr5mha7bycj.cloudfront.net/product-image/file/large_634dbb44-afed-4d86-8415-de8dcf43a7cc.jpg,"
Costco,"Nabisco Cookie & Cracker, Variety Pack, 1 oz, 40 count",$16.04 ,,,40 ct,[],Many in stock,"https://www.instacart.com/image-server/197x197/filters:fill(FFF,true):format(jpg)/d2lnr5mha7bycj.cloudfront.net/product-image/file/large_1e12eab5-0282-423b-b3f7-b0a4508ccd01.jpg,"
Costco,"Dot’s Homestyle Pretzels, Original Seasoned Pretzel Twists, 35 oz",$11.20 ,,,35 oz,[],Many in stock,"https://www.instacart.com/image-server/197x197/filters:fill(FFF,true):format(jpg)/d2lnr5mha7bycj.cloudfront.net/product-image/file/large_97a29149-ad6a-490b-8253-620fea2459a2.jpg,"
Costco,"Unreal Dark Chocolate Coconut Minis, 15.3 oz",$12.43 ,,,15.34 oz,"['Gluten-Free', 'Vegan']",Many in stock,"https://www.instacart.com/image-server/197x197/filters:fill(FFF,true):format(jpg)/d2lnr5mha7bycj.cloudfront.net/product-image/file/large_6d7bedd0-6a13-4275-89f3-929704f50c50.jpg,"
Costco,"Fritos Scoops, 32 Oz",$7.08 ,,,32 oz,"['Gluten-Free', 'Vegan']",,"https://www.instacart.com/image-server/197x197/filters:fill(FFF,true):format(jpg)/d2lnr5mha7bycj.cloudfront.net/product-image/file/large_b00a9266-09c7-4560-8460-d186b539985c.jpg,"
Costco,"Cheez-It Baked Snack Crackers, Cheddar, 1.5 oz, 45 ct",$18.40 ,,,45 ct,['Light Sodium'],,"https://www.instacart.com/image-server/197x197/filters:fill(FFF,true):format(jpg)/d2lnr5mha7bycj.cloudfront.net/product-image/file/large_db2fd239-c076-461d-8c36-80f8e3835934.jpg,"
Costco,Simple Mills Fine Ground Sea Salt Almond Flour Crackers,$12.30 ,,,20 oz,"['Gluten-Free', 'Vegan']",Many in stock,"https://www.instacart.com/image-server/197x197/filters:fill(FFF,true):format(jpg)/d2lnr5mha7bycj.cloudfront.net/product-image/file/large_a7309f49-e1a1-4adf-a45c-5463b8c101f7.jpg,"
Costco,"Doritos Nacho Cheese, 30 oz",$8.70 ,,,30 oz,[],,"https://www.instacart.com/image-server/197x197/filters:fill(FFF,true):format(jpg)/d2lnr5mha7bycj.cloudfront.net/product-image/file/large_107c8e1b-f8b6-4352-91ef-380034ed04d3.jpeg,"
Costco,"Honey Maid Graham Crackers, 14.4 oz, 4 ct",$11.06 ,,,4 x 14.4 oz,[],,"https://www.instacart.com/image-server/197x197/filters:fill(FFF,true):format(jpg)/d2lnr5mha7bycj.cloudfront.net/product-image/file/large_3627529d-49a2-4761-a597-ac6485c9d87c.jpg,"
Costco,"Stacy's Organic Simply Naked Pita Chips, 28 oz",$9.94 ,,,28 oz,['Organic'],Many in stock,"https://www.instacart.com/image-server/197x197/filters:fill(FFF,true):format(jpg)/d2lnr5mha7bycj.cloudfront.net/product-image/file/large_281c9077-b739-43aa-8fa4-1287b50531b2.jpg,"
Costco,Universal Bakery Organic Aussie Bites,$13.67 ,,,30 oz,['Organic'],Many in stock,"https://www.instacart.com/image-server/197x197/filters:fill(FFF,true):format(jpg)/d2lnr5mha7bycj.cloudfront.net/product-image/file/large_fcfa9ceb-d09a-4f4b-befc-838ac8b6f9f7.jpg,"
Costco,"Munchies Cheese Fix Snack Mix, 38 oz",$12.43 ,,,38 oz,[],Many in stock,"https://www.instacart.com/image-server/197x197/filters:fill(FFF,true):format(jpg)/d2lnr5mha7bycj.cloudfront.net/product-image/file/large_79832f0e-cb0b-4947-a785-3375341ce8c4.jpg,"
Costco,"OREO Chocolate Sandwich Cookies, Stay Fresh Packs, 12 Count",$13.30 ,,,14.76 oz,[],,"https://www.instacart.com/image-server/197x197/filters:fill(FFF,true):format(jpg)/d2lnr5mha7bycj.cloudfront.net/product-image/file/large_2c4cf726-5946-4ca8-bc2e-a774b5800bd3.jpg,"
Costco,"Calbee Harvest Snaps Baked Green Pea Snacks, Lightly Salted, 20 oz",$9.83 ,,,20 oz,[],,"https://www.instacart.com/image-server/197x197/filters:fill(FFF,true):format(jpg)/d2lnr5mha7bycj.cloudfront.net/product-image/file/large_61ef97cd-483d-4e48-b985-6f0870047bb1.jpg,"
Costco,"Kirkland Signature Chicken Street Tacos, 12 ct",$18.13 ,/pkg (est.),$6.21 / lb,About 2.92 lb / package,[],,"https://www.instacart.com/image-server/197x197/filters:fill(FFF,true):format(jpg)/d2lnr5mha7bycj.cloudfront.net/product-image/file/large_f32dfb2a-99dc-40c2-a702-1c66f241e004.jpg,"
Costco,Kirkland Signature Mac and Cheese,$14.14 ,/pkg (est.),$3.72 / lb,About 3.8 lb / package,[],,"https://www.instacart.com/image-server/197x197/filters:fill(FFF,true):format(jpg)/d2lnr5mha7bycj.cloudfront.net/product-image/file/large_df2e33fc-1631-4fc7-bf15-693a56cac526.jpg,"
Costco,Vegetable Platter with Ranch Dip,$14.92 ,,,4 lb,[],Many in stock,"https://www.instacart.com/image-server/197x197/filters:fill(FFF,true):format(jpg)/d2lnr5mha7bycj.cloudfront.net/product-image/file/large_54303a0f-8e23-427a-97a5-20671d2fe5d6.jpg,"
Costco,"Del Real Birria & Cheese Pupusas, 51 oz",$19.77 ,,,51 oz,[],Many in stock,"https://www.instacart.com/image-server/197x197/filters:fill(FFF,true):format(jpg)/d2lnr5mha7bycj.cloudfront.net/product-image/file/large_044a3f2e-d377-4648-8ff3-7a83c9773035.jpg,"
Costco,Kirkland Signature Caesar Salad with Caesar Dressing & Croutons,$10.96 ,/pkg (est.),$5.59 / lb,About 1.96 lb / package,[],,"https://www.instacart.com/image-server/197x197/filters:fill(FFF,true):format(jpg)/d2lnr5mha7bycj.cloudfront.net/product-image/file/large_3ad823a1-1838-4301-87e4-314cebd1cdd4.jpg,"
Costco,Kirkland Signature Meatloaf with Yukon Gold Mashed Potatoes,$20.24 ,/pkg (est.),$4.96 / lb,About 4.08 lb / package,[],,"https://www.instacart.com/image-server/197x197/filters:fill(FFF,true):format(jpg)/d2lnr5mha7bycj.cloudfront.net/product-image/file/large_5db445ba-8482-4bbd-bfe5-8ffc6114311a.jpg,"
Costco,"Lily's Toaster Grills Grilled American Cheese, 8 ct",$12.43 ,,,8 x 29.3 oz,[],Many in stock,"https://www.instacart.com/image-server/197x197/filters:fill(FFF,true):format(jpg)/d2lnr5mha7bycj.cloudfront.net/product-image/file/large_48d040cf-7921-40cf-8d43-c152ab1a8d21.jpg,"
Costco,Kirkland Signature Chicken Alfredo with Penne Pasta,$23.31 ,/pkg (est.),$5.59 / lb,About 4.17 lb / package,[],,"https://www.instacart.com/image-server/197x197/filters:fill(FFF,true):format(jpg)/d2lnr5mha7bycj.cloudfront.net/product-image/file/large_bbd4485a-c6a0-4610-9fec-488e40d0792e.jpg,"
Costco,"Organic Caesar Salad Kit, 24 oz",$11.18 ,,,24 oz,[],Many in stock,"https://www.instacart.com/image-server/197x197/filters:fill(FFF,true):format(jpg)/d2lnr5mha7bycj.cloudfront.net/product-image/file/large_8fba7fed-6ec2-4b60-9ab8-96a1162213d4.jpg,"
Costco,Kirkland Signature Stuffed Bell Peppers with Ground Beef & Rice,$23.47 ,/pkg (est.),$6.21 / lb,About 3.78 lb / package,[],,"https://www.instacart.com/image-server/197x197/filters:fill(FFF,true):format(jpg)/d2lnr5mha7bycj.cloudfront.net/product-image/file/large_9231d53b-e4e6-4d93-b36f-ac7ec1712804.jpg,"
Costco,"Sargento Baklanced Breaks Balanced Breaks Cheese & Crackers, 12 x 1.5 oz",$13.42 ,,,12 x 1.5 oz,[],Many in stock,"https://www.instacart.com/image-server/197x197/filters:fill(FFF,true):format(jpg)/d2lnr5mha7bycj.cloudfront.net/product-image/file/large_5cc920e7-a1fd-4cb0-aaba-ddd50b86edc0.jpg,"
Costco,"Kirkland Signature Roasted Chicken & Swiss Roller Tray, 12 ct",$16.53 ,/pkg (est.),$8.70 / lb,About 1.9 lb / package,[],,"https://www.instacart.com/image-server/197x197/filters:fill(FFF,true):format(jpg)/d2lnr5mha7bycj.cloudfront.net/product-image/file/large_b00f5009-f4cc-4580-871d-e8060cee2f6b.jpg,"
Costco,"MUSH Ready to Eat Oats, Variety Pack, 5 oz, 8 ct",$11.70 ,,,8 x 5 oz,[],Many in stock,"https://www.instacart.com/image-server/197x197/filters:fill(FFF,true):format(jpg)/d2lnr5mha7bycj.cloudfront.net/product-image/file/large_7e217006-756e-4a1e-a62c-40424cdd5aaa.jpg,"
Costco,"Main St Bistro Baked Scalloped Potatoes, 40 oz",$9.69 ,,,40 oz,[],Many in stock,"https://www.instacart.com/image-server/197x197/filters:fill(FFF,true):format(jpg)/d2lnr5mha7bycj.cloudfront.net/product-image/file/large_62928f5b-d76f-42ee-b6d9-5aee60e3ee03.jpg,"
Costco,"Kirkland Signature Chicken Pot Pie, All White Meat, Ready To Bake",$29.31 ,/pkg (est.),$4.96 / lb,About 5.91 lb / package,[],,"https://www.instacart.com/image-server/197x197/filters:fill(FFF,true):format(jpg)/d2lnr5mha7bycj.cloudfront.net/product-image/file/large_213811ad-6c96-4e39-95ea-f7726a9b9fa5.jpeg,"
Costco,"Kirkland Signature Five Cheese Tortelloni, 2 x 24 oz",$13.67 ,,,2 x 24 oz,[],Many in stock,"https://www.instacart.com/image-server/197x197/filters:fill(FFF,true):format(jpg)/d2lnr5mha7bycj.cloudfront.net/product-image/file/large_063a4e35-e228-4328-adf5-a08ea0c24275.jpg,"
Costco,"Panera Macaroni & Cheese, 24 oz, 2-count",$13.67 ,,,2 x 24 oz,[],Many in stock,"https://www.instacart.com/image-server/197x197/filters:fill(FFF,true):format(jpg)/d2lnr5mha7bycj.cloudfront.net/product-image/file/large_29045ab7-fbe8-4590-945a-c54ff194558f.jpg,"
Costco,"Kirkland Signature Gyro Kit, 6 ct",$25.50 ,/pkg (est.),$8.07 / lb,About 3.16 lb / package,[],,"https://www.instacart.com/image-server/197x197/filters:fill(FFF,true):format(jpg)/d2lnr5mha7bycj.cloudfront.net/product-image/file/large_feac7fbd-aa64-4243-89dd-3d7f6566f332.jpg,"
Costco,"Starbucks Sous Vide Egg Bites, Egg White and Roasted Red Pepper, 10-count",$18.40 ,,,10 ct,[],Many in stock,"https://www.instacart.com/image-server/197x197/filters:fill(FFF,true):format(jpg)/d2lnr5mha7bycj.cloudfront.net/product-image/file/large_6b0a6a47-97d0-4b59-a19d-c70e04b7e975.jpg,"
Costco,Kirkland Signature Yakisoba Stir Fry,$25.26 ,/pkg (est.),$7.45 / lb,About 3.39 lb / package,[],,"https://www.instacart.com/image-server/197x197/filters:fill(FFF,true):format(jpg)/d2lnr5mha7bycj.cloudfront.net/product-image/file/large_0d814c5e-5dfb-4449-9c87-5c3c53b53476.jpg,"
Costco,"Busseto Foods California Snackin' Trays, Mild Salami & Provolone Cheese, 3 oz, 8-count",$14.79 ,,,8 x 3 oz,[],Many in stock,"https://www.instacart.com/image-server/197x197/filters:fill(FFF,true):format(jpg)/d2lnr5mha7bycj.cloudfront.net/product-image/file/large_06d27480-d688-4cad-979a-d4bfd6df9c20.jpg,"
Costco,"Real Good Food Chicken & Pepperjack Burritos, 32 oz, 4-count",$14.79 ,,,32 oz,[],Many in stock,"https://www.instacart.com/image-server/197x197/filters:fill(FFF,true):format(jpg)/d2lnr5mha7bycj.cloudfront.net/product-image/file/large_c03d682c-b9da-44ad-945d-1ba3913b4030.jpg,"
Costco,Kirkland Signature Chicken Sandwich on Sprouted Grain Bread,$16.69 ,/pkg (est.),$7.45 / lb,About 2.24 lb / package,[],,"https://www.instacart.com/image-server/197x197/filters:fill(FFF,true):format(jpg)/d2lnr5mha7bycj.cloudfront.net/product-image/file/large_5e1dab13-ebdb-406a-833e-17f213cf2e78.jpg,"
Costco,Kirkland Signature Rotisserie Chicken Noodle Soup,$17.32 ,/pkg (est.),$4.34 / lb,About 3.99 lb / package,[],,"https://www.instacart.com/image-server/197x197/filters:fill(FFF,true):format(jpg)/d2lnr5mha7bycj.cloudfront.net/product-image/file/large_6bb76109-d8d8-4359-a251-765f64f63ebe.jpg,"
Costco,Kirkland Signature Ravioli Lasagna with Beef & Pork Bolognese Sauce,$21.98 ,/pkg (est.),$6.21 / lb,About 3.54 lb / package,[],,"https://www.instacart.com/image-server/197x197/filters:fill(FFF,true):format(jpg)/d2lnr5mha7bycj.cloudfront.net/product-image/file/large_b2809013-f7c8-4ef0-bc82-3bd88a9b5781.jpeg,"
Costco,"Veggie Snack Pack, 6 oz, 4-count",$9.94 ,,,4 x 6 oz,[],Many in stock,"https://www.instacart.com/image-server/197x197/filters:fill(FFF,true):format(jpg)/d2lnr5mha7bycj.cloudfront.net/product-image/file/large_ff62f221-aed6-4142-a862-3394882ab3b4.jpg,"
Costco,"Kirkland Signature Chicken Tortilla Soup, 2 x 32 oz",$10.93 ,,,2 x 32 oz,[],Many in stock,"https://www.instacart.com/image-server/197x197/filters:fill(FFF,true):format(jpg)/d2lnr5mha7bycj.cloudfront.net/product-image/file/large_d9a3760f-ac15-4e94-8475-69e7dffcd8f2.jpg,"
Costco,"La Terra Fina Quiche Variety Pack, 48 oz",$16.91 ,,,48 oz,[],Many in stock,"https://www.instacart.com/image-server/197x197/filters:fill(FFF,true):format(jpg)/d2lnr5mha7bycj.cloudfront.net/product-image/file/large_0dbb2e47-0000-4168-b47e-2556e56f80cf.jpg,"
Costco,"Main St. Bistro All Natural Mashed Potatoes, 2 x 32 oz",$9.82 ,,,2 x 32 oz,[],Many in stock,"https://www.instacart.com/image-server/197x197/filters:fill(FFF,true):format(jpg)/d2lnr5mha7bycj.cloudfront.net/product-image/file/large_d433ab0f-7354-45b5-95df-310ba7849c5b.jpg,"
Costco,"Kirkland Signature Organic Hardboiled Eggs, 16-count, 2-pack",$16.78 ,,,2 ct,[],Many in stock,"https://www.instacart.com/image-server/197x197/filters:fill(FFF,true):format(jpg)/d2lnr5mha7bycj.cloudfront.net/product-image/file/large_8922990f-c962-407a-b443-2314bce0a656.jpg,"
Costco,"Green Goddess Salad Kit, 12.75 oz, 2-count",$9.94 ,,,,[],Many in stock,"https://www.instacart.com/image-server/197x197/filters:fill(FFF,true):format(jpg)/d2lnr5mha7bycj.cloudfront.net/product-image/file/large_0d096da6-d26a-43da-a7d0-67e2ff9e1725.jpg,"
Costco,Kirkland Signature Beef Chili,$19.84 ,/pkg (est.),$4.96 / lb,About 4.0 lb / package,[],,"https://www.instacart.com/image-server/197x197/filters:fill(FFF,true):format(jpg)/d2lnr5mha7bycj.cloudfront.net/product-image/file/large_e1ad953e-823a-464a-a19f-7e5a3b6eee59.jpg,"
Costco,"Puravida Roasted Shrimp Tom Yum Soup, 24 oz, 2-pack",$18.65 ,,,2 x 24 oz,[],Many in stock,"https://www.instacart.com/image-server/197x197/filters:fill(FFF,true):format(jpg)/d2lnr5mha7bycj.cloudfront.net/product-image/file/large_53986df2-c6a6-4a53-bb61-ee7d6beea0de.jpg,"
Costco,"Organic Mediterranean Salad, 12 oz, 2-count",$11.18 ,,,2 x 12 oz,[],Many in stock,"https://www.instacart.com/image-server/197x197/filters:fill(FFF,true):format(jpg)/d2lnr5mha7bycj.cloudfront.net/product-image/file/large_a68fb41f-dbe2-4683-b941-854d84820373.jpg,"
Costco,"Organic Haks Heirloom Carrots, 31 oz",$14.92 ,,,31 oz,[],Many in stock,"https://www.instacart.com/image-server/197x197/filters:fill(FFF,true):format(jpg)/d2lnr5mha7bycj.cloudfront.net/product-image/file/large_0b7a7052-c2cd-4c34-b754-e2df68805251.jpg,"
Costco,"Kirkland Signature Organic Spinach & Cheese Ravioli, 22 oz, 2 ct",$14.92 ,,,2 x 22 oz,[],Many in stock,"https://www.instacart.com/image-server/197x197/filters:fill(FFF,true):format(jpg)/d2lnr5mha7bycj.cloudfront.net/product-image/file/large_a67d90ee-ae58-44b1-8298-169c9cc8ebd9.jpg,"
Costco,"Rana Vegetable Primavera Lasagna, 40 oz",$16.38 ,,,40 oz,[],Many in stock,"https://www.instacart.com/image-server/197x197/filters:fill(FFF,true):format(jpg)/d2lnr5mha7bycj.cloudfront.net/product-image/file/large_3fe07ac3-44a1-4fc1-8217-a9441ba51328.jpg,"
Costco,Kirkland Signature Southwest Wrap with Rotisserie Chicken,$21.32 ,/pkg (est.),$8.70 / lb,About 2.45 lb / package,[],,"https://www.instacart.com/image-server/197x197/filters:fill(FFF,true):format(jpg)/d2lnr5mha7bycj.cloudfront.net/product-image/file/large_51321755-9027-441d-bfcd-9b4aa696674c.jpg,"
Costco,Reser's Buffalo-Style Macaroni & Cheese,$12.40 ,,,24 g,[],Many in stock,"https://www.instacart.com/image-server/197x197/filters:fill(FFF,true):format(jpg)/d2lnr5mha7bycj.cloudfront.net/product-image/file/large_0f295afa-abda-4bac-8b1d-bdc747c81f5a.jpg,"
Costco,"Kirkland Signature Organic Grade AA Eggs, 24 ct",$9.32 ,,,24 ct,"['Cage-Free', 'Organic']",Many in stock,"https://www.instacart.com/image-server/197x197/filters:fill(FFF,true):format(jpg)/d2lnr5mha7bycj.cloudfront.net/product-image/file/large_5903bd16-76c5-4cc7-a330-4a25667ca8e1.jpg,"
Costco,"Kirkland Signature Large Eggs, USDA Grade AA, 5 Dozen",$12.43 ,,,5 doz,[],,"https://www.instacart.com/image-server/197x197/filters:fill(FFF,true):format(jpg)/d2lnr5mha7bycj.cloudfront.net/product-image/file/large_7234ed83-a4bb-45fb-b7cc-9c6db261b5f3.jpg,"
Costco,"Kirkland Signature Liquid Egg Whites, Cage Free, 16 oz, 6 ct",$12.43 ,,,6 x 16 oz,[],Many in stock,"https://www.instacart.com/image-server/197x197/filters:fill(FFF,true):format(jpg)/d2lnr5mha7bycj.cloudfront.net/product-image/file/large_80daec99-7e33-42c1-9643-aa51cac7486a.jpg,"
Costco,"Cottonelle Fresh Care Flushable Wipes, 560 Wipes",$19.66 ,,,10 ct,[],,"https://www.instacart.com/image-server/197x197/filters:fill(FFF,true):format(jpg)/d2lnr5mha7bycj.cloudfront.net/product-image/file/large_4b7ff092-dc7b-42cd-83de-9edacc0845ba.jpg,"
Costco,"Just Bare Lightly Breaded Chicken Breast fillet, 48 oz",$19.27 ,,,48 oz,[],,"https://www.instacart.com/image-server/197x197/filters:fill(FFF,true):format(jpg)/d2lnr5mha7bycj.cloudfront.net/product-image/file/large_ef64d95d-8914-46d8-bc15-07dd1ed2db1d.jpg,"
Costco,Kirkland Signature A2 Protein Organic Whole Milk 3 x 1/2 gal,$17.03 ,,,3 x 0.5 gal,['Organic'],Many in stock,"https://www.instacart.com/image-server/197x197/filters:fill(FFF,true):format(jpg)/d2lnr5mha7bycj.cloudfront.net/product-image/file/large_1aa91825-6198-48e0-80ac-000a7114ae3b.jpg,"
Costco,"Kirkland Signature Applewood Bacon Breakfast Sandwich, 8 ct",$19.89 ,,,8 ct,[],Many in stock,"https://www.instacart.com/image-server/197x197/filters:fill(FFF,true):format(jpg)/d2lnr5mha7bycj.cloudfront.net/product-image/file/large_3afc557c-1151-469f-bc2d-9d0c55d37073.jpg,"
Costco,"Premium Floral Bouquet, Assorted Colors",$21.14 ,,,1 each,[],Many in stock,"https://www.instacart.com/image-server/197x197/filters:fill(FFF,true):format(jpg)/d2lnr5mha7bycj.cloudfront.net/product-image/file/large_43d66884-1e62-49dc-8dbd-e528e61db1c8.jpg,"
Costco,Kirkland Signature Salmon Milano with Basil Pesto Butter,$36.54 ,each (est.),$17.40 / lb,About 2.1 lb each,[],,"https://www.instacart.com/image-server/197x197/filters:fill(FFF,true):format(jpg)/d2lnr5mha7bycj.cloudfront.net/product-image/file/large_a3e0678b-d841-4b2f-99cf-f5be9da88858.jpeg,"
Costco,"Starbucks Sous Vide Egg Bites, Bacon and Gruyere, 21 oz",$18.40 ,,,21 oz,[],Many in stock,"https://www.instacart.com/image-server/197x197/filters:fill(FFF,true):format(jpg)/d2lnr5mha7bycj.cloudfront.net/product-image/file/large_6b988944-6b32-4696-abea-316dc7dd1970.jpg,"
Costco,"Kirkland Signature Absorbent Pads, 23""x30"", 100 ct",$21.76 ,,,100 ct,[],Many in stock,"https://www.instacart.com/image-server/197x197/filters:fill(FFF,true):format(jpg)/d2lnr5mha7bycj.cloudfront.net/product-image/file/large_4f494a18-874d-4884-bfac-2a80316ae423.jpeg,"
Costco,"Deer Park 100% Natural Spring Water, 40 x 16.9 fl oz",$8.07 ,,,40 x 16.9 fl oz,[],,"https://www.instacart.com/image-server/197x197/filters:fill(FFF,true):format(jpg)/d2lnr5mha7bycj.cloudfront.net/product-image/file/large_7eb02268-2026-4288-8127-610552c5b8bf.jpg,"
Costco,"Sabatasso's Gluten-Free Four-Cheese Pizza, 3-pack",$21.01 ,,,52.5 oz,['Gluten-Free'],Many in stock,"https://www.instacart.com/image-server/197x197/filters:fill(FFF,true):format(jpg)/d2lnr5mha7bycj.cloudfront.net/product-image/file/large_0b9b9251-db0a-4296-a4db-379c8df69c26.jpg,"
Costco,"Kirkland Signature Prosecco DOCG, Italy, 750 ml",$10.09 ,,,750 ml,['Light-Bodied'],Many in stock,"https://www.instacart.com/image-server/197x197/filters:fill(FFF,true):format(jpg)/d2lnr5mha7bycj.cloudfront.net/product-image/file/large_23bf55ae-b498-49fd-937b-1a35a6c35521.jpeg,"
Costco,"Kirkland Signature Cold Brew Coffee, Colombian, 11 fl oz, 12 ct",$19.89 ,,,12 x 11 fl oz,[],Many in stock,"https://www.instacart.com/image-server/197x197/filters:fill(FFF,true):format(jpg)/d2lnr5mha7bycj.cloudfront.net/product-image/file/large_0bbf819d-b54b-43ba-9ff7-383c0e152688.jpeg,"
Costco,"Orgain Plant Protein Shake Chocolate, 18 x 11 fl oz",$36.06 ,,,18 x 11 fl oz,[],Many in stock,"https://www.instacart.com/image-server/197x197/filters:fill(FFF,true):format(jpg)/d2lnr5mha7bycj.cloudfront.net/product-image/file/large_3843c6b1-56fa-4d06-9f8f-3381bdbc336d.jpg,"
Costco,"Kirkland Signature Hard Seltzer, 24 x 12 fl oz",$32.49 ,,,24 x 12 oz,['Gluten-Free'],Many in stock,"https://www.instacart.com/image-server/197x197/filters:fill(FFF,true):format(jpg)/d2lnr5mha7bycj.cloudfront.net/product-image/file/large_c91bd7c5-84c6-459f-91f0-dd98d667100e.jpg,"
Costco,Siete Tortillas Almond Flour,$14.79 ,,,20 ct,['Gluten-Free'],Many in stock,"https://www.instacart.com/image-server/197x197/filters:fill(FFF,true):format(jpg)/d2lnr5mha7bycj.cloudfront.net/product-image/file/large_2850dde3-ce3b-455c-8c6d-76f684e8b963.jpg,"
Costco,"Kirkland Signature Diapers, Size 6, 132 ct",$55.97 ,,,132 ct,['Size 6'],Many in stock,"https://www.instacart.com/image-server/197x197/filters:fill(FFF,true):format(jpg)/d2lnr5mha7bycj.cloudfront.net/product-image/file/large_760be256-6bd6-4add-8d10-d4d15e70f423.jpg,"
Costco,"Arm & Hammer Plus OxiClean Max Liquid Laundry Detergent, Fresh Scent, 200 fl oz",$18.52 ,,,200 fl oz,[],Many in stock,"https://www.instacart.com/image-server/197x197/filters:fill(FFF,true):format(jpg)/d2lnr5mha7bycj.cloudfront.net/product-image/file/large_3e55c7de-4817-44be-895c-d2e58e27a0ff.jpg,"
Costco,"Premier Protein Shake, 30g Protein, Chocolate, 11 fl oz, 18 ct",$36.09 ,,,18 x 11 fl oz,[],,"https://www.instacart.com/image-server/197x197/filters:fill(FFF,true):format(jpg)/d2lnr5mha7bycj.cloudfront.net/product-image/file/large_4f7f7e26-e405-4496-b6b4-7abdc566f5d3.jpg,"
Costco,"Kirkland Signature Nature's Domain Salmon & Sweet Potato Dog Food, 35 lbs",$48.50 ,,,35 lb,[],Many in stock,"https://www.instacart.com/image-server/197x197/filters:fill(FFF,true):format(jpg)/d2lnr5mha7bycj.cloudfront.net/product-image/file/large_1053500b-af6f-4791-a54d-8423c69ba7b3.jpg,"
Costco,"Kirkland Signature Nitrile Exam Gloves, Medium, 2 x 200 ct",$23.62 ,,,2 ct,[],Many in stock,"https://www.instacart.com/image-server/197x197/filters:fill(FFF,true):format(jpg)/d2lnr5mha7bycj.cloudfront.net/product-image/file/large_244b3599-7970-4117-adc3-61c1ddac1bb6.jpg,"
Costco,"Chinet Dinner Plates, 10 3/8 "", 165 ct",$25.76 ,,,165 ct,[],,"https://www.instacart.com/image-server/197x197/filters:fill(FFF,true):format(jpg)/d2lnr5mha7bycj.cloudfront.net/product-image/file/large_3a7a2666-540c-47da-be8c-c861dac6890f.jpeg,"
Costco,"Chinet All Occasion 8-3/4"" Paper Plate, White, 225 ct",$23.50 ,,,225 ct,[],,"https://www.instacart.com/image-server/197x197/filters:fill(FFF,true):format(jpg)/d2lnr5mha7bycj.cloudfront.net/product-image/file/large_7807cdea-1ac4-41be-a2c8-ccd0b87e85c8.jpeg,"
Costco,"Kirkland Signature Alkaline Water, 1 Liter, 18 ct",$12.30 ,,,18 x 33.8 fl oz,[],Many in stock,"https://www.instacart.com/image-server/197x197/filters:fill(FFF,true):format(jpg)/d2lnr5mha7bycj.cloudfront.net/product-image/file/large_de2603a3-ee59-4066-a34a-871fcc366808.jpg,"
Costco,"Pepsi, 12 fl oz, 36 ct",$18.65 ,,,"36 pack, 12 oz",[],,"https://www.instacart.com/image-server/197x197/filters:fill(FFF,true):format(jpg)/d2lnr5mha7bycj.cloudfront.net/product-image/file/large_1da13d3d-e7e3-4ba6-855b-218847e1aee4.jpg,"
Costco,"Kirkland Signature 2% Lowfat Milk, 1 Gal",$3.55 ,,,1 gal,['Cow Milk'],Many in stock,"https://www.instacart.com/image-server/197x197/filters:fill(FFF,true):format(jpg)/d2lnr5mha7bycj.cloudfront.net/product-image/file/large_6d88157b-2c10-4af6-9fd9-7f9b87cccab4.jpg,"
Costco,"Kirkland Signature Organic Whole Milk, 3 X 64 oz",$14.67 ,,,3 x 64 fl oz,['Organic'],Many in stock,"https://www.instacart.com/image-server/197x197/filters:fill(FFF,true):format(jpg)/d2lnr5mha7bycj.cloudfront.net/product-image/file/large_6361bbec-1639-4c03-a6c0-e745f2e218ad.jpeg,"
Costco,"Kirkland Signature Organic Non-Dairy Beverage, 6 X 32 oz",$12.18 ,,,6 x 32 fl oz,['Organic'],Many in stock,"https://www.instacart.com/image-server/197x197/filters:fill(FFF,true):format(jpg)/d2lnr5mha7bycj.cloudfront.net/product-image/file/large_763dffe0-6189-47ae-84ff-3f11c28ccc47.jpg,"
Costco,"Horizon Organic Whole Milk, 8 oz, 18 count",$23.62 ,,,18 x 8 fl oz,['Organic'],Many in stock,"https://www.instacart.com/image-server/197x197/filters:fill(FFF,true):format(jpg)/d2lnr5mha7bycj.cloudfront.net/product-image/file/large_46ce215f-2d41-4e8f-b069-e7deb44b6bea.jpeg,"
Costco,"Kirkland Signature Whole Milk, 1 Gallon",$3.97 ,,,1 gal,[],Many in stock,"https://www.instacart.com/image-server/197x197/filters:fill(FFF,true):format(jpg)/d2lnr5mha7bycj.cloudfront.net/product-image/file/large_5dacec76-f9c4-41e3-9284-ea84859b4d92.jpg,"
Costco,"Kirkland Signature Organic 1% Low Fat Milk, 3 x 64 oz",$13.67 ,,,192 fl oz,['Organic'],Many in stock,"https://www.instacart.com/image-server/197x197/filters:fill(FFF,true):format(jpg)/d2lnr5mha7bycj.cloudfront.net/product-image/file/large_a4db5528-0bd6-4e15-b154-cbf146805c24.jpg,"
Costco,"Kirkland Signature 1% Lowfat Milk, 1 gal",$3.30 ,,,1 gal,[],Many in stock,"https://www.instacart.com/image-server/197x197/filters:fill(FFF,true):format(jpg)/d2lnr5mha7bycj.cloudfront.net/product-image/file/large_77e7c10a-c23a-4502-a703-c7c1a59298bc.jpg,"
Costco,"Kirkland Signature Fat Free Milk, 3.78 L",$2.97 ,,,1 gal,[],Many in stock,"https://www.instacart.com/image-server/197x197/filters:fill(FFF,true):format(jpg)/d2lnr5mha7bycj.cloudfront.net/product-image/file/large_3c0f3b49-97da-441b-ae10-98bbd12273de.jpg,"
Costco,"Kirkland Signature Organic Vanilla Almond Beverage, 32 fl oz, 6 ct",$8.70 ,,,6 x 946 ml,['Organic'],Many in stock,"https://www.instacart.com/image-server/197x197/filters:fill(FFF,true):format(jpg)/d2lnr5mha7bycj.cloudfront.net/product-image/file/large_83b6ece1-5b34-461c-af13-bfa5ba5165e1.jpeg,"
Costco,"Kirkland Signature Organic 2% Reduced Fat Milk, Chocolate, 8.25 fl oz, 24 ct",$22.26 ,,,24 x 8.25 oz,['Organic'],Many in stock,"https://www.instacart.com/image-server/197x197/filters:fill(FFF,true):format(jpg)/d2lnr5mha7bycj.cloudfront.net/product-image/file/large_b42f52a9-d0a3-493c-b80c-38ae614dd278.jpeg,"
Costco,"Kirkland Signature Organic Lactose Free Milk, 64 fl oz, 3 count",$14.92 ,,,3 x 64 oz,['Organic'],Many in stock,"https://www.instacart.com/image-server/197x197/filters:fill(FFF,true):format(jpg)/d2lnr5mha7bycj.cloudfront.net/product-image/file/large_a44a693b-f286-4368-9980-b2390009931f.jpg,"
Costco,"Kirkland Signature Organic Lowfat Milk with No Dha, 3 x 64 fl oz",$15.91 ,,,3 x 64 fl oz,['Organic'],Many in stock,"https://www.instacart.com/image-server/197x197/filters:fill(FFF,true):format(jpg)/d2lnr5mha7bycj.cloudfront.net/product-image/file/large_bf402875-0c12-4787-b90e-4430834fbf8d.jpeg,"
Costco,"Kirkland Signature Almond Milk, 1 qt, 12 count",$13.67 ,,,12 x 32 oz,['Vegan'],Many in stock,"https://www.instacart.com/image-server/197x197/filters:fill(FFF,true):format(jpg)/d2lnr5mha7bycj.cloudfront.net/product-image/file/large_e4ec71a6-f5a8-4e56-b890-e7b49a029ed4.jpeg,"
Costco,"KS Organic Whole Milk, 18 x 8 fl oz",$16.16 ,,,18 x 8 fl oz,['Organic'],,"https://www.instacart.com/image-server/197x197/filters:fill(FFF,true):format(jpg)/d2lnr5mha7bycj.cloudfront.net/product-image/file/large_7d9f5380-4111-467a-a45d-d79f2dbd4fb5.jpg,"
Costco,Silk Original Organic Almond Milk,$13.67 ,,,3 x 64 fl oz,['Organic'],,"https://www.instacart.com/image-server/197x197/filters:fill(FFF,true):format(jpg)/d2lnr5mha7bycj.cloudfront.net/product-image/file/large_53aa9f92-c630-429b-b5c7-dc45ee586cee.jpg,"
Costco,"Kirkland Signature Organic Chocolate Banana Beverage, 11 oz, 18 count",$26.73 ,,,18 x 11 fl oz,['Organic'],Many in stock,"https://www.instacart.com/image-server/197x197/filters:fill(FFF,true):format(jpg)/d2lnr5mha7bycj.cloudfront.net/product-image/file/large_4de7f09e-3077-4950-972c-78f9eb683a75.jpg,"
Costco,"Kirkland Signature Organic Soy Non-Dairy Beverage, Vanilla, 32 fl oz, 12-count",$18.03 ,,,12 x 32 oz,['Organic'],Many in stock,"https://www.instacart.com/image-server/197x197/filters:fill(FFF,true):format(jpg)/d2lnr5mha7bycj.cloudfront.net/product-image/file/large_2f665e05-8fa9-4652-a639-9b2eaff032da.jpeg,"
Costco,"Kirkland Signature Shredded Mexican Style Blend Cheese, 2 x 2.5 lbs",$16.78 ,,,2 x 2.5 lb,['Keto'],Many in stock,"https://www.instacart.com/image-server/197x197/filters:fill(FFF,true):format(jpg)/d2lnr5mha7bycj.cloudfront.net/product-image/file/large_55c2be1f-981c-4bc1-b017-6e5e01cac220.jpg,"
Costco,"Frigo Cheese Heads String Cheese Sticks, Original, 1 oz, 60 ct",$13.55 ,,,60 x 1 oz,['Keto'],Many in stock,"https://www.instacart.com/image-server/197x197/filters:fill(FFF,true):format(jpg)/d2lnr5mha7bycj.cloudfront.net/product-image/file/large_e874fddc-0924-4e90-818e-fa69f103472a.jpeg,"
Costco,"Kirkland Signature Shredded Cheddar Jack Cheeses, 2 x 2.5 lbs",$16.16 ,,,2 x 2.5 lb,[],Many in stock,"https://www.instacart.com/image-server/197x197/filters:fill(FFF,true):format(jpg)/d2lnr5mha7bycj.cloudfront.net/product-image/file/large_fb4792ff-10c2-45e0-821f-ce7680c95cdb.jpg,"
Costco,"Cabot Seriously Sharp Cheddar Cheese, 2 lbs",$11.18 ,,,2 lb,[],Many in stock,"https://www.instacart.com/image-server/197x197/filters:fill(FFF,true):format(jpg)/d2lnr5mha7bycj.cloudfront.net/product-image/file/large_f2008308-bc80-4eea-a770-659fba271915.jpg,"
Costco,"Babybel Mini Snack Cheese, Original, 0.71 oz, 36 ct",$17.15 ,,,36 x 0.75 oz,['Cow Milk'],Many in stock,"https://www.instacart.com/image-server/197x197/filters:fill(FFF,true):format(jpg)/d2lnr5mha7bycj.cloudfront.net/product-image/file/large_f6a13a92-e38d-4a38-817e-1ac28ef99738.jpg,"
Costco,"Kirkland Signature Shredded Parmigiano Reggiano, 16 oz",$17.15 ,,,16 oz,[],Many in stock,"https://www.instacart.com/image-server/197x197/filters:fill(FFF,true):format(jpg)/d2lnr5mha7bycj.cloudfront.net/product-image/file/large_68f58ef0-6d59-4fcf-aebd-ccd91f6165ad.jpg,"
Costco,"Cello Cheese Cracker Cut Tray, 2 lbs",$16.16 ,,,2 lb,[],Many in stock,"https://www.instacart.com/image-server/197x197/filters:fill(FFF,true):format(jpg)/d2lnr5mha7bycj.cloudfront.net/product-image/file/large_81d0b4c6-8887-414e-934e-9ab2b678813a.jpg,"
Costco,"Queso Mama White Queso With Green Chiles, 32 oz",$11.18 ,,,32 oz,[],Many in stock,"https://www.instacart.com/image-server/197x197/filters:fill(FFF,true):format(jpg)/d2lnr5mha7bycj.cloudfront.net/product-image/file/large_5f267e53-d2d6-46a5-8cbd-dae298aa63ce.jpg,"
Costco,"Kirkland Signature Shredded Mozzarella, 2 X 2.5 lbs",$14.92 ,,,2 x 2.5 lb,['Keto'],Many in stock,"https://www.instacart.com/image-server/197x197/filters:fill(FFF,true):format(jpg)/d2lnr5mha7bycj.cloudfront.net/product-image/file/large_37246f74-cf91-44e0-a1fd-7329a1d18fc2.jpg,"
Costco,"Organic Valley Stringles String Cheese, 24 oz",$11.81 ,,,24 oz,"['Organic', 'Non-GMO']",Many in stock,"https://www.instacart.com/image-server/197x197/filters:fill(FFF,true):format(jpg)/d2lnr5mha7bycj.cloudfront.net/product-image/file/large_871d7c75-b7fa-4e9c-8c92-6a188d18981e.jpg,"
Costco,"BelGioioso Fresh Mozzarella Snacking Cheese, 1 oz, 24 ct",$12.30 ,,,24 x 1 oz,[],Many in stock,"https://www.instacart.com/image-server/197x197/filters:fill(FFF,true):format(jpg)/d2lnr5mha7bycj.cloudfront.net/product-image/file/large_ac9596c3-2ba3-44fd-9f9b-e47061e32c97.jpeg,"
Costco,"Tillamook Medium Cheddar Cheese, 2.5 lbs",$11.18 ,,,2.5 lb,"['Cow Milk', 'Keto']",Many in stock,"https://www.instacart.com/image-server/197x197/filters:fill(FFF,true):format(jpg)/d2lnr5mha7bycj.cloudfront.net/product-image/file/large_007f9932-3a4f-4502-a313-f5ae4c59c52c.jpg,"
Costco,"Kraft Singles American Cheese, 96 Slices, 4 lbs",$15.54 ,,,4 lb,[],,"https://www.instacart.com/image-server/197x197/filters:fill(FFF,true):format(jpg)/d2lnr5mha7bycj.cloudfront.net/product-image/file/large_700660be-f44a-47e5-8dcc-6d0c08a47ef5.jpg,"
Costco,"Kraft Grated Parmesan Cheese, 24 oz",$9.82 ,,,24 oz,['Keto'],,"https://www.instacart.com/image-server/197x197/filters:fill(FFF,true):format(jpg)/d2lnr5mha7bycj.cloudfront.net/product-image/file/large_d3aab99c-cdef-4e38-892f-402f498db121.jpg,"
Costco,"Kirkland Signature Fresh Sliced Mozzarella, 2 x 18 oz",$9.57 ,,,2 x 18 oz,[],Many in stock,"https://www.instacart.com/image-server/197x197/filters:fill(FFF,true):format(jpg)/d2lnr5mha7bycj.cloudfront.net/product-image/file/large_77d0a733-5bb5-4290-bdbe-6470ddaabc34.jpg,"
Costco,"Boursin Gournay Cheese Variety Pack, 3 x 5.2 oz",$11.70 ,,,3 x 5.2 oz,[],Many in stock,"https://www.instacart.com/image-server/197x197/filters:fill(FFF,true):format(jpg)/d2lnr5mha7bycj.cloudfront.net/product-image/file/large_87eedb1c-cb46-4ab9-9385-2c1fbf57440b.jpg,"
Costco,"Arla Sliced Havarti Cheese, 2 lbs",$10.56 ,,,2 lb,[],Many in stock,"https://www.instacart.com/image-server/197x197/filters:fill(FFF,true):format(jpg)/d2lnr5mha7bycj.cloudfront.net/product-image/file/large_2d31e6e6-6962-411d-bf04-19fd6a99e14f.jpg,"
Costco,"Roth 4 Variety Pack Cheese Slices, 2 lb Package",$11.93 ,,,2 lb,['Cow Milk'],Many in stock,"https://www.instacart.com/image-server/197x197/filters:fill(FFF,true):format(jpg)/d2lnr5mha7bycj.cloudfront.net/product-image/file/large_f9822193-3107-4785-a34b-800245d96fef.jpeg,"
Costco,"Kirkland Signature Organic Greek Feta, 28.2 oz",$16.16 ,,,28.2 oz,"['Organic', 'Non-GMO']",Many in stock,"https://www.instacart.com/image-server/197x197/filters:fill(FFF,true):format(jpg)/d2lnr5mha7bycj.cloudfront.net/product-image/file/large_0d710e10-a9e7-4116-a9b4-6e6159720d04.jpg,"
Costco,Kirkland Signature Coastal Cheddar,$16.37 ,/pkg (est.),$8.57 / lb,About 1.91 lb / package,[],,"https://www.instacart.com/image-server/197x197/filters:fill(FFF,true):format(jpg)/d2lnr5mha7bycj.cloudfront.net/product-image/file/large_fb3f79f2-f591-4826-b796-fc75e54d7e48.jpg,"
Costco,"Kirkland Signature Fresh Goat Cheese, 10.5 oz, 2 ct",$9.57 ,,,2 x 10.5 oz,['Goat Milk'],Many in stock,"https://www.instacart.com/image-server/197x197/filters:fill(FFF,true):format(jpg)/d2lnr5mha7bycj.cloudfront.net/product-image/file/large_18ddef5a-47f9-441f-bb81-0c45cba7d879.jpeg,"
Costco,Kirkland Signature Italian Parmesan Parmigiano Reggiano,$20.26 ,/pkg (est.),$13.42 / lb,About 1.51 lb / package,[],,"https://www.instacart.com/image-server/197x197/filters:fill(FFF,true):format(jpg)/d2lnr5mha7bycj.cloudfront.net/product-image/file/large_1712bd53-e634-4900-b1be-ac8b8982a4c1.jpg,"
Costco,Tnuva Feta Sheep's Milk Cheese,$19.58 ,/pkg (est.),$9.94 / lb,About 1.97 lb / package,[],,"https://www.instacart.com/image-server/197x197/filters:fill(FFF,true):format(jpg)/d2lnr5mha7bycj.cloudfront.net/product-image/file/large_5d664617-7b94-426b-abea-75eb206129d1.jpg,"
Costco,Dutch Tradition Gouda Cheese Wedge,$17.45 ,/pkg (est.),$8.45 / lb,About 2.07 lb / package,[],,"https://www.instacart.com/image-server/197x197/filters:fill(FFF,true):format(jpg)/d2lnr5mha7bycj.cloudfront.net/product-image/file/large_bb3010cb-8dcf-4035-b0f7-77f21bc325fb.jpg,"
Costco,"Belgioioso Burrata, 16 oz",$9.32 ,,,16 oz,['Keto'],Many in stock,"https://www.instacart.com/image-server/197x197/filters:fill(FFF,true):format(jpg)/d2lnr5mha7bycj.cloudfront.net/product-image/file/large_0ab23f4f-4e7f-4586-88e3-2d8471b4fcc6.jpg,"
Costco,"Tillamook Extra Sharp White Cheddar Cheese, 2 lbs",$14.79 ,,,32 oz,"['Cow Milk', 'Keto']",,"https://www.instacart.com/image-server/197x197/filters:fill(FFF,true):format(jpg)/d2lnr5mha7bycj.cloudfront.net/product-image/file/large_119ddc3c-c241-4a6b-9eea-89190a98c411.jpg,"
Costco,Beemster Gouda Aged 20 Month,$12.18 ,/pkg (est.),$12.43 / lb,About 0.98 lb / package,[],,"https://www.instacart.com/image-server/197x197/filters:fill(FFF,true):format(jpg)/d2lnr5mha7bycj.cloudfront.net/product-image/file/large_bff3211f-c0da-4585-842e-3328f583313d.jpeg,"
Costco,"Kerrygold Dubliner Cheese, 100% Natural",$16.10 ,/pkg (est.),$8.70 / lb,About 1.85 lb / package,[],,"https://www.instacart.com/image-server/197x197/filters:fill(FFF,true):format(jpg)/d2lnr5mha7bycj.cloudfront.net/product-image/file/large_32b0f086-3808-47fb-b708-cf79feac987a.jpg,"
Costco,"BelGioioso Shredded Parmesan Romano, 2 lb",$14.67 ,,,2 lb,['Cow Milk'],Many in stock,"https://www.instacart.com/image-server/197x197/filters:fill(FFF,true):format(jpg)/d2lnr5mha7bycj.cloudfront.net/product-image/file/large_8377f706-c954-43cc-b70e-480f2fb446e6.jpg,"
Costco,"Dodoni Greek Feta, 28 Oz",$17.40 ,,,28 oz,[],Many in stock,"https://www.instacart.com/image-server/197x197/filters:fill(FFF,true):format(jpg)/d2lnr5mha7bycj.cloudfront.net/product-image/file/large_aed13056-728e-4073-8062-85cb2a0fef88.jpg,"
Costco,"Natural & Kosher Sliced Muenster Cheese, 32 oz",$13.67 ,,,32 oz,['Keto'],Many in stock,"https://www.instacart.com/image-server/197x197/filters:fill(FFF,true):format(jpg)/d2lnr5mha7bycj.cloudfront.net/product-image/file/large_582171fe-799e-4970-87f5-29a55026b46e.jpg,"
Costco,"Cello Feta Cheese, Crumbles, 24 oz",$8.70 ,,,24 oz,[],Many in stock,"https://www.instacart.com/image-server/197x197/filters:fill(FFF,true):format(jpg)/d2lnr5mha7bycj.cloudfront.net/product-image/file/large_1a7bd15f-fa9a-48a4-940d-dc4916120fd3.jpg,"
Costco,"Adams Reserve Extra Sharp Cheddar Cheese Slices, 32 oz",$9.94 ,,,6/32 oz,[],Many in stock,"https://www.instacart.com/image-server/197x197/filters:fill(FFF,true):format(jpg)/d2lnr5mha7bycj.cloudfront.net/product-image/file/large_2988cc25-e36b-4812-8888-0c895a50e5ed.jpg,"
Costco,"Kirkland Signature Spanish Manchego, Aged 6 Months",$27.45 ,/pkg (est.),$14.92 / lb,About 1.84 lb / package,[],,"https://www.instacart.com/image-server/197x197/filters:fill(FFF,true):format(jpg)/d2lnr5mha7bycj.cloudfront.net/product-image/file/large_47afd110-71da-420e-bee6-d2b2852de710.jpg,"
Costco,"Cabot Habanero Cheddar Cheese, 32 oz",$12.43 ,,,32 oz,[],Many in stock,"https://www.instacart.com/image-server/197x197/filters:fill(FFF,true):format(jpg)/d2lnr5mha7bycj.cloudfront.net/product-image/file/large_6257d4d6-8ba2-4b91-9be1-24bc3118f24e.jpg,"
Costco,"Natural & Kosher Shred Mexican Blend, 32 oz",$11.81 ,,,32 oz,[],Many in stock,"https://www.instacart.com/image-server/197x197/filters:fill(FFF,true):format(jpg)/d2lnr5mha7bycj.cloudfront.net/product-image/file/large_a7abc513-4efe-4a60-92c4-8a52d3191b42.jpg,"
Costco,"Farm Rich Breaded Cheddar Cheese Curds, 2.5 lbs",$13.67 ,,,2.5 lb,[],Many in stock,"https://www.instacart.com/image-server/197x197/filters:fill(FFF,true):format(jpg)/d2lnr5mha7bycj.cloudfront.net/product-image/file/large_55765bb6-ee40-41cc-b54d-4202e74ac56f.jpg,"
Costco,"Snowdonia Cheese Company Truffle Trove, 7 oz",$9.69 ,,,7 oz,[],Many in stock,"https://www.instacart.com/image-server/197x197/filters:fill(FFF,true):format(jpg)/d2lnr5mha7bycj.cloudfront.net/product-image/file/large_29b748e9-4776-4bc1-8683-1b2dcf47fde0.jpg,"
Costco,"Kirkland Signature French Brie, 1.32 lbs",$12.43 ,,,1.32 lb,[],Many in stock,"https://www.instacart.com/image-server/197x197/filters:fill(FFF,true):format(jpg)/d2lnr5mha7bycj.cloudfront.net/product-image/file/large_89217916-22ae-4b13-a87c-8cac8a81572d.jpg,"
Costco,Meridith Feta Cheese Marinated Garlic Oil 19.4 oz,$18.65 ,,,19.4 oz,[],Many in stock,"https://www.instacart.com/image-server/197x197/filters:fill(FFF,true):format(jpg)/d2lnr5mha7bycj.cloudfront.net/product-image/file/large_f6ed3a34-f0ae-4d97-99e3-0220d7e759f2.jpeg,"
Costco,"Crazy Cuizine Mandarin Orange Chicken, 66 oz",$20.51 ,,,66 oz,[],Many in stock,"https://www.instacart.com/image-server/197x197/filters:fill(FFF,true):format(jpg)/d2lnr5mha7bycj.cloudfront.net/product-image/file/large_099cf87a-4a8b-4c76-9040-5251f60a1e4f.jpg,"
Costco,"Marie Callender's NAE Chicken Pot Pies, 10 oz, 8 ct",$17.28 ,,,8 x 10 oz,[],Many in stock,"https://www.instacart.com/image-server/197x197/filters:fill(FFF,true):format(jpg)/d2lnr5mha7bycj.cloudfront.net/product-image/file/large_060c89e2-ac39-4eb1-895a-12b154bee62e.jpeg,"
Costco,"Ajinomoto Yakitori Chicken Fried Rice, 54 oz",$18.65 ,,,54 oz,[],Many in stock,"https://www.instacart.com/image-server/197x197/filters:fill(FFF,true):format(jpg)/d2lnr5mha7bycj.cloudfront.net/product-image/file/large_9a8957da-460d-4cba-abe7-d1609648f2bf.jpeg,"
Costco,"Kirkland Signature Pepperoni Pizza, Thin Crust, 4 ct",$17.15 ,,,4 x 19.05 oz,[],Many in stock,"https://www.instacart.com/image-server/197x197/filters:fill(FFF,true):format(jpg)/d2lnr5mha7bycj.cloudfront.net/product-image/file/large_a88d2e5d-421f-477d-9592-5f68c192a06f.jpeg,"
Costco,"Kirkland Signature Cauliflower Crust Pizza, Supreme, 2 ct",$14.92 ,,,2 ct,['Gluten-Free'],Many in stock,"https://www.instacart.com/image-server/197x197/filters:fill(FFF,true):format(jpg)/d2lnr5mha7bycj.cloudfront.net/product-image/file/large_90920367-ccaa-4eb5-9e45-ba7e3dceeff7.jpg,"
Costco,"Kirkland Signature Italian Sausage and Beef Lasagna, 3 lbs, 2 ct",$20.76 ,,,2 x 48 oz,[],Many in stock,"https://www.instacart.com/image-server/197x197/filters:fill(FFF,true):format(jpg)/d2lnr5mha7bycj.cloudfront.net/product-image/file/large_70b6c5e1-b565-4baa-9d88-4ec4ab06f40d.jpeg,"
Costco,"Ajinomoto Yakisoba with Vegetables, All Natural, 9 oz, 6 ct",$18.03 ,,,6 x 9 oz,[],Many in stock,"https://www.instacart.com/image-server/197x197/filters:fill(FFF,true):format(jpg)/d2lnr5mha7bycj.cloudfront.net/product-image/file/large_ebdb5027-8ab3-46c6-a809-460edb34d5e6.jpg,"
Costco,"Ajinomoto Shoyu Ramen Bowls with Chicken, 6 ct",$22.38 ,,,56.7 oz,[],Many in stock,"https://www.instacart.com/image-server/197x197/filters:fill(FFF,true):format(jpg)/d2lnr5mha7bycj.cloudfront.net/product-image/file/large_2e0edd50-9173-45bd-9ba3-123f3d232d1b.jpg,"
Costco,"Motor City Pizza Co. Double Pepperoni Pizza, 2 ct",$15.79 ,,,2 x 57.05 oz,[],Many in stock,"https://www.instacart.com/image-server/197x197/filters:fill(FFF,true):format(jpg)/d2lnr5mha7bycj.cloudfront.net/product-image/file/large_2bf316ef-c2f8-40af-9a9b-e0ba27ecbe61.jpeg,"
Costco,"Birds Eye Garlic Chicken, 63 oz",$13.30 ,,,63 oz,[],Many in stock,"https://www.instacart.com/image-server/197x197/filters:fill(FFF,true):format(jpg)/d2lnr5mha7bycj.cloudfront.net/product-image/file/large_bbd66aed-2a13-411e-9226-0c011cf59ca8.jpg,"
Costco,"The Falafel Co Beef Kebabs, 24 oz",$14.92 ,,,24 oz,[],Many in stock,"https://www.instacart.com/image-server/197x197/filters:fill(FFF,true):format(jpg)/d2lnr5mha7bycj.cloudfront.net/product-image/file/large_dcf8f90f-5372-464b-95d2-465a8840a061.jpg,"
Costco,"Milton's Cauliflower Crust Pizza Roasted Vegetable, 2 ct",$16.45 ,,,35.6 oz,['Gluten-Free'],Many in stock,"https://www.instacart.com/image-server/197x197/filters:fill(FFF,true):format(jpg)/d2lnr5mha7bycj.cloudfront.net/product-image/file/large_c2c19571-f955-4f63-882c-7898ed70b8b2.jpg,"
Costco,"Kirkland Signature Cheese Pizza, 18.25 oz, 4 ct",$13.67 ,,,4 ct,[],Many in stock,"https://www.instacart.com/image-server/197x197/filters:fill(FFF,true):format(jpg)/d2lnr5mha7bycj.cloudfront.net/product-image/file/large_a88eac87-00e4-490b-9f26-c08f438b8aa2.jpg,"
Costco,"LXZ Pampano Rice Noodle Soup , 7.23 lb",$24.84 ,,,7.33 lb,[],Many in stock,"https://www.instacart.com/image-server/197x197/filters:fill(FFF,true):format(jpg)/d2lnr5mha7bycj.cloudfront.net/product-image/file/large_9be199ea-02ba-4f4b-80f2-354433e9b95d.jpg,"
Costco,"Charlotte's Crustoffs Peanut Butter & Grape Sandwiches, 18-count",$16.16 ,,,18 x 2.8 oz,[],Many in stock,"https://www.instacart.com/image-server/197x197/filters:fill(FFF,true):format(jpg)/d2lnr5mha7bycj.cloudfront.net/product-image/file/large_273e9d92-d1ee-467b-96dc-36bc9f672d59.jpg,"
Costco,"Don Miguel Breakfast Burritos, Egg and Sausage, 7 oz, 6 ct",$15.54 ,,,42 oz,[],Many in stock,"https://www.instacart.com/image-server/197x197/filters:fill(FFF,true):format(jpg)/d2lnr5mha7bycj.cloudfront.net/product-image/file/large_7cef7180-947d-426f-8f48-e0d972a6ae23.jpg,"
Costco,"Rana Meal Solutions Tagliatelle Chicken & Portobello, 40 oz",$3.69 ,,,40 oz,[],Many in stock,"https://www.instacart.com/image-server/197x197/filters:fill(FFF,true):format(jpg)/d2lnr5mha7bycj.cloudfront.net/product-image/file/large_48311727-3a15-43e1-9156-4ff42710a045.jpg,"
Costco,Ventera Nashville Style Hot Chicken,$9.57 ,/lb,,$0.60/oz,[],,"https://www.instacart.com/image-server/197x197/filters:fill(FFF,true):format(jpg)/d2lnr5mha7bycj.cloudfront.net/product-image/file/large_2eb93a7b-8f53-442b-ba3e-401e274ee906.jpg,"
Costco,Ruprecht Irish Beef Stew,$24.37 ,/pkg (est.),$8.07 / lb,About 3.02 lb / package,[],,"https://www.instacart.com/image-server/197x197/filters:fill(FFF,true):format(jpg)/d2lnr5mha7bycj.cloudfront.net/product-image/file/large_d0e0b7b9-7760-47b4-b3c0-438d45c2878b.jpg,"
Costco,"Amnon's New York Select Kosher Cheese Pizza, 36 oz",$24.87 ,,,36 oz,[],Many in stock,"https://www.instacart.com/image-server/197x197/filters:fill(FFF,true):format(jpg)/d2lnr5mha7bycj.cloudfront.net/product-image/file/large_0368b12c-f818-428f-b5dc-0f46d9d85c67.jpg,"
Costco,"Pierre Signatures Chicken Sandwiches, 6 oz, 6-count",$16.16 ,,,6 x 6 oz,[],Many in stock,"https://www.instacart.com/image-server/197x197/filters:fill(FFF,true):format(jpg)/d2lnr5mha7bycj.cloudfront.net/product-image/file/large_f7ee167c-a602-4897-9617-1b157bf934b9.jpg,"
Costco,"El Monterey Chicken And Cheese Taquitos, 30-count",$17.40 ,,,30 ct,[],Many in stock,"https://www.instacart.com/image-server/197x197/filters:fill(FFF,true):format(jpg)/d2lnr5mha7bycj.cloudfront.net/product-image/file/large_6076848c-394f-46af-8b62-3ada00627002.jpg,"
Costco,"Bibigo Mini Chicken & Cilantro Wontons, 48 oz",$12.43 ,,,48 oz,[],Many in stock,"https://www.instacart.com/image-server/197x197/filters:fill(FFF,true):format(jpg)/d2lnr5mha7bycj.cloudfront.net/product-image/file/large_eb4c7e25-62c2-4450-a1eb-933767c470d5.jpg,"
Costco,"Royal Asia Vegetable Spring Rolls, 50 ct",$12.43 ,,,50 ct,['Vegan'],Many in stock,"https://www.instacart.com/image-server/197x197/filters:fill(FFF,true):format(jpg)/d2lnr5mha7bycj.cloudfront.net/product-image/file/large_3af0246d-fbe8-448b-843b-b73bc1f802ee.jpg,"
Costco,"Ling Ling All Natural Potstickers, Chicken & Vegetable, 4.2 lbs",$14.93 ,,,67.2 oz,[],Many in stock,"https://www.instacart.com/image-server/197x197/filters:fill(FFF,true):format(jpg)/d2lnr5mha7bycj.cloudfront.net/product-image/file/large_5987b790-2992-46cf-b24d-781fd5a4a809.jpg,"
Costco,"Tropicland Organic Sweet Potato Fries, 4 lbs",$12.43 ,,,4 lb,[],Many in stock,"https://www.instacart.com/image-server/197x197/filters:fill(FFF,true):format(jpg)/d2lnr5mha7bycj.cloudfront.net/product-image/file/large_ee576b53-573e-4b48-8e34-ec67e6a0a6f6.jpg,"
Costco,"Petite Cuisine Mozzarella Sticks, 5 lbs",$19.52 ,,,5 lb,[],Many in stock,"https://www.instacart.com/image-server/197x197/filters:fill(FFF,true):format(jpg)/d2lnr5mha7bycj.cloudfront.net/product-image/file/large_28e76656-8024-4d26-9c26-08eb6f261b2e.jpg,"
Costco,"Foster Farms Mini Corn Dogs, 84-count",$13.55 ,,,84 ct,[],Many in stock,"https://www.instacart.com/image-server/197x197/filters:fill(FFF,true):format(jpg)/d2lnr5mha7bycj.cloudfront.net/product-image/file/large_e8aeec83-c739-43ba-8dd8-860b5305ac5b.jpg,"
Costco,"Totino's Pizza Rolls, Pepperoni, 39.9 oz, 2 count",$14.79 ,,,2 x 39.9 oz,[],,"https://www.instacart.com/image-server/197x197/filters:fill(FFF,true):format(jpg)/d2lnr5mha7bycj.cloudfront.net/product-image/file/large_22259700-8788-46f0-88a9-82c0aacd71bb.jpg,"
Costco,"Brazi Bites Brazilian Cheese Bread, 36 oz",$18.40 ,,,62 x 36 oz,['Gluten-Free'],Many in stock,"https://www.instacart.com/image-server/197x197/filters:fill(FFF,true):format(jpg)/d2lnr5mha7bycj.cloudfront.net/product-image/file/large_dfa2bfde-684a-4190-be1b-71e8ba21c73a.jpg,"
Costco,"Partini Bacon Wrapped Jalapeno Poppers, 20 ct",$14.92 ,,,20 ct,[],Many in stock,"https://www.instacart.com/image-server/197x197/filters:fill(FFF,true):format(jpg)/d2lnr5mha7bycj.cloudfront.net/product-image/file/large_d9111079-49e0-4646-8b46-571f8a5a82f6.jpg,"
Costco,"Macabee Pizza Bagels, Mozzarella Cheese And Seasoned Sauce, 24-count",$14.79 ,,,61.33 oz,[],Many in stock,"https://www.instacart.com/image-server/197x197/filters:fill(FFF,true):format(jpg)/d2lnr5mha7bycj.cloudfront.net/product-image/file/large_3c55f826-3e96-483a-a9cb-a111750c40ba.jpg,"
Costco,"La Vie Gourmand Halloumi Cheese Fries, 1.28 lbs.",$16.16 ,,,1.28 lb,[],Many in stock,"https://www.instacart.com/image-server/197x197/filters:fill(FFF,true):format(jpg)/d2lnr5mha7bycj.cloudfront.net/product-image/file/large_18534f08-3707-436c-8890-e94b6beb5e26.jpg,"
Costco,"Kasia's Cheese Blintzes, 2 X 13 oz",$10.93 ,,,2 x 13 oz,[],Many in stock,"https://www.instacart.com/image-server/197x197/filters:fill(FFF,true):format(jpg)/d2lnr5mha7bycj.cloudfront.net/product-image/file/large_7e0bfd51-8a24-41f1-8409-1c53ff8da91b.jpg,"
Costco,"MadeGood Granola Minis, Variety Pack, 0.85 oz, 24 ct",$14.92 ,,,24 ct,"['Organic', 'Gluten-Free']",Many in stock,"https://www.instacart.com/image-server/197x197/filters:fill(FFF,true):format(jpg)/d2lnr5mha7bycj.cloudfront.net/product-image/file/large_b525eae7-9e3e-46d1-91d6-7bfb9e12b8ea.jpg,"
Costco,"General Mills Cinnamon Toast Crunch, 49.5 oz",$9.82 ,,,49.5 oz,['Whole Grain'],,"https://www.instacart.com/image-server/197x197/filters:fill(FFF,true):format(jpg)/d2lnr5mha7bycj.cloudfront.net/product-image/file/large_7d7eeada-d0a8-4bcb-8512-bbc40e45c38e.jpg,"
Costco,"General Mills Honey Nut Cheerios Honey Nut Cheerios, 2 x 27.5 oz",$10.93 ,,,2 x 27.5 oz,"['Gluten-Free', 'Whole Grain']",,"https://www.instacart.com/image-server/197x197/filters:fill(FFF,true):format(jpg)/d2lnr5mha7bycj.cloudfront.net/product-image/file/large_edfbb271-3eb5-4358-895a-e2cb3cfee6cb.jpg,"
Costco,"Cbl Bakeries Frosted Cinnamon Rolls, 41oz, 16 ct",$10.81 ,,,2.66 lb,[],Many in stock,"https://www.instacart.com/image-server/197x197/filters:fill(FFF,true):format(jpg)/d2lnr5mha7bycj.cloudfront.net/product-image/file/large_ac71449c-0f7f-4c28-9911-56c46dd26f01.jpg,"
Costco,"Kellogg's Special K Red Berries Cereal, 43 oz",$12.30 ,,,2 x 21.5 oz,['Whole Grain'],,"https://www.instacart.com/image-server/197x197/filters:fill(FFF,true):format(jpg)/d2lnr5mha7bycj.cloudfront.net/product-image/file/large_b243e1aa-efd3-4977-b8b0-ca7f1e55dea4.jpg,"
Costco,"Quaker Instant Oatmeal, Variety Pack, 1.51 oz, 52 ct",$16.16 ,,,52 ct,[],Many in stock,"https://www.instacart.com/image-server/197x197/filters:fill(FFF,true):format(jpg)/d2lnr5mha7bycj.cloudfront.net/product-image/file/large_8407814d-cf2c-451e-bac0-97896986e962.jpg,"
Costco,"Quaker Oats Old Fashioned Oatmeal, 10 lbs",$13.67 ,,,2 x 5 lb,[],Many in stock,"https://www.instacart.com/image-server/197x197/filters:fill(FFF,true):format(jpg)/d2lnr5mha7bycj.cloudfront.net/product-image/file/large_6d287d60-d833-4f9a-a649-304f54e554a6.jpg,"
Costco,"Kirkland Signature Organic Ancient Grain Granola, 35.3 oz",$11.06 ,,,35.3 oz,['Organic'],Many in stock,"https://www.instacart.com/image-server/197x197/filters:fill(FFF,true):format(jpg)/d2lnr5mha7bycj.cloudfront.net/product-image/file/large_dd431901-20f6-455f-b93a-4c940075e930.jpeg,"
Costco,"Kellogg's Frosted Flakes Cereal, 61.9 oz",$10.40 ,,,61.9 oz,[],,"https://www.instacart.com/image-server/197x197/filters:fill(FFF,true):format(jpg)/d2lnr5mha7bycj.cloudfront.net/product-image/file/large_345aa5fd-e2af-429c-b274-a292741850e3.jpg,"
Costco,"Nature's Path Organic Flax Plus Granola, 35.3 oz",$11.18 ,,,35.3 oz,['Organic'],,"https://www.instacart.com/image-server/197x197/filters:fill(FFF,true):format(jpg)/d2lnr5mha7bycj.cloudfront.net/product-image/file/large_6d0bc519-6be9-41e9-9ac9-ed18bfcddd5a.jpg,"
Costco,"General Mills Cheerios, 2 x 20.35 oz",$8.07 ,,,2 x 20.35 oz,"['Gluten-Free', 'Whole Grain']",,"https://www.instacart.com/image-server/197x197/filters:fill(FFF,true):format(jpg)/d2lnr5mha7bycj.cloudfront.net/product-image/file/large_6b164139-d31e-44f0-8276-e9b9efc18747.jpg,"
Costco,"Nu Trail Keto Blueberry Cinnamon Nut Granola, 22 oz",$17.40 ,,,22 oz,"['Gluten-Free', 'Keto']",Many in stock,"https://www.instacart.com/image-server/197x197/filters:fill(FFF,true):format(jpg)/d2lnr5mha7bycj.cloudfront.net/product-image/file/large_2bf7041a-65a1-43d3-a981-57c584a79cf8.jpg,"
Costco,"General Mills Minis Cereal Variety, 34.8 oz",$9.32 ,,,34.8 oz,[],Many in stock,"https://www.instacart.com/image-server/197x197/filters:fill(FFF,true):format(jpg)/d2lnr5mha7bycj.cloudfront.net/product-image/file/large_c1105be7-1217-4295-ad9e-54680784f515.jpg,"
Costco,"Kellogg's Tri Fun Pack, 58 oz",$14.92 ,,,58 oz,[],Many in stock,"https://www.instacart.com/image-server/197x197/filters:fill(FFF,true):format(jpg)/d2lnr5mha7bycj.cloudfront.net/product-image/file/large_8730dc80-3741-4aaa-8d6f-5d0735c0124c.jpeg,"
Costco,"One Degree Organic Rolled Oats, 5 lbs",$12.18 ,,,50 oz,"['Organic', 'Gluten-Free']",Many in stock,"https://www.instacart.com/image-server/197x197/filters:fill(FFF,true):format(jpg)/d2lnr5mha7bycj.cloudfront.net/product-image/file/large_b6b01405-04ad-4da0-bfba-2adf2a7ad9d5.jpeg,"
Costco,"Catalina Crunch Keto Friendly Cereal, Cinnamon Toast, 20 oz",$13.67 ,,,20 oz,"['Gluten-Free', 'Keto']",Many in stock,"https://www.instacart.com/image-server/197x197/filters:fill(FFF,true):format(jpg)/d2lnr5mha7bycj.cloudfront.net/product-image/file/large_0bea673c-0cd8-4428-b10d-053249bfb3db.jpg,"
Costco,"Cascadian Farm Organic Blueberry Almond Crunch, 2 X 17 oz",$17.40 ,,,2 x 17 oz,"['Organic', 'Whole Grain']",Many in stock,"https://www.instacart.com/image-server/197x197/filters:fill(FFF,true):format(jpg)/d2lnr5mha7bycj.cloudfront.net/product-image/file/large_7078fe34-7831-451f-8b04-c02c757a636a.jpg,"
Costco,"Seven Sundays Real Cocoa Grain Free Cereal, 16 oz",$11.18 ,,,16 oz,[],Many in stock,"https://www.instacart.com/image-server/197x197/filters:fill(FFF,true):format(jpg)/d2lnr5mha7bycj.cloudfront.net/product-image/file/large_1e53b71d-0a0c-40ff-8f9f-2d42b60b4866.jpg,"
Costco,"Kellogg's Raisin Bran Crunch, 56.6 oz",$12.18 ,,,56.6 oz,['Whole Grain'],Many in stock,"https://www.instacart.com/image-server/197x197/filters:fill(FFF,true):format(jpg)/d2lnr5mha7bycj.cloudfront.net/product-image/file/large_3ffd5670-e13c-404e-8559-309c0bc55346.jpeg,"
Costco,"Kirkland Signature Whole Grain Rolled Oats, 10 lbs",$9.94 ,,,10 lb,[],Many in stock,"https://www.instacart.com/image-server/197x197/filters:fill(FFF,true):format(jpg)/d2lnr5mha7bycj.cloudfront.net/product-image/file/large_11d9a934-5d3e-4d3b-8605-83b178ef9d7b.jpg,"
Costco,"Heart & Steel Fruit & Nut Granola Bag, 22 oz.",$10.56 ,,,22 oz,[],,"https://www.instacart.com/image-server/197x197/filters:fill(FFF,true):format(jpg)/d2lnr5mha7bycj.cloudfront.net/product-image/file/large_69c4f240-c6d1-415e-ac0d-eec40bf7b31b.jpg,"
Costco,"Purely Elizabeth Organic Original Salty-Sweet Granola, 24 oz",$11.18 ,,,24 oz,['Organic'],,"https://www.instacart.com/image-server/197x197/filters:fill(FFF,true):format(jpg)/d2lnr5mha7bycj.cloudfront.net/product-image/file/large_36aacc9b-d2de-46cb-9025-91ff934de4a8.jpg,"
Costco,Nature Valley Oats & Honey Granola 28 Oz,$10.56 ,,,28 oz,[],,"https://www.instacart.com/image-server/197x197/filters:fill(FFF,true):format(jpg)/d2lnr5mha7bycj.cloudfront.net/product-image/file/large_bc05ac47-d699-4d9f-be2e-b8144f30790d.jpg,"
Costco,"General Mills Morning Summit Cereal, 38 oz",$16.16 ,,,38 oz,['Whole Grain'],Many in stock,"https://www.instacart.com/image-server/197x197/filters:fill(FFF,true):format(jpg)/d2lnr5mha7bycj.cloudfront.net/product-image/file/large_6ed370ad-d82d-4895-b65d-ee980b477bdd.jpg,"
Costco,"Kirkland Signature Organic Extra Virgin Olive Oil, 2 Liter",$27.36 ,,,2 L,['Organic'],Many in stock,"https://www.instacart.com/image-server/197x197/filters:fill(FFF,true):format(jpg)/d2lnr5mha7bycj.cloudfront.net/product-image/file/large_de909c38-14c8-4bb3-b90f-253bb4eb1193.jpg,"
Costco,"Kirkland Signature Vegetable Oil, 3 Quart, 2 ct",$14.29 ,,,2 x 3 qt,[],Many in stock,"https://www.instacart.com/image-server/197x197/filters:fill(FFF,true):format(jpg)/d2lnr5mha7bycj.cloudfront.net/product-image/file/large_05a10f22-7821-4a4e-a45f-79fd0accddce.jpg,"
Costco,"Chosen Foods Avocado Oil Spray, 2 X 13.5 oz",$16.16 ,,,2 x 13.5 oz,[],Many in stock,"https://www.instacart.com/image-server/197x197/filters:fill(FFF,true):format(jpg)/d2lnr5mha7bycj.cloudfront.net/product-image/file/large_4770217b-2c0e-4b4f-b24e-e51fe3eee7c6.jpg,"
Costco,"Pillsbury Crescents Original Rolls, 5 / 8 oz Cans, 40 Rolls",$12.43 ,,,5 x 8 oz,[],,"https://www.instacart.com/image-server/197x197/filters:fill(FFF,true):format(jpg)/d2lnr5mha7bycj.cloudfront.net/product-image/file/large_ff325e27-64eb-41d1-ad03-281d1a080a32.jpg,"
Costco,"Kirkland Signature Organic Fine Granulated Sugar, 10 lbs",$11.06 ,,,10 lb,['Organic'],Many in stock,"https://www.instacart.com/image-server/197x197/filters:fill(FFF,true):format(jpg)/d2lnr5mha7bycj.cloudfront.net/product-image/file/large_3181b06a-e323-41a8-b539-7a2828f8f017.jpg,"
Costco,"Annie's Organic Cinnamon Rolls, 3 X 17.5 oz",$17.40 ,,,3 x 17.5 oz,"['Organic', 'Vegan']",Many in stock,"https://www.instacart.com/image-server/197x197/filters:fill(FFF,true):format(jpg)/d2lnr5mha7bycj.cloudfront.net/product-image/file/large_9f20dfe2-e524-47a9-b0e6-65078fa9e0f3.jpg,"
Costco,"Pam Cooking Spray, 2 x 12 oz",$8.71 ,,,2 x 12 oz,[],Many in stock,"https://www.instacart.com/image-server/197x197/filters:fill(FFF,true):format(jpg)/d2lnr5mha7bycj.cloudfront.net/product-image/file/large_f1ac0612-3c1f-4cb2-b522-45e86e70b3ae.jpg,"
Costco,"Ghirardelli Triple Chocolate Brownie Mix, 7.5 lbs",$16.16 ,,,7.5 lb,[],Many in stock,"https://www.instacart.com/image-server/197x197/filters:fill(FFF,true):format(jpg)/d2lnr5mha7bycj.cloudfront.net/product-image/file/large_df9854d4-2777-45d4-a085-7a3f4077b065.jpeg,"
Costco,"Truvia Sweetener Packets, 400 count",$18.40 ,,,400 ct,"['Gluten-Free', 'Keto']",,"https://www.instacart.com/image-server/197x197/filters:fill(FFF,true):format(jpg)/d2lnr5mha7bycj.cloudfront.net/product-image/file/large_2bd6c377-245f-4611-8435-373b3a0d6ae4.jpg,"
Costco,"Arm & Hammer Pure Baking Soda, 13.5 lbs",$10.44 ,,,13.5 lb,[],,"https://www.instacart.com/image-server/197x197/filters:fill(FFF,true):format(jpg)/d2lnr5mha7bycj.cloudfront.net/product-image/file/large_afaadc90-ddd2-44a6-9e9a-ff02a4d5ce1f.jpg,"
Costco,"Kirkland Signature California Granulated Garlic, 18 oz",$9.94 ,,,18 oz,[],Many in stock,"https://www.instacart.com/image-server/197x197/filters:fill(FFF,true):format(jpg)/d2lnr5mha7bycj.cloudfront.net/product-image/file/large_4d2ddb4e-2fd1-4fe8-9ef7-5657acbadd3b.jpg,"
Costco,"Kirkland Signature Canola Oil, 3 Quart, 2 ct",$14.29 ,,,2 x 3 qt,[],Many in stock,"https://www.instacart.com/image-server/197x197/filters:fill(FFF,true):format(jpg)/d2lnr5mha7bycj.cloudfront.net/product-image/file/large_d1e3efcf-1f10-490f-a4f9-2b9f817f4c9b.jpg,"
Costco,"Kirkland Signature Pure Sea Salt, Fine Grain, 30 oz",$4.22 ,,,30 oz,[],Many in stock,"https://www.instacart.com/image-server/197x197/filters:fill(FFF,true):format(jpg)/d2lnr5mha7bycj.cloudfront.net/product-image/file/large_a9632236-cd50-4065-b7d5-388bfefb551f.jpg,"
Costco,"Kirkland Signature Extra Virgin Olive Oil, 67.6 fl oz",$31.09 ,,,2 L,[],Many in stock,"https://www.instacart.com/image-server/197x197/filters:fill(FFF,true):format(jpg)/d2lnr5mha7bycj.cloudfront.net/product-image/file/large_b8762139-ff80-4894-b775-3412b8961c3e.jpg,"
Costco,"Four Monks Distilled Vinegar, 2 x 1 gal",$7.33 ,,,2 x 1 gal,[],Many in stock,"https://www.instacart.com/image-server/197x197/filters:fill(FFF,true):format(jpg)/d2lnr5mha7bycj.cloudfront.net/product-image/file/large_3a059a4b-1ef9-43bf-958e-745829302d2f.jpg,"
Costco,"Organic Avocado Oil, 1 L",$19.89 ,,,1 L,['Organic'],Many in stock,"https://www.instacart.com/image-server/197x197/filters:fill(FFF,true):format(jpg)/d2lnr5mha7bycj.cloudfront.net/product-image/file/large_fb4e6dac-7d5b-4545-924b-0c4cbe224bb3.jpg,"
Costco,"Kirkland Signature Wildflower Honey, 5 lbs",$19.89 ,,,5 lb,[],Many in stock,"https://www.instacart.com/image-server/197x197/filters:fill(FFF,true):format(jpg)/d2lnr5mha7bycj.cloudfront.net/product-image/file/large_33225c13-8777-4591-ab18-abc6d6728f8a.jpg,"
Costco,"Kirkland Signature Raw Organic Honey Bears, 3 X 24 oz",$18.65 ,,,3 x 8 oz,['Organic'],Many in stock,"https://www.instacart.com/image-server/197x197/filters:fill(FFF,true):format(jpg)/d2lnr5mha7bycj.cloudfront.net/product-image/file/large_926663e1-4438-4e8d-a128-bbeae00712bf.jpeg,"
Costco,"Kirkland Signature Pure Olive Oil, 3 Liter, 2 ct",$63.43 ,,,2 x 3 L,[],Many in stock,"https://www.instacart.com/image-server/197x197/filters:fill(FFF,true):format(jpg)/d2lnr5mha7bycj.cloudfront.net/product-image/file/large_06c14259-ef09-4b1b-8374-6677d563e4a2.jpg,"
Costco,"Kirkland Signature Fine Grain Pink Salt, 5 lbs",$9.07 ,,,5 lb,[],Many in stock,"https://www.instacart.com/image-server/197x197/filters:fill(FFF,true):format(jpg)/d2lnr5mha7bycj.cloudfront.net/product-image/file/large_f79cb236-be45-48b1-9b06-2b15291a3aeb.jpg,"
Costco,"Kirkland Signature Fine Ground Black Pepper, 12.3 oz",$5.83 ,,,12.3 oz,[],Many in stock,"https://www.instacart.com/image-server/197x197/filters:fill(FFF,true):format(jpg)/d2lnr5mha7bycj.cloudfront.net/product-image/file/large_2d223c8c-daa6-4907-91d7-7d0ef9069389.jpg,"
Costco,"Kirkland Signature Semi-Sweet Chocolate Chips, 4.5 lbs",$13.67 ,,,4.5 lb,[],Many in stock,"https://www.instacart.com/image-server/197x197/filters:fill(FFF,true):format(jpg)/d2lnr5mha7bycj.cloudfront.net/product-image/file/large_98bc86b8-e7a8-4f2e-b4f2-5f7f181707ee.jpg,"
Costco,"Kirkland Signature Almond Flour, 3 lbs",$12.43 ,,,3 lb,['Gluten-Free'],Many in stock,"https://www.instacart.com/image-server/197x197/filters:fill(FFF,true):format(jpg)/d2lnr5mha7bycj.cloudfront.net/product-image/file/large_d08757fe-0a9d-46b4-976e-da64b3facfd7.jpg,"
Costco,"Kirkland Signature Organic Blue Agave Sweetener, 2 X 36 oz",$11.18 ,,,2 x 36 oz,['Organic'],Many in stock,"https://www.instacart.com/image-server/197x197/filters:fill(FFF,true):format(jpg)/d2lnr5mha7bycj.cloudfront.net/product-image/file/large_ed06b7e5-92d9-4988-8c5e-363de548214b.jpeg,"
Costco,"Kirkland Signature Sea Salt, Grinder with Refill, 13 oz, 2 ct",$8.32 ,,,26 oz,[],Many in stock,"https://www.instacart.com/image-server/197x197/filters:fill(FFF,true):format(jpg)/d2lnr5mha7bycj.cloudfront.net/product-image/file/large_5e4972fa-a679-41a3-863b-644d928b60c8.jpg,"
Costco,"Pure Vanilla Extract, 16 fl oz",$14.92 ,,,16 fl oz,[],Many in stock,"https://www.instacart.com/image-server/197x197/filters:fill(FFF,true):format(jpg)/d2lnr5mha7bycj.cloudfront.net/product-image/file/large_0b3b8f35-5f1b-4ca4-bc2a-27a496e7d6dd.jpg,"
Costco,"Kirkland Signature Whole Black Peppercorns, 14.1 oz",$6.58 ,,,14.1 oz,[],Many in stock,"https://www.instacart.com/image-server/197x197/filters:fill(FFF,true):format(jpg)/d2lnr5mha7bycj.cloudfront.net/product-image/file/large_8e09f604-ba1b-40f4-9779-8d41b064297e.jpg,"
Costco,"Better Than Bouillon Organic Chicken Base, 21 oz",$11.18 ,,,21 oz,['Organic'],Many in stock,"https://www.instacart.com/image-server/197x197/filters:fill(FFF,true):format(jpg)/d2lnr5mha7bycj.cloudfront.net/product-image/file/large_61c577ae-d63d-4030-8857-b9158dd6c35c.jpg,"
Costco,"Kirkland Signature Coarse Ground Black Pepper, 12.7 oz",$6.08 ,,,12.7 oz,[],Many in stock,"https://www.instacart.com/image-server/197x197/filters:fill(FFF,true):format(jpg)/d2lnr5mha7bycj.cloudfront.net/product-image/file/large_d7e62521-3d97-4a5e-8fc8-df774245c044.jpg,"
Costco,"Kirkland Signature Sriracha Seasoning, 15 oz",$9.82 ,,,15 oz,[],Many in stock,"https://www.instacart.com/image-server/197x197/filters:fill(FFF,true):format(jpg)/d2lnr5mha7bycj.cloudfront.net/product-image/file/large_960f8f6e-d8a6-425d-9561-e4bdde9ca1c1.jpg,"
Costco,"Kinder's The Blend Seasoning, 12.5 oz",$7.45 ,,,12.5 oz,[],Many in stock,"https://www.instacart.com/image-server/197x197/filters:fill(FFF,true):format(jpg)/d2lnr5mha7bycj.cloudfront.net/product-image/file/large_9161f22d-64a5-4479-b522-2a0a37dad692.jpeg,"
Costco,"Spiceology Greek Freak Mediterranean Seasoning, 6.7 oz",$11.68 ,,,6.7 oz,[],Many in stock,"https://www.instacart.com/image-server/197x197/filters:fill(FFF,true):format(jpg)/d2lnr5mha7bycj.cloudfront.net/product-image/file/large_685845d6-6d0d-4499-a2ae-53afb3de372e.jpg,"
Costco,"Organic All Purpose Flour, Unbleached, 2 x 10 lbs",$21.76 ,,,2 x 10 lb,['Organic'],Many in stock,"https://www.instacart.com/image-server/197x197/filters:fill(FFF,true):format(jpg)/d2lnr5mha7bycj.cloudfront.net/product-image/file/large_27ac1162-a260-4d76-92e5-56bce14e6564.jpg,"
Costco,"Kirkland Signature Organic Virgin Coconut Oil, 84 oz",$16.16 ,,,84 oz,['Organic'],Many in stock,"https://www.instacart.com/image-server/197x197/filters:fill(FFF,true):format(jpg)/d2lnr5mha7bycj.cloudfront.net/product-image/file/large_73159281-d7f9-42fa-927b-f5d3e90ecbf1.jpeg,"
Costco,"Ardent Mills Harvest All-Purpose Flour, 25 lbs",$11.18 ,,,25 lb,[],Many in stock,"https://www.instacart.com/image-server/197x197/filters:fill(FFF,true):format(jpg)/d2lnr5mha7bycj.cloudfront.net/product-image/file/large_f433396c-6a46-45fc-90ac-fd9b87a7c545.jpeg,"
Costco,"Kirkland Signature Spanish Extra Virgin Olive Oil, 3 L",$43.53 ,,,3 L,[],Many in stock,"https://www.instacart.com/image-server/197x197/filters:fill(FFF,true):format(jpg)/d2lnr5mha7bycj.cloudfront.net/product-image/file/large_92aed143-6ea9-4a44-9839-de096ce518e8.jpeg,"
Costco,"Lawry's Coarse Ground Garlic Salt with Parsley, 33 oz",$11.06 ,,,33 oz,[],Many in stock,"https://www.instacart.com/image-server/197x197/filters:fill(FFF,true):format(jpg)/d2lnr5mha7bycj.cloudfront.net/product-image/file/large_e868f94e-faff-4b85-aac1-b68e982f8d85.jpg,"
Costco,"Better Than Bouillon Organic Beef Base, 21 oz",$11.18 ,,,21 oz,['Organic'],Many in stock,"https://www.instacart.com/image-server/197x197/filters:fill(FFF,true):format(jpg)/d2lnr5mha7bycj.cloudfront.net/product-image/file/large_36e80a62-928c-4e06-9561-4af053746d10.jpg,"
Costco,"Rao's Marinara Sauce, 28 oz, 2-count",$14.92 ,,,2 x 28 oz,[],Many in stock,"https://www.instacart.com/image-server/197x197/filters:fill(FFF,true):format(jpg)/d2lnr5mha7bycj.cloudfront.net/product-image/file/large_64f09c72-291c-4295-993a-bf0c5d6f6bcd.jpg,"
Costco,"Kirkland Signature Italian Basil Pesto, 22 oz",$11.81 ,,,22 oz,[],Many in stock,"https://www.instacart.com/image-server/197x197/filters:fill(FFF,true):format(jpg)/d2lnr5mha7bycj.cloudfront.net/product-image/file/large_d2c0191b-2e16-4176-87e1-50005e18be2d.jpeg,"
Costco,"Heinz Simply Heinz Ketchup, 3 x 44 oz",$16.16 ,,,3 x 44 oz,[],,"https://www.instacart.com/image-server/197x197/filters:fill(FFF,true):format(jpg)/d2lnr5mha7bycj.cloudfront.net/product-image/file/large_ec800f7f-618d-4fb6-a2db-a02c1d09eaca.jpg,"
Costco,"Cleveland Kitchen Dill Pickle Chips, 52 oz",$8.70 ,,,52 oz,[],Many in stock,"https://www.instacart.com/image-server/197x197/filters:fill(FFF,true):format(jpg)/d2lnr5mha7bycj.cloudfront.net/product-image/file/large_caea4828-5e8e-456d-a7f6-d8ba42e386d3.jpg,"
Costco,"Kirkland Signature Minced California Garlic, 48 oz",$8.70 ,,,48 oz,[],Many in stock,"https://www.instacart.com/image-server/197x197/filters:fill(FFF,true):format(jpg)/d2lnr5mha7bycj.cloudfront.net/product-image/file/large_e28b0bcd-6f73-46ac-8ca6-5a061591c4ca.jpg,"
Costco,"Hidden Valley Ranch Dressing, 2 x 40 oz",$15.54 ,,,2 x 40 fl oz,[],,"https://www.instacart.com/image-server/197x197/filters:fill(FFF,true):format(jpg)/d2lnr5mha7bycj.cloudfront.net/product-image/file/large_23951e21-d1cd-41be-aa4c-90757c56a4ce.jpg,"
Costco,"Bachan's Japanese Barbecue Sauce, Original, 34 oz",$12.05 ,,,34 oz,[],Many in stock,"https://www.instacart.com/image-server/197x197/filters:fill(FFF,true):format(jpg)/d2lnr5mha7bycj.cloudfront.net/product-image/file/large_e9f40eb9-0860-4a62-967d-f8936157f954.jpg,"
Costco,"Hellmann's Real Mayonnaise, 64 fl oz",$11.57 ,,,64 fl oz,[],,"https://www.instacart.com/image-server/197x197/filters:fill(FFF,true):format(jpg)/d2lnr5mha7bycj.cloudfront.net/product-image/file/large_6a74074d-9723-4e84-890d-05e0e29ed8f1.jpeg,"
Costco,"Famous Dave's Sweet 'n Spicy Pickles, 64 oz.",$8.07 ,,,64 oz,[],Many in stock,"https://www.instacart.com/image-server/197x197/filters:fill(FFF,true):format(jpg)/d2lnr5mha7bycj.cloudfront.net/product-image/file/large_9b29903a-8862-4587-81e0-8fe5add3371d.jpg,"
Costco,"Don Pancho Cilantro Lime Crema, 16 oz, 2 ct",$9.94 ,,,2 x 16 oz,[],Many in stock,"https://www.instacart.com/image-server/197x197/filters:fill(FFF,true):format(jpg)/d2lnr5mha7bycj.cloudfront.net/product-image/file/large_732b0fb1-f9fc-4ff1-bd27-7beacd6c7ce5.jpg,"
Costco,"Frank's Red Hot, 25 fl oz, 2 count",$11.18 ,,,2 x 25 fl oz,"['Gluten-Free', 'Vegan']",Many in stock,"https://www.instacart.com/image-server/197x197/filters:fill(FFF,true):format(jpg)/d2lnr5mha7bycj.cloudfront.net/product-image/file/large_c2115cc7-e6b2-40cd-b75a-5c0a844fedd4.jpg,"
Costco,Jongga Sliced Cabbage Kimchi 52.9 Oz,$9.94 ,,,52.9 oz,[],,"https://www.instacart.com/image-server/197x197/filters:fill(FFF,true):format(jpg)/d2lnr5mha7bycj.cloudfront.net/product-image/file/large_84fa6005-e84d-4a9b-9d25-509ad97f67e5.jpg,"
Costco,"Hellmann's Real Mayonnaise, 2 x 25 oz",$12.30 ,,,2 x 25 oz,[],Many in stock,"https://www.instacart.com/image-server/197x197/filters:fill(FFF,true):format(jpg)/d2lnr5mha7bycj.cloudfront.net/product-image/file/large_e221277b-c6c8-4110-b42d-54efa35db2af.jpg,"
Costco,"Rao's Alfredo Sauce, 2 x 15 oz",$13.67 ,,,2 x 15 oz,[],Many in stock,"https://www.instacart.com/image-server/197x197/filters:fill(FFF,true):format(jpg)/d2lnr5mha7bycj.cloudfront.net/product-image/file/large_42ba69f8-7564-4763-87a8-f3a5a7651752.jpeg,"
Costco,"Primal Kitchen Buffalo Sauce with Avocado Oil, 16.5 oz, 2 count",$11.18 ,,,2 x 16.5 oz,"['Gluten-Free', 'Vegan']",Many in stock,"https://www.instacart.com/image-server/197x197/filters:fill(FFF,true):format(jpg)/d2lnr5mha7bycj.cloudfront.net/product-image/file/large_f74663fd-b796-42de-8d54-3cabebc805b1.jpg,"
Costco,Cholula Original Hot Sauce,$12.43 ,,,2 x 12 fl oz,[],Many in stock,"https://www.instacart.com/image-server/197x197/filters:fill(FFF,true):format(jpg)/d2lnr5mha7bycj.cloudfront.net/product-image/file/large_8096110c-b07c-49c4-9a7a-e433ec50ea33.jpeg,"
Costco,"Vlasic Kosher Dill Baby Pickles, 2 x 32 oz",$8.07 ,,,2 x 32 oz,[],Many in stock,"https://www.instacart.com/image-server/197x197/filters:fill(FFF,true):format(jpg)/d2lnr5mha7bycj.cloudfront.net/product-image/file/large_a53ac625-757b-4647-b171-9b7a121045a7.jpg,"
Costco,"Kirkland Signature Marinara, 3 x 32 oz",$16.16 ,,,3 x 32 oz,['Organic'],Many in stock,"https://www.instacart.com/image-server/197x197/filters:fill(FFF,true):format(jpg)/d2lnr5mha7bycj.cloudfront.net/product-image/file/large_d9b1aa30-1a07-49f4-b4f9-2a1a812932f5.jpg,"
Costco,"Hidden Valley Ranch Dry Dressing Mix, 20 oz",$13.55 ,,,20 oz,[],,"https://www.instacart.com/image-server/197x197/filters:fill(FFF,true):format(jpg)/d2lnr5mha7bycj.cloudfront.net/product-image/file/large_0f2d1b3c-24d9-4fe6-8686-c1039c39e238.jpg,"
Costco,"Tasso's Garlic & Jalapeno Double Stuffed Olives, 35.27 oz",$8.45 ,,,20 oz,['Vegan'],,"https://www.instacart.com/image-server/197x197/filters:fill(FFF,true):format(jpg)/d2lnr5mha7bycj.cloudfront.net/product-image/file/large_46a8e6bc-efc7-4af3-8238-0939a54d942d.jpg,"
Costco,"Sweet Baby Ray's Barbeque Sauce, 2 x 40 oz",$7.33 ,,,2 x 40 oz,['Gluten-Free'],Many in stock,"https://www.instacart.com/image-server/197x197/filters:fill(FFF,true):format(jpg)/d2lnr5mha7bycj.cloudfront.net/product-image/file/large_dd657947-6009-4478-8c08-1c021968a8c0.jpeg,"
Costco,"Kirkland Signature Organic Tuscan Marinara, 3 x 24 oz",$12.43 ,,,3 x 24 oz,['Organic'],Many in stock,"https://www.instacart.com/image-server/197x197/filters:fill(FFF,true):format(jpg)/d2lnr5mha7bycj.cloudfront.net/product-image/file/large_1c5eaaa9-7ec6-4104-ac95-e9a97bec638c.jpg,"
Costco,"A.1. Steak Sauce, 2 x 20 oz",$13.67 ,,,2 x 20 oz,['Vegan'],,"https://www.instacart.com/image-server/197x197/filters:fill(FFF,true):format(jpg)/d2lnr5mha7bycj.cloudfront.net/product-image/file/large_d0d77f1a-fcd6-4416-bac5-1a8f5b3b3e59.jpg,"
Costco,"Kirkland Signature Organic Salsa, Medium, 38 oz, 2 ct",$11.81 ,,,2 x 38 oz,['Organic'],Many in stock,"https://www.instacart.com/image-server/197x197/filters:fill(FFF,true):format(jpg)/d2lnr5mha7bycj.cloudfront.net/product-image/file/large_cfd82403-4a4a-4810-8d8e-826707d41380.jpg,"
Costco,"Chosen Foods Avocado Oil Mayonnaise, 32 oz",$11.07 ,,,32 oz,[],Many in stock,"https://www.instacart.com/image-server/197x197/filters:fill(FFF,true):format(jpg)/d2lnr5mha7bycj.cloudfront.net/product-image/file/large_86810bb5-d6c9-4b46-8672-2ad0dc20db8d.jpg,"
Costco,"Claussen Kosher Dill Spears, 80 oz",$8.70 ,,,80 oz,[],,"https://www.instacart.com/image-server/197x197/filters:fill(FFF,true):format(jpg)/d2lnr5mha7bycj.cloudfront.net/product-image/file/large_b5afc155-ad80-4e29-a879-06a0a0974dca.jpg,"
Costco,"Lea & Perrins The Original Worcestershire Sauce, 2 x 20 fl oz",$9.94 ,,,2 x 20 fl oz,[],,"https://www.instacart.com/image-server/197x197/filters:fill(FFF,true):format(jpg)/d2lnr5mha7bycj.cloudfront.net/product-image/file/large_361c6f82-d1d4-44a2-9342-365be3e3ffc2.jpg,"
Costco,"Olive Garden Signature Italian Dressing, 28 fl oz, 2 count",$11.18 ,,,2 x 28 oz,[],Many in stock,"https://www.instacart.com/image-server/197x197/filters:fill(FFF,true):format(jpg)/d2lnr5mha7bycj.cloudfront.net/product-image/file/large_9ac54714-7b57-4e38-a129-f7dc98995e19.jpeg,"
Costco,"Kirkland Signature Pimiento Stuffed Olive, 2 x 21 oz",$20.51 ,,,2 x 21 oz,[],Many in stock,"https://www.instacart.com/image-server/197x197/filters:fill(FFF,true):format(jpg)/d2lnr5mha7bycj.cloudfront.net/product-image/file/large_b8a1d9a6-7944-4e82-8140-213287a4c559.jpg,"
Costco,"Mateo's Gourmet Salsa, 32 oz",$8.70 ,,,32 oz,[],Many in stock,"https://www.instacart.com/image-server/197x197/filters:fill(FFF,true):format(jpg)/d2lnr5mha7bycj.cloudfront.net/product-image/file/large_7472b766-0ac7-4413-a189-2955fe5c0939.jpeg,"
Costco,"Rao's Calabrian Chili Marinara Sauce, 22 oz, 2-pack",$18.65 ,,,2 x 22 oz,[],Many in stock,"https://www.instacart.com/image-server/197x197/filters:fill(FFF,true):format(jpg)/d2lnr5mha7bycj.cloudfront.net/product-image/file/large_b4fca865-6d39-4923-85a3-451dd1169b8b.jpg,"
Costco,"Lindsay Large Black Pitted Olives, 6 oz, 8 ct",$16.78 ,,,8 x 6 oz,['Vegan'],Many in stock,"https://www.instacart.com/image-server/197x197/filters:fill(FFF,true):format(jpg)/d2lnr5mha7bycj.cloudfront.net/product-image/file/large_add27b27-0954-474f-80f9-e2afcff5334a.jpg,"
Costco,"Safies Sweet Pickled Beets, 35 oz",$6.83 ,,,35 oz,[],Many in stock,"https://www.instacart.com/image-server/197x197/filters:fill(FFF,true):format(jpg)/d2lnr5mha7bycj.cloudfront.net/product-image/file/large_ad749453-bee9-47bc-a3d3-a1443a5c6070.jpeg,"
Costco,"Tassos Mediterranean Gourmet Greek Olives, 1.9 Liter",$14.92 ,,,1.9 L,[],Many in stock,"https://www.instacart.com/image-server/197x197/filters:fill(FFF,true):format(jpg)/d2lnr5mha7bycj.cloudfront.net/product-image/file/large_f26fcf10-434d-48a6-8a3f-9f43e73eeca0.jpg,"
Costco,"Garlic Expressions Dressing & Marinade, 12.5 fl oz, 3-count",$12.43 ,,,3 x 37.5 fl oz,['Vegan'],Many in stock,"https://www.instacart.com/image-server/197x197/filters:fill(FFF,true):format(jpg)/d2lnr5mha7bycj.cloudfront.net/product-image/file/large_15819559-86ec-4936-82cf-8b1bf7e3333b.jpg,"
Costco,"Kewpie Japanese Style Mayonnaise, 24 oz",$8.57 ,,,24 oz,[],Many in stock,"https://www.instacart.com/image-server/197x197/filters:fill(FFF,true):format(jpg)/d2lnr5mha7bycj.cloudfront.net/product-image/file/large_e18f5ee1-6b96-4f36-9d5a-479f1c7867fc.jpg,"
Costco,"Willy's Fresh Salsa Original Medium Salsa, 48 oz.",$8.70 ,,,48 oz,[],Many in stock,"https://www.instacart.com/image-server/197x197/filters:fill(FFF,true):format(jpg)/d2lnr5mha7bycj.cloudfront.net/product-image/file/large_30e0089e-69e1-4e61-b2d4-a4d938e8964a.jpg,"
Costco,"French's Yellow Mustard, 2 x 30 oz",$6.83 ,,,2 x 30 oz,[],Many in stock,"https://www.instacart.com/image-server/197x197/filters:fill(FFF,true):format(jpg)/d2lnr5mha7bycj.cloudfront.net/product-image/file/large_a592a685-c2e5-4701-b7a6-a597094822cc.jpg,"
Costco,"Erie Island Signature Blend Coffee, 2 lbs",$14.92 ,,,2 lb,[],Many in stock,"https://www.instacart.com/image-server/197x197/filters:fill(FFF,true):format(jpg)/d2lnr5mha7bycj.cloudfront.net/product-image/file/large_b3a4ca6a-abe7-4d71-b9df-1915390e50c4.jpg,"
Costco,"Little Italy Marinara Sauce, 3 x 32 oz",$14.92 ,,,3 x 32 oz,[],Many in stock,"https://www.instacart.com/image-server/197x197/filters:fill(FFF,true):format(jpg)/d2lnr5mha7bycj.cloudfront.net/product-image/file/large_e4474324-1826-4fd6-b01c-2da5d8a85fad.jpg,"
Costco,"Montgomery Inn Barbecue Sauce, 2 x 40 oz",$11.18 ,,,2 x 40 oz,[],Many in stock,"https://www.instacart.com/image-server/197x197/filters:fill(FFF,true):format(jpg)/d2lnr5mha7bycj.cloudfront.net/product-image/file/large_1667d01f-c708-4cd8-bd22-6dca43c83e98.jpeg,"
Costco,"Kirkland Signature Baguette, 2 x 24 oz",$7.45 ,,,2 x 24 oz,[],Many in stock,"https://www.instacart.com/image-server/197x197/filters:fill(FFF,true):format(jpg)/d2lnr5mha7bycj.cloudfront.net/product-image/file/large_368444bc-eea9-4221-bc6c-776da1a9015e.jpg,"
Costco,"Dave's Organic Bread, 21 Whole Grains, 27 oz, 2 ct",$10.56 ,,,2 x 27 oz,['Organic'],Many in stock,"https://www.instacart.com/image-server/197x197/filters:fill(FFF,true):format(jpg)/d2lnr5mha7bycj.cloudfront.net/product-image/file/large_ec5cb002-99ed-4f2e-abeb-f6b754d964f0.jpg,"
Costco,"Kirkland Signature Country French Bread, 2-pack",$7.45 ,,,2 ct,[],Many in stock,"https://www.instacart.com/image-server/197x197/filters:fill(FFF,true):format(jpg)/d2lnr5mha7bycj.cloudfront.net/product-image/file/large_1d76144f-3e29-4f06-b41b-eb9798dd6b2f.jpeg,"
Costco,"Canyon Bakehouse Multigrain Bread, Gluten Free, 16 oz, 2 ct",$12.18 ,,,32 oz,['Gluten-Free'],Many in stock,"https://www.instacart.com/image-server/197x197/filters:fill(FFF,true):format(jpg)/d2lnr5mha7bycj.cloudfront.net/product-image/file/large_38ed60aa-f668-4f64-975d-530e4b3a352e.jpg,"
Costco,"Sara Lee Artesano Bread, 2 x 20 oz",$6.21 ,,,2 x 20 oz,[],Many in stock,"https://www.instacart.com/image-server/197x197/filters:fill(FFF,true):format(jpg)/d2lnr5mha7bycj.cloudfront.net/product-image/file/large_b54c0df3-a88d-4d3e-beff-8a21a60dbd5d.jpg,"
Costco,"Schwebel's Giant White Bread, 2 X 22 oz",$4.96 ,,,2 x 22 oz,[],Many in stock,"https://www.instacart.com/image-server/197x197/filters:fill(FFF,true):format(jpg)/d2lnr5mha7bycj.cloudfront.net/product-image/file/large_df153f47-e9c1-4481-b2b9-54217e32a374.jpg,"
Costco,"The Essential Baking Company Organic Sourdough Bread, 54.6 oz",$11.18 ,,,54.6 oz,['Organic'],Many in stock,"https://www.instacart.com/image-server/197x197/filters:fill(FFF,true):format(jpg)/d2lnr5mha7bycj.cloudfront.net/product-image/file/large_f9c1fd25-981a-4614-8a14-9ac806c8cb10.jpg,"
Costco,"Stan’s San Francisco Sourdough Bread, 32 oz",$5.59 ,,,32 oz,[],Many in stock,"https://www.instacart.com/image-server/197x197/filters:fill(FFF,true):format(jpg)/d2lnr5mha7bycj.cloudfront.net/product-image/file/large_b766bd90-79e5-4d0f-ae58-f63481ac9bf0.jpg,"
Costco,"Innkeeper's Multigrain Bread, 28 oz, 2 count",$6.71 ,,,56 oz,[],Many in stock,"https://www.instacart.com/image-server/197x197/filters:fill(FFF,true):format(jpg)/d2lnr5mha7bycj.cloudfront.net/product-image/file/large_94973fb7-ab31-4f02-9084-6b083944e563.jpg,"
Costco,Goldbergs Kosher Challah Bread 2/20 oz,$9.94 ,,,2 x 20 oz,[],Many in stock,"https://www.instacart.com/image-server/197x197/filters:fill(FFF,true):format(jpg)/d2lnr5mha7bycj.cloudfront.net/product-image/file/large_cf02d9b3-673f-4a75-bc67-fefcc1e85cc4.jpeg,"
Costco,"Natural Ovens Keto Friendly Bread, 2 x 18 oz",$11.81 ,,,2 x 18 oz,['Keto'],Many in stock,"https://www.instacart.com/image-server/197x197/filters:fill(FFF,true):format(jpg)/d2lnr5mha7bycj.cloudfront.net/product-image/file/large_7ebc6b7e-cd75-4532-aece-9058972bfb07.jpeg,"
Costco,"Innkeeper’s Bed and Breakfast Cinnamon Streusel Bread, 28 oz, 2 ct",$12.43 ,,,2 x 28 oz,[],Many in stock,"https://www.instacart.com/image-server/197x197/filters:fill(FFF,true):format(jpg)/d2lnr5mha7bycj.cloudfront.net/product-image/file/large_43e40db0-f7a7-445c-8703-8238f9a71990.jpg,"
Costco,"Schwebel's Rheuben Rye Bread, 36 oz",$4.84 ,,,36 oz,[],Many in stock,"https://www.instacart.com/image-server/197x197/filters:fill(FFF,true):format(jpg)/d2lnr5mha7bycj.cloudfront.net/product-image/file/large_be6150d0-3a5c-4e61-83b6-bec0dc4549e7.jpg,"
Costco,"Schwebel's Baking Co Sweet Harvest Wheat, 20 oz",$4.96 ,,,2 x 20 oz,[],Many in stock,"https://www.instacart.com/image-server/197x197/filters:fill(FFF,true):format(jpg)/d2lnr5mha7bycj.cloudfront.net/product-image/file/large_58809fe0-817d-445b-b593-411ac7d337e0.jpeg,"
Costco,"Kirkland Signature ""Air-Chilled"" Fresh Boneless Skinless Chicken Breasts",$35.19 ,/pkg (est.),$3.72 / lb,About 9.46 lb / package,['Breast'],,"https://www.instacart.com/image-server/197x197/filters:fill(FFF,true):format(jpg)/d2lnr5mha7bycj.cloudfront.net/product-image/file/large_f35be42d-7397-4ab7-a3b2-bb2ad4f832a1.jpeg,"
Costco,Kirkland Signature Fresh Boneless Skinless Chicken Breast,$34.63 ,/pkg (est.),$3.72 / lb,About 9.31 lb / package,['Breast'],,"https://www.instacart.com/image-server/197x197/filters:fill(FFF,true):format(jpg)/d2lnr5mha7bycj.cloudfront.net/product-image/file/large_d3e8981c-a4fd-4b59-a869-b6aa14fc7efe.jpg,"
Costco,"Ground Turkey 93% Lean 7% Fat, 1.7 lbs, 4 ct",$26.86 ,,,4 x 1.7 lb,[],Many in stock,"https://www.instacart.com/image-server/197x197/filters:fill(FFF,true):format(jpg)/d2lnr5mha7bycj.cloudfront.net/product-image/file/large_154abeb7-563c-4b27-a0ad-8cf0f469f339.jpg,"
Costco,"Kevin's Natural Foods Hot Honey Chicken Stir Fry, 32 oz",$15.54 ,,,32 oz,[],Many in stock,"https://www.instacart.com/image-server/197x197/filters:fill(FFF,true):format(jpg)/d2lnr5mha7bycj.cloudfront.net/product-image/file/large_d796b663-366f-4966-af55-346d220ddcc0.jpg,"
Costco,Kirkland Signature Fresh Chicken Thighs,$20.35 ,/pkg (est.),$1.85 / lb,About 11.0 lb / package,['Thigh'],,"https://www.instacart.com/image-server/197x197/filters:fill(FFF,true):format(jpg)/d2lnr5mha7bycj.cloudfront.net/product-image/file/large_9f3fafd8-6cb2-4c7b-ad4c-715f80bf27a0.jpeg,"
Costco,"Kirkland Signature ""Air-Chilled"" Boneless Skinless Chicken Thighs",$35.76 ,/pkg (est.),$4.34 / lb,About 8.24 lb / package,['Thigh'],,"https://www.instacart.com/image-server/197x197/filters:fill(FFF,true):format(jpg)/d2lnr5mha7bycj.cloudfront.net/product-image/file/large_6fad9406-a7d1-4c96-a788-a22377401a4a.jpeg,"
Costco,Kirkland Signature Organic Boneless Skinless Chicken Thighs,$44.70 ,/pkg (est.),$7.45 / lb,About 6.0 lb / package,"['Organic', 'Thigh']",,"https://www.instacart.com/image-server/197x197/filters:fill(FFF,true):format(jpg)/d2lnr5mha7bycj.cloudfront.net/product-image/file/large_c7b1b850-760d-4cfd-9ae5-2f97780d15f9.jpeg,"
Costco,"Kirkland Signature Fresh ""Air-Chilled"" Chicken Party Wings",$27.47 ,/pkg (est.),$3.10 / lb,About 8.86 lb / package,['Wing'],,"https://www.instacart.com/image-server/197x197/filters:fill(FFF,true):format(jpg)/d2lnr5mha7bycj.cloudfront.net/product-image/file/large_9055a1d9-7679-4495-b14b-1a5e7efd46bb.jpeg,"
Costco,Kirkland Signature Fresh Chicken Party Wings,$27.12 ,/pkg (est.),$3.10 / lb,About 8.75 lb / package,['Wing'],,"https://www.instacart.com/image-server/197x197/filters:fill(FFF,true):format(jpg)/d2lnr5mha7bycj.cloudfront.net/product-image/file/large_5d7c91ac-ca84-44fc-bf23-4017f8a90759.jpeg,"
Costco,"Kirkland Signature Thin Sliced Chicken Breast, 10 lbs",$33.58 ,,,10 lb,['Breast'],Many in stock,"https://www.instacart.com/image-server/197x197/filters:fill(FFF,true):format(jpg)/d2lnr5mha7bycj.cloudfront.net/product-image/file/large_e0fddede-b39b-4042-9705-1e5c9b693425.jpg,"
Costco,Kirkland Signature Fresh Boneless Skinless Chicken Tenderloins,$38.72 ,/pkg (est.),$4.71 / lb,About 8.22 lb / package,['Breast'],,"https://www.instacart.com/image-server/197x197/filters:fill(FFF,true):format(jpg)/d2lnr5mha7bycj.cloudfront.net/product-image/file/large_93d8f3c2-c607-4191-8fc9-2d776f3376ae.jpeg,"
Costco,"Kirkland Signature Fresh ""Air-Chilled"" Boneless Skinless Chicken Tenderloins",$35.84 ,/pkg (est.),$4.71 / lb,About 7.61 lb / package,['Breast'],,"https://www.instacart.com/image-server/197x197/filters:fill(FFF,true):format(jpg)/d2lnr5mha7bycj.cloudfront.net/product-image/file/large_e0ac47af-c7b2-4f7c-b884-b1df315b219c.jpeg,"
Costco,"Frontera Fajita Chicken Kit, 2.3 lb avg wt",$19.17 ,/pkg (est.),$8.07 / lb,About 2.38 lb / package,[],,"https://www.instacart.com/image-server/197x197/filters:fill(FFF,true):format(jpg)/d2lnr5mha7bycj.cloudfront.net/product-image/file/large_d4e2fe21-e733-4663-821a-e40ee35dcdf4.jpg,"
Costco,"Amylu Organic Chicken Burger with Caramelized Onion and Aged White Cheddar, 8 Burgers, 32 oz",$18.65 ,,,32 oz,"['Organic', 'Non-GMO']",Many in stock,"https://www.instacart.com/image-server/197x197/filters:fill(FFF,true):format(jpg)/d2lnr5mha7bycj.cloudfront.net/product-image/file/large_54c8a961-21d4-4ee8-8ff6-c19323448959.jpg,"
Costco,Kirkland Signature Fresh Chicken Thighs,$21.57 ,/pkg (est.),$1.85 / lb,About 11.66 lb / package,['Thigh'],,"https://www.instacart.com/image-server/197x197/filters:fill(FFF,true):format(jpg)/d2lnr5mha7bycj.cloudfront.net/product-image/file/large_055dd39d-4ec0-4d7c-a400-eeafcb8ad7ca.jpg,"
Costco,Kirkland Signature Fresh Boneless Skinless Chicken Thighs,$35.72 ,/pkg (est.),$4.34 / lb,About 8.23 lb / package,['Thigh'],,"https://www.instacart.com/image-server/197x197/filters:fill(FFF,true):format(jpg)/d2lnr5mha7bycj.cloudfront.net/product-image/file/large_02034f4d-929b-44e3-ba4e-86c7d920b448.jpeg,"
Costco,"Kirkland Signature ""Air-Chilled"" Chicken Drumsticks",$10.91 ,/pkg (est.),$1.23 / lb,About 8.87 lb / package,[],,"https://www.instacart.com/image-server/197x197/filters:fill(FFF,true):format(jpg)/d2lnr5mha7bycj.cloudfront.net/product-image/file/large_27dfbea0-1a6c-462a-ab19-ca9fa34efa0a.jpeg,"
Costco,Amylu Chicken Teriyaki Meatballs 46 Oz (2.9 Oz),$18.03 ,,,46 oz,[],Many in stock,"https://www.instacart.com/image-server/197x197/filters:fill(FFF,true):format(jpg)/d2lnr5mha7bycj.cloudfront.net/product-image/file/large_d4077e87-7575-4cb0-a367-3735d8d7c5d1.jpg,"
Costco,Kosher Chicken Thighs,$16.00 ,/pkg (est.),$3.10 / lb,About 5.16 lb / package,['Thigh'],,"https://www.instacart.com/image-server/197x197/filters:fill(FFF,true):format(jpg)/d2lnr5mha7bycj.cloudfront.net/product-image/file/large_ca2ec900-79f8-4e4c-8662-4964abe98aae.jpg,"
Costco,"Diestel Organic Ground Turkey, 1.5 lbs, 2 count",$24.87 ,,,2 x 1.5 lb,"['Organic', 'Non-GMO']",Many in stock,"https://www.instacart.com/image-server/197x197/filters:fill(FFF,true):format(jpg)/d2lnr5mha7bycj.cloudfront.net/product-image/file/large_65449f7d-2424-4eac-a80c-51dd5d349192.jpg,"
Costco,Kosher Boneless & Skinless Chicken Breast,$36.47 ,/pkg (est.),$6.83 / lb,About 5.34 lb / package,['Breast'],,"https://www.instacart.com/image-server/197x197/filters:fill(FFF,true):format(jpg)/d2lnr5mha7bycj.cloudfront.net/product-image/file/large_30a97ed0-4ad4-4bf3-9623-0066f89f7781.jpg,"
Costco,Kirkland Signature Fresh Young Chicken,$22.09 ,/pkg (est.),$1.85 / lb,About 11.94 lb / package,['Whole'],,"https://www.instacart.com/image-server/197x197/filters:fill(FFF,true):format(jpg)/d2lnr5mha7bycj.cloudfront.net/product-image/file/large_8a4e6c8a-432d-459f-ab2c-8e3ba75d0e8b.jpg,"
Costco,"Kirkland Signature Chicken Drumsticks, Kosher, 8 lb avg wt",$15.43 ,/pkg (est.),$2.48 / lb,About 6.22 lb / package,[],,"https://www.instacart.com/image-server/197x197/filters:fill(FFF,true):format(jpg)/d2lnr5mha7bycj.cloudfront.net/product-image/file/large_839accf0-1cbc-4d94-9103-be3e261f03d0.jpg,"
Costco,Kirkland Signature Organic Chicken Drumsticks,$13.76 ,/pkg (est.),$2.48 / lb,About 5.55 lb / package,"['Organic', 'Non-GMO']",,"https://www.instacart.com/image-server/197x197/filters:fill(FFF,true):format(jpg)/d2lnr5mha7bycj.cloudfront.net/product-image/file/large_789f8f87-d18e-47ca-b76e-fa0559ba3922.jpeg,"
Costco,Kirkland Signature Organic Chicken Party Wings,$27.96 ,/pkg (est.),$4.96 / lb,About 5.64 lb / package,"['Organic', 'Wing']",,"https://www.instacart.com/image-server/197x197/filters:fill(FFF,true):format(jpg)/d2lnr5mha7bycj.cloudfront.net/product-image/file/large_63483105-3db4-40b8-981f-e4f5dadd2ae9.jpeg,"
Costco,Kirkland Signature Organic Boneless Skinless Chicken Tenderloins,$44.63 ,/pkg (est.),$7.45 / lb,About 5.99 lb / package,"['Organic', 'Breast']",,"https://www.instacart.com/image-server/197x197/filters:fill(FFF,true):format(jpg)/d2lnr5mha7bycj.cloudfront.net/product-image/file/large_b6bc13d2-f327-472a-a9d7-206a983b8764.jpeg,"
Costco,Kosher Chicken Leg Quarters,$17.71 ,/pkg (est.),$3.22 / lb,About 5.5 lb / package,['Leg'],,"https://www.instacart.com/image-server/197x197/filters:fill(FFF,true):format(jpg)/d2lnr5mha7bycj.cloudfront.net/product-image/file/large_064f6222-f767-402c-8446-c1e780fac4af.jpg,"
Costco,Empire Cornish Broiler Kosher Chicken,$13.71 ,/pkg (est.),$3.47 / lb,About 3.95 lb / package,[],,"https://www.instacart.com/image-server/197x197/filters:fill(FFF,true):format(jpg)/d2lnr5mha7bycj.cloudfront.net/product-image/file/large_88590aac-20f2-4493-9d10-6a3b41e6e389.jpg,"
Costco,Kirkland Signature Organic Boneless Skinless Chicken Breasts,$41.35 ,/pkg (est.),$7.45 / lb,About 5.55 lb / package,"['Organic', 'Breast']",,"https://www.instacart.com/image-server/197x197/filters:fill(FFF,true):format(jpg)/d2lnr5mha7bycj.cloudfront.net/product-image/file/large_6e44fd93-8391-4eb1-a068-00275a699419.jpg,"
Costco,Empire Kosher Whole Broiler Chicken,$35.34 ,each (est.),$3.72 / lb,About 9.5 lb each,['Whole'],,"https://www.instacart.com/image-server/197x197/filters:fill(FFF,true):format(jpg)/d2lnr5mha7bycj.cloudfront.net/product-image/file/large_ef79e792-e739-43b0-b06c-f99f72feae16.jpg,"
Costco,Kirkland Signature Organic Whole Young Chicken,$39.67 ,/pkg (est.),$3.72 / lb,About 10.67 lb / package,"['Organic', 'Whole']",,"https://www.instacart.com/image-server/197x197/filters:fill(FFF,true):format(jpg)/d2lnr5mha7bycj.cloudfront.net/product-image/file/large_f81c4dd2-745b-45d5-8d65-ba4595b049da.jpg,"
