Store,Item Name,Price,Units,Unit Price,Amount,Tags,In Stock,Image
Fresh Thyme Market,Banana,$0.32 ,each (est.),$0.79 / lb,About 0.4 lb each,[],,"https://www.instacart.com/image-server/197x197/filters:fill(FFF,true):format(jpg)/d2lnr5mha7bycj.cloudfront.net/product-image/file/large_eea6ea6f-74a2-4eab-9cb8-1bc9e2efb961.png,"
Fresh Thyme Market,Organic Bananas,$0.36 ,each (est.),$0.99 / lb,About 0.37 lb each,"['Organic', 'Non-GMO']",,"https://www.instacart.com/image-server/197x197/filters:fill(FFF,true):format(jpg)/d2lnr5mha7bycj.cloudfront.net/product-image/file/large_716c0099-a1fb-4cbf-8af2-860a81f52b5e.png,"
Fresh Thyme Market,Hass Avocado,$1.09 ,,,1 ct,[],Many in stock,"https://www.instacart.com/image-server/197x197/filters:fill(FFF,true):format(jpg)/d2lnr5mha7bycj.cloudfront.net/product-image/file/large_0251fd1d-37f3-47db-8e50-f3a2f4e0984e.png,"
Fresh Thyme Market,Original price: $4.29,$3.29 ,,,1 lb Container,[],Many in stock,"https://www.instacart.com/image-server/197x197/filters:fill(FFF,true):format(jpg)/d2lnr5mha7bycj.cloudfront.net/product-image/file/large_9f7d40d7-d914-4b87-804c-3c9e2ccada0f.png,"
Fresh Thyme Market,Blueberries Package,$4.29 ,,,1 pint container,[],Many in stock,"https://www.instacart.com/image-server/197x197/filters:fill(FFF,true):format(jpg)/d2lnr5mha7bycj.cloudfront.net/product-image/file/large_3cdb545f-d353-41c9-a3a6-4d5278865224.png,"
Fresh Thyme Market,Clementine Tangerines Bag,$4.29 ,,,2 lb bag,[],Many in stock,"https://www.instacart.com/image-server/197x197/filters:fill(FFF,true):format(jpg)/d2lnr5mha7bycj.cloudfront.net/product-image/file/large_048bdbf7-33c1-4ee2-9469-268168d5bc98.png,"
Fresh Thyme Market,Organic Strawberries,$5.39 ,,,1 ct,"['Organic', 'Non-GMO']",,"https://www.instacart.com/image-server/197x197/filters:fill(FFF,true):format(jpg)/d2lnr5mha7bycj.cloudfront.net/product-image/file/large_661e4efe-7442-483c-9d2a-1eacc3b8708b.png,"
Fresh Thyme Market,Original price: $5.39,$4.29 ,,,6 oz Container,"['Organic', 'Non-GMO']",Many in stock,"https://www.instacart.com/image-server/197x197/filters:fill(FFF,true):format(jpg)/d2lnr5mha7bycj.cloudfront.net/product-image/file/large_701b2e31-5927-4522-9353-1ad8f12cdd2c.png,"
Fresh Thyme Market,Raspberries Package,$4.29 ,,,6 oz Container,[],Many in stock,"https://www.instacart.com/image-server/197x197/filters:fill(FFF,true):format(jpg)/d2lnr5mha7bycj.cloudfront.net/product-image/file/large_0484cff0-827d-4da2-bd47-7887aae666ba.png,"
Fresh Thyme Market,Organic Hass Avocado,$2.19 ,,,1 each,"['Organic', 'Non-GMO']",Many in stock,"https://www.instacart.com/image-server/197x197/filters:fill(FFF,true):format(jpg)/d2lnr5mha7bycj.cloudfront.net/product-image/file/large_670150b6-7c97-4d17-8b68-e929fddcd167.png,"
Fresh Thyme Market,Original price: $5.39,$4.29 ,,,6 oz container,"['Organic', 'Non-GMO']",Many in stock,"https://www.instacart.com/image-server/197x197/filters:fill(FFF,true):format(jpg)/d2lnr5mha7bycj.cloudfront.net/product-image/file/large_ff6b3b65-c53d-4f9e-b0fa-15c0be5150ca.png,"
Fresh Thyme Market,Organic Lemon,$1.09 ,,,1 ct,"['Organic', 'Non-GMO']",Many in stock,"https://www.instacart.com/image-server/197x197/filters:fill(FFF,true):format(jpg)/d2lnr5mha7bycj.cloudfront.net/product-image/file/large_4923abac-01ce-4bf4-8de6-e2cb30478bcf.png,"
Fresh Thyme Market,Organic Honeycrisp Apple,$1.16 ,each (est.),$2.69 / lb,About 0.43 lb each,"['Non-GMO', 'Organic']",,"https://www.instacart.com/image-server/197x197/filters:fill(FFF,true):format(jpg)/d2lnr5mha7bycj.cloudfront.net/product-image/file/large_5af48967-f75b-46c3-a30b-5de611964054.png,"
Fresh Thyme Market,Original price: $5.39,$4.29 ,,,6 oz Package,"['Organic', 'Non-GMO']",Many in stock,"https://www.instacart.com/image-server/197x197/filters:fill(FFF,true):format(jpg)/d2lnr5mha7bycj.cloudfront.net/product-image/file/large_46b5fd1a-a475-4fc9-932a-1db80fd4c5cf.png,"
Fresh Thyme Market,Original price: $4.29,$3.29 ,,,6 oz container,[],Many in stock,"https://www.instacart.com/image-server/197x197/filters:fill(FFF,true):format(jpg)/d2lnr5mha7bycj.cloudfront.net/product-image/file/large_ec401b48-ca48-4bf4-a969-241c6a68d921.png,"
Fresh Thyme Market,Original price: $10.68,$8.19 ,/pkg (est.),$3.29 / lb,About 2.49 lb / package,[],,"https://www.instacart.com/image-server/197x197/filters:fill(FFF,true):format(jpg)/d2lnr5mha7bycj.cloudfront.net/product-image/file/large_403632e9-ba28-4000-ae68-f66aa02e8e1e.png,"
Fresh Thyme Market,Large Hass Avocados,$2.69 ,,,1 each,[],Many in stock,"https://www.instacart.com/image-server/197x197/filters:fill(FFF,true):format(jpg)/d2lnr5mha7bycj.cloudfront.net/product-image/file/large_5311af99-b199-415d-9f54-13701df3c112.png,"
Fresh Thyme Market,Lemon,$1.09 ,,,1 each,[],Many in stock,"https://www.instacart.com/image-server/197x197/filters:fill(FFF,true):format(jpg)/d2lnr5mha7bycj.cloudfront.net/product-image/file/large_32d76aa6-6676-470d-81ee-24a2e73550c5.png,"
Fresh Thyme Market,Lemon,$4.29 ,,,2 lb bag,[],Many in stock,"https://www.instacart.com/image-server/197x197/filters:fill(FFF,true):format(jpg)/d2lnr5mha7bycj.cloudfront.net/product-image/file/large_e576a716-ebd9-4d84-91a1-1034ae7b6356.png,"
Fresh Thyme Market,Red Mango,$2.19 ,,,1 ct,[],Many in stock,"https://www.instacart.com/image-server/197x197/filters:fill(FFF,true):format(jpg)/d2lnr5mha7bycj.cloudfront.net/product-image/file/large_3a7bffa9-952a-421e-8dad-0ce3b7089e9a.png,"
Fresh Thyme Market,Original price: $7.59,$5.39 ,,,2 lb container,[],,"https://www.instacart.com/image-server/197x197/filters:fill(FFF,true):format(jpg)/d2lnr5mha7bycj.cloudfront.net/product-image/file/large_4ab32a65-a8a1-443c-b6d5-3e5f26d49907.png,"
Fresh Thyme Market,Plum,$1.03 ,each (est.),$3.29 / lb,About 0.31 lb each,[],,"https://www.instacart.com/image-server/197x197/filters:fill(FFF,true):format(jpg)/d2lnr5mha7bycj.cloudfront.net/product-image/file/large_1bd33d36-5dfe-4440-916f-7386150d75c7.png,"
Fresh Thyme Market,Organic Clementine,$7.59 ,,,2 lb bag,"['Organic', 'Non-GMO']",,"https://www.instacart.com/image-server/197x197/filters:fill(FFF,true):format(jpg)/d2lnr5mha7bycj.cloudfront.net/product-image/file/large_4cc018c3-0666-40bc-a50c-3973f9c466d7.png,"
Fresh Thyme Market,Organic Blueberries Package,$5.39 ,,,1 pint container,"['Organic', 'Non-GMO']",,"https://www.instacart.com/image-server/197x197/filters:fill(FFF,true):format(jpg)/d2lnr5mha7bycj.cloudfront.net/product-image/file/large_c11083dc-a7b5-4c0b-a1ee-86b01f50b736.png,"
Fresh Thyme Market,Yellow Peach,$1.22 ,each (est.),$3.29 / lb,About 0.37 lb each,[],,"https://www.instacart.com/image-server/197x197/filters:fill(FFF,true):format(jpg)/d2lnr5mha7bycj.cloudfront.net/product-image/file/large_2599f9a8-fd15-469f-83fc-5ce2ecf4cdc3.png,"
Fresh Thyme Market,Fresh Thyme Market Pineapple Chunks,$6.49 ,,,20 oz,[],Many in stock,"https://www.instacart.com/image-server/197x197/filters:fill(FFF,true):format(jpg)/d2lnr5mha7bycj.cloudfront.net/product-image/file/large_c48af219-5b19-4547-8025-9777e6041d1f.png,"
Fresh Thyme Market,Organic Red Seedless Grapes,$8.68 ,/pkg (est.),$5.39 / lb,About 1.61 lb / package,"['Organic', 'Non-GMO']",,"https://www.instacart.com/image-server/197x197/filters:fill(FFF,true):format(jpg)/d2lnr5mha7bycj.cloudfront.net/product-image/file/large_0e44c884-ee73-4352-b490-cc9620bf4f2f.png,"
Fresh Thyme Market,Organic Honeycrisp Apple,$6.49 ,,,2 lb bag,"['Non-GMO', 'Organic']",,"https://www.instacart.com/image-server/197x197/filters:fill(FFF,true):format(jpg)/d2lnr5mha7bycj.cloudfront.net/product-image/file/large_512d49b8-f906-46d6-a710-b19950995900.png,"
Fresh Thyme Market,Organic Green Seedless Grapes,$11.43 ,/pkg (est.),$5.39 / lb,About 2.12 lb / package,"['Organic', 'Non-GMO']",,"https://www.instacart.com/image-server/197x197/filters:fill(FFF,true):format(jpg)/d2lnr5mha7bycj.cloudfront.net/product-image/file/large_61d0c8b4-671e-4828-8f71-bc1e9a279549.png,"
Fresh Thyme Market,Cantaloupe,$3.29 ,,,,[],Many in stock,"https://www.instacart.com/image-server/197x197/filters:fill(FFF,true):format(jpg)/d2lnr5mha7bycj.cloudfront.net/product-image/file/large_a8cf4076-61e2-4f40-96da-18dac6f42a14.png,"
Fresh Thyme Market,Honeycrisp Apple,$1.05 ,each (est.),$2.19 / lb,About 0.48 lb each,[],,"https://www.instacart.com/image-server/197x197/filters:fill(FFF,true):format(jpg)/d2lnr5mha7bycj.cloudfront.net/product-image/file/large_b11a95cd-6c86-46bd-8d0e-de0b6e6e91df.png,"
Fresh Thyme Market,Bartlett Pear,$0.91 ,each (est.),$2.19 / lb,About 0.42 lb each,[],,"https://www.instacart.com/image-server/197x197/filters:fill(FFF,true):format(jpg)/d2lnr5mha7bycj.cloudfront.net/product-image/file/large_4ffc5e8e-4f55-4b32-8c3c-257b33552489.png,"
Fresh Thyme Market,Original price: $8.15,$6.25 ,/pkg (est.),$3.29 / lb,About 1.9 lb / package,[],,"https://www.instacart.com/image-server/197x197/filters:fill(FFF,true):format(jpg)/d2lnr5mha7bycj.cloudfront.net/product-image/file/large_985551d5-43a7-4b0d-ac24-f1c48e413242.png,"
Fresh Thyme Market,Dragonfruit (Pitaya),$3.47 ,each (est.),$4.29 / lb,About 0.81 lb each,[],,"https://www.instacart.com/image-server/197x197/filters:fill(FFF,true):format(jpg)/d2lnr5mha7bycj.cloudfront.net/product-image/file/large_41670a1c-4b8f-41a3-bc45-89dfe2377bce.png,"
Fresh Thyme Market,Gala Apple,$1.10 ,/pkg (est.),$2.19 / lb,About 0.5 lb / package,[],,"https://www.instacart.com/image-server/197x197/filters:fill(FFF,true):format(jpg)/d2lnr5mha7bycj.cloudfront.net/product-image/file/large_bc5c1611-c939-4d37-8b20-7efb603947b0.png,"
Fresh Thyme Market,Green Kiwi,$0.79 ,,,,[],Many in stock,"https://www.instacart.com/image-server/197x197/filters:fill(FFF,true):format(jpg)/d2lnr5mha7bycj.cloudfront.net/product-image/file/large_ec124926-4143-4bdb-add7-dea271d4ec88.png,"
Fresh Thyme Market,Organic Lime,$1.69 ,,,1 ct,"['Organic', 'Non-GMO']",,"https://www.instacart.com/image-server/197x197/filters:fill(FFF,true):format(jpg)/d2lnr5mha7bycj.cloudfront.net/product-image/file/large_362e631f-a630-4e0c-9547-a4a1f08b7a91.png,"
Fresh Thyme Market,Original price: $1.52,$0.69 ,each (est.),$0.99 / lb,About 0.7 lb each,[],,"https://www.instacart.com/image-server/197x197/filters:fill(FFF,true):format(jpg)/d2lnr5mha7bycj.cloudfront.net/product-image/file/large_dd287d2f-b2af-47b1-9003-900942cf53bc.png,"
Fresh Thyme Market,Organic Gala Apple,$4.29 ,,,2 lb bag,"['Non-GMO', 'Organic']",,"https://www.instacart.com/image-server/197x197/filters:fill(FFF,true):format(jpg)/d2lnr5mha7bycj.cloudfront.net/product-image/file/large_58a565c9-9b1c-4a8e-9fad-25393968b6e9.png,"
Fresh Thyme Market,Original price: $1.69,$1.09 ,,,1 each,[],Many in stock,"https://www.instacart.com/image-server/197x197/filters:fill(FFF,true):format(jpg)/d2lnr5mha7bycj.cloudfront.net/product-image/file/large_36af0efa-d93d-4c34-88d0-632dfb0a0542.png,"
Fresh Thyme Market,Roma Tomato,$0.49 ,each (est.),$2.19 / lb,About 0.22 lb each,[],,"https://www.instacart.com/image-server/197x197/filters:fill(FFF,true):format(jpg)/d2lnr5mha7bycj.cloudfront.net/product-image/file/large_618ecd8d-4578-40fc-a60a-31befc995aa8.png,"
Fresh Thyme Market,Original price: $2.19,$1.39 ,,,"Original price: $2.19
$2.19",[],Many in stock,"https://www.instacart.com/image-server/197x197/filters:fill(FFF,true):format(jpg)/d2lnr5mha7bycj.cloudfront.net/product-image/file/large_577cb8a7-dba4-424d-a178-c56d73338427.png,"
Fresh Thyme Market,Original price: $4.29,$3.29 ,,,1.5 lb,[],Many in stock,"https://www.instacart.com/image-server/197x197/filters:fill(FFF,true):format(jpg)/d2lnr5mha7bycj.cloudfront.net/product-image/file/large_51f1f63c-7f94-411b-a286-ed63f81247f6.png,"
Fresh Thyme Market,Original price: $1.81,$1.17 ,each (est.),$1.09 / lb,About 1.07 lb each,[],,"https://www.instacart.com/image-server/197x197/filters:fill(FFF,true):format(jpg)/d2lnr5mha7bycj.cloudfront.net/product-image/file/large_4b8a30e1-982e-4d55-8100-a9ec2132bde7.png,"
Fresh Thyme Market,Cilantro,$1.09 ,,,1 ct,[],Many in stock,"https://www.instacart.com/image-server/197x197/filters:fill(FFF,true):format(jpg)/d2lnr5mha7bycj.cloudfront.net/product-image/file/large_82597e8d-57d3-468e-b88c-64a6a832e498.png,"
Fresh Thyme Market,Broccoli Crown,$1.55 ,each (est.),$2.19 / lb,About 0.71 lb each,[],,"https://www.instacart.com/image-server/197x197/filters:fill(FFF,true):format(jpg)/d2lnr5mha7bycj.cloudfront.net/product-image/file/large_2631b361-6449-4c67-baa4-5ee4e75075cd.png,"
Fresh Thyme Market,Sweet Potato (Yam),$1.08 ,each (est.),$1.39 / lb,About 0.78 lb each,[],,"https://www.instacart.com/image-server/197x197/filters:fill(FFF,true):format(jpg)/d2lnr5mha7bycj.cloudfront.net/product-image/file/large_a0360403-b6c9-4211-8021-a3fa2ea3e281.png,"
Fresh Thyme Market,Green Onions (Scallions),$1.09 ,,,1 bunch,[],,"https://www.instacart.com/image-server/197x197/filters:fill(FFF,true):format(jpg)/d2lnr5mha7bycj.cloudfront.net/product-image/file/large_9891f79e-47b5-40bf-b995-ba1eaa38049e.png,"
Fresh Thyme Market,Garlic,$0.79 ,,,1 each,[],,"https://www.instacart.com/image-server/197x197/filters:fill(FFF,true):format(jpg)/d2lnr5mha7bycj.cloudfront.net/product-image/file/large_b05ff317-0c13-4e50-ba7b-1e4f571a6795.png,"
Fresh Thyme Market,Original price: $2.69,$2.19 ,,,12 oz,"['In season', 'Organic']",Many in stock,"https://www.instacart.com/image-server/197x197/filters:fill(FFF,true):format(jpg)/d2lnr5mha7bycj.cloudfront.net/product-image/file/large_061bc62d-6b9b-496f-aafc-85827f7376d5.png,"
Fresh Thyme Market,Sweet Onion,$1.33 ,each (est.),$1.69 / lb,About 0.79 lb each,[],,"https://www.instacart.com/image-server/197x197/filters:fill(FFF,true):format(jpg)/d2lnr5mha7bycj.cloudfront.net/product-image/file/large_3a4e955a-53a2-4f98-9884-75ecc8c85cda.png,"
Fresh Thyme Market,Original price: $4.29,$3.29 ,,,1 lb,[],Many in stock,"https://www.instacart.com/image-server/197x197/filters:fill(FFF,true):format(jpg)/d2lnr5mha7bycj.cloudfront.net/product-image/file/large_bbe10fc7-5b30-4c53-9b9a-58dc5aec9a39.png,"
Fresh Thyme Market,Original price: $2.19,$1.09 ,,,1 ct,[],Many in stock,"https://www.instacart.com/image-server/197x197/filters:fill(FFF,true):format(jpg)/d2lnr5mha7bycj.cloudfront.net/product-image/file/large_1e9fe404-8fdb-4a75-9c16-666d43d13b99.png,"
Fresh Thyme Market,NatureSweet Cherubs Heavenly Salad Tomatoes,$4.29 ,,,10 oz,[],Many in stock,"https://www.instacart.com/image-server/197x197/filters:fill(FFF,true):format(jpg)/d2lnr5mha7bycj.cloudfront.net/product-image/file/large_b74bc25d-b569-464a-a44f-8a0d5d2d2c29.png,"
Fresh Thyme Market,Red Onion,$1.42 ,each (est.),$1.89 / lb,About 0.75 lb each,[],,"https://www.instacart.com/image-server/197x197/filters:fill(FFF,true):format(jpg)/d2lnr5mha7bycj.cloudfront.net/product-image/file/large_da1a5c21-acb7-4c3b-9e84-684b710c40b2.png,"
Fresh Thyme Market,Organic Cilantro,$1.69 ,,,1 ct,"['Non-GMO', 'Organic']",Many in stock,"https://www.instacart.com/image-server/197x197/filters:fill(FFF,true):format(jpg)/d2lnr5mha7bycj.cloudfront.net/product-image/file/large_22814842-b6fb-4e85-a426-8b42eff18c9e.png,"
Fresh Thyme Market,Organic Celery,$2.19 ,,,1 ct,"['Organic', 'Non-GMO']",Many in stock,"https://www.instacart.com/image-server/197x197/filters:fill(FFF,true):format(jpg)/d2lnr5mha7bycj.cloudfront.net/product-image/file/large_d9131eb1-c8c1-4711-ba56-1f4696016fde.png,"
Fresh Thyme Market,Zucchini Squash,$0.99 ,each (est.),$2.19 / lb,About 0.45 lb each,[],,"https://www.instacart.com/image-server/197x197/filters:fill(FFF,true):format(jpg)/d2lnr5mha7bycj.cloudfront.net/product-image/file/large_6a161547-1e96-46df-a4af-bea04c12db56.png,"
Fresh Thyme Market,Organic Cucumber,$2.19 ,,,1 ct,"['Organic', 'Non-GMO']",,"https://www.instacart.com/image-server/197x197/filters:fill(FFF,true):format(jpg)/d2lnr5mha7bycj.cloudfront.net/product-image/file/large_1dce7626-b172-45ed-847c-fd47957cca8a.png,"
Fresh Thyme Market,Original price: $0.36,$0.18 ,/pkg (est.),$1.09 / lb,About 0.16 lb / package,[],,"https://www.instacart.com/image-server/197x197/filters:fill(FFF,true):format(jpg)/d2lnr5mha7bycj.cloudfront.net/product-image/file/large_8810eb6e-06ee-4244-9205-f1af505277e0.png,"
Fresh Thyme Market,Organic Green Onions (Scallions),$1.69 ,,,1 bunch,"['Organic', 'Non-GMO']",Many in stock,"https://www.instacart.com/image-server/197x197/filters:fill(FFF,true):format(jpg)/d2lnr5mha7bycj.cloudfront.net/product-image/file/large_47e08866-194a-479c-9389-ee4a010998a3.png,"
Fresh Thyme Market,Original price: $4.29,$3.29 ,,,5 oz container,"['Organic', 'Non-GMO']",,"https://www.instacart.com/image-server/197x197/filters:fill(FFF,true):format(jpg)/d2lnr5mha7bycj.cloudfront.net/product-image/file/large_f2c498eb-efcb-46e0-8b54-3481ab17bf50.png,"
Fresh Thyme Market,Organic Green Bell Pepper,$1.69 ,,,1 ct,"['Organic', 'Non-GMO']",Many in stock,"https://www.instacart.com/image-server/197x197/filters:fill(FFF,true):format(jpg)/d2lnr5mha7bycj.cloudfront.net/product-image/file/large_831a6ae6-1a2c-44e2-bc9d-0c687ba02cb9.png,"
Fresh Thyme Market,Organic Spinach,$6.49 ,,,1 lb,"['Organic', 'Non-GMO']",Many in stock,"https://www.instacart.com/image-server/197x197/filters:fill(FFF,true):format(jpg)/d2lnr5mha7bycj.cloudfront.net/product-image/file/large_8018410b-9c95-41b3-9673-0124fbd70fbb.png,"
Fresh Thyme Market,Organic Carrot Bag,$1.69 ,,,1 lb bag,"['In season', 'Non-GMO']",Many in stock,"https://www.instacart.com/image-server/197x197/filters:fill(FFF,true):format(jpg)/d2lnr5mha7bycj.cloudfront.net/product-image/file/large_5dced2d3-248a-41f2-b8a1-a20f1ec9b5f9.png,"
Fresh Thyme Market,Organic Zucchini Squash,$1.01 ,each (est.),$2.19 / lb,About 0.46 lb each,"['Organic', 'Non-GMO']",,"https://www.instacart.com/image-server/197x197/filters:fill(FFF,true):format(jpg)/d2lnr5mha7bycj.cloudfront.net/product-image/file/large_76faabe6-f3cd-4db1-bec7-b322e6b4048b.png,"
Fresh Thyme Market,Original price: $2.99,$2.19 ,,,8 oz container,"['Organic', 'Non-GMO']",Many in stock,"https://www.instacart.com/image-server/197x197/filters:fill(FFF,true):format(jpg)/d2lnr5mha7bycj.cloudfront.net/product-image/file/large_024a4884-b510-497d-8586-7d88f9afb940.png,"
Fresh Thyme Market,"Grimmway Farms Carrots, Organic, Shredded",$2.19 ,,,10 oz bag,"['In season', 'Organic']",,"https://www.instacart.com/image-server/197x197/filters:fill(FFF,true):format(jpg)/d2lnr5mha7bycj.cloudfront.net/product-image/file/large_457eaec2-c157-4bbc-8242-cc3b4e89ba68.png,"
Fresh Thyme Market,Yellow Onion,$1.10 ,each (est.),$1.39 / lb,About 0.79 lb each,[],,"https://www.instacart.com/image-server/197x197/filters:fill(FFF,true):format(jpg)/d2lnr5mha7bycj.cloudfront.net/product-image/file/large_855659de-602c-4cb6-97a0-e6d5739a664b.png,"
Fresh Thyme Market,Original price: $2.69,$2.19 ,,,8 oz,['Organic'],Many in stock,"https://www.instacart.com/image-server/197x197/filters:fill(FFF,true):format(jpg)/d2lnr5mha7bycj.cloudfront.net/product-image/file/large_4d283f9a-05a2-4523-a4a7-e7514eda2091.png,"
Fresh Thyme Market,Original price: $2.69,$2.19 ,,,2 lb bag,"['In season', 'Non-GMO']",Many in stock,"https://www.instacart.com/image-server/197x197/filters:fill(FFF,true):format(jpg)/d2lnr5mha7bycj.cloudfront.net/product-image/file/large_cca5105e-9e22-4afd-abdd-68008cd03aa6.png,"
Fresh Thyme Market,Original price: $4.29,$3.29 ,,,"Original price: $4.29
$4.29","['Organic', 'Non-GMO']",Many in stock,"https://www.instacart.com/image-server/197x197/filters:fill(FFF,true):format(jpg)/d2lnr5mha7bycj.cloudfront.net/product-image/file/large_7660ba91-47d2-4e56-b72e-957321781ff6.png,"
Fresh Thyme Market,Organic Romaine Lettuce,$3.29 ,,,1 ct,"['Organic', 'Non-GMO']",,"https://www.instacart.com/image-server/197x197/filters:fill(FFF,true):format(jpg)/d2lnr5mha7bycj.cloudfront.net/product-image/file/large_9e4aa672-46a5-4663-9542-06a1019f96db.png,"
Fresh Thyme Market,Original price: $2.19,$1.69 ,,,"Original price: $2.19
$2.19",[],Many in stock,"https://www.instacart.com/image-server/197x197/filters:fill(FFF,true):format(jpg)/d2lnr5mha7bycj.cloudfront.net/product-image/file/large_0b924f1d-729c-4bfe-8eae-2214794f88a9.png,"
Fresh Thyme Market,Organic Broccoli,$3.29 ,,,1 ct,"['Non-GMO', 'Organic']",,"https://www.instacart.com/image-server/197x197/filters:fill(FFF,true):format(jpg)/d2lnr5mha7bycj.cloudfront.net/product-image/file/large_50d9b3db-38fc-4519-8cd0-1f53017c6d5e.png,"
Fresh Thyme Market,Fresh Express Spinach,$2.69 ,,,8 oz,['Non-GMO'],,"https://www.instacart.com/image-server/197x197/filters:fill(FFF,true):format(jpg)/d2lnr5mha7bycj.cloudfront.net/product-image/file/large_1742e3f0-22c9-4221-981d-5c042c9886f2.png,"
Fresh Thyme Market,"Chobani Yogurt, Greek, Low-Fat, Key Lime, Blended",$1.69 ,,,5.3 oz,[],,"https://www.instacart.com/image-server/197x197/filters:fill(FFF,true):format(jpg)/d2lnr5mha7bycj.cloudfront.net/product-image/file/large_bc5b9724-2c78-4a21-b48f-c51af4f86efd.png,"
Fresh Thyme Market,"Chobani Yogurt, Greek, Nonfat, Zero Sugar, Vanilla Flavored",$1.79 ,,,5.3 oz,[],Many in stock,"https://www.instacart.com/image-server/197x197/filters:fill(FFF,true):format(jpg)/d2lnr5mha7bycj.cloudfront.net/product-image/file/large_ccec7a97-eb4e-4924-aa72-aa5d592f4119.png,"
Fresh Thyme Market,"Chobani Yogurt, Low-Fat, Greek, Strawberry Banana on the Bottom",$1.69 ,,,5.3 oz,[],,"https://www.instacart.com/image-server/197x197/filters:fill(FFF,true):format(jpg)/d2lnr5mha7bycj.cloudfront.net/product-image/file/large_2334f18d-794c-4842-a198-08cb62e9daeb.png,"
Fresh Thyme Market,Original price: $2.39,$2.19 ,,,3.2 oz,"['Organic', 'Vegan']",,"https://www.instacart.com/image-server/197x197/filters:fill(FFF,true):format(jpg)/d2lnr5mha7bycj.cloudfront.net/product-image/file/large_170e6515-73aa-4583-a732-8a2a0ab7818a.png,"
Fresh Thyme Market,"Chobani Yogurt, Greek, Nonfat, Peach on the Bottom",$1.69 ,,,5.3 oz,[],,"https://www.instacart.com/image-server/197x197/filters:fill(FFF,true):format(jpg)/d2lnr5mha7bycj.cloudfront.net/product-image/file/large_f1c0fa7d-58b4-4adb-9d5b-7894360aa714.png,"
Fresh Thyme Market,Fresh Thyme Market Original Nonfat Greek Yogurt,$4.29 ,,,24 oz,[],,"https://www.instacart.com/image-server/197x197/filters:fill(FFF,true):format(jpg)/d2lnr5mha7bycj.cloudfront.net/product-image/file/large_4e8f1c1b-c462-4ec8-ba26-02f57c462323.png,"
Fresh Thyme Market,Original price: $7.29,$5.39 ,,,24 oz,"['Vegan', 'Organic']",,"https://www.instacart.com/image-server/197x197/filters:fill(FFF,true):format(jpg)/d2lnr5mha7bycj.cloudfront.net/product-image/file/large_d5a7eb32-6baa-4771-a7f5-967ff7e59b6d.png,"
Fresh Thyme Market,Stonyfield Organic Whole Milk Vanilla Yogurt,$2.19 ,,,5.3 oz,['Organic'],,"https://www.instacart.com/image-server/197x197/filters:fill(FFF,true):format(jpg)/d2lnr5mha7bycj.cloudfront.net/product-image/file/large_fc661b04-0d83-4b2d-bc44-43727d80207c.jpg,"
Fresh Thyme Market,Noosa Vanilla Blended Yoghurt,$1.69 ,,,6 oz,[],,"https://www.instacart.com/image-server/197x197/filters:fill(FFF,true):format(jpg)/d2lnr5mha7bycj.cloudfront.net/product-image/file/large_98c252b2-2cd5-494a-9554-6a8de1114c41.jpg,"
Fresh Thyme Market,"Siggi's Icelandic Skyr Nonfat Yogurt, Plain",$6.49 ,,,24 oz,['Grass-Fed'],,"https://www.instacart.com/image-server/197x197/filters:fill(FFF,true):format(jpg)/d2lnr5mha7bycj.cloudfront.net/product-image/file/large_ca974c76-9507-4076-acdd-e4b83601e9bc.png,"
Fresh Thyme Market,"Forager Project Cashewmilk Yogurt, Dairy-Free, Organic, Vanilla Bean, Probiotic",$6.49 ,,,24 oz,"['Vegan', 'Organic']",Many in stock,"https://www.instacart.com/image-server/197x197/filters:fill(FFF,true):format(jpg)/d2lnr5mha7bycj.cloudfront.net/product-image/file/large_47cc0f94-20b3-4ed2-90b7-3c7e385f2b30.png,"
Fresh Thyme Market,"cocojune Cultured Coconut, Organic, Pure Coconut",$2.69 ,,,4 oz,"['Vegan', 'Organic']",,"https://www.instacart.com/image-server/197x197/filters:fill(FFF,true):format(jpg)/d2lnr5mha7bycj.cloudfront.net/product-image/file/large_642d29ce-d579-4c1e-99db-30d46973521e.png,"
Fresh Thyme Market,Original price: $7.29,$5.39 ,,,28 fl oz,"['Vegan', 'Organic']",,"https://www.instacart.com/image-server/197x197/filters:fill(FFF,true):format(jpg)/d2lnr5mha7bycj.cloudfront.net/product-image/file/large_c757fe77-97cc-43ac-983b-3629bef0885a.png,"
Fresh Thyme Market,Brown Cow® Cream Top Whole Milk Yogurt Maple,$1.39 ,,,5 oz,[],,"https://www.instacart.com/image-server/197x197/filters:fill(FFF,true):format(jpg)/d2lnr5mha7bycj.cloudfront.net/product-image/file/large_7253e71c-c021-4b0e-9ed4-30def6403591.png,"
Fresh Thyme Market,"cocojune Cultured Coconut, Organic, Strawberry Rhubarb",$2.69 ,,,4 oz,"['Vegan', 'Organic']",Many in stock,"https://www.instacart.com/image-server/197x197/filters:fill(FFF,true):format(jpg)/d2lnr5mha7bycj.cloudfront.net/product-image/file/large_b998133a-dee0-46f5-b006-806565c8f49b.png,"
Fresh Thyme Market,Stonyfield Organic Lowfat Yogurt Tubes Strawberry,$5.99 ,,,8 ct,['Organic'],,"https://www.instacart.com/image-server/197x197/filters:fill(FFF,true):format(jpg)/d2lnr5mha7bycj.cloudfront.net/product-image/file/large_9c663a62-b427-4067-b9b8-2bbbc8512bb6.jpg,"
Fresh Thyme Market,"Culina Plain & Simple, Dairy-Free Yogurt",$4.89 ,,,5 oz,"['Vegan', 'Keto']",Many in stock,"https://www.instacart.com/image-server/197x197/filters:fill(FFF,true):format(jpg)/d2lnr5mha7bycj.cloudfront.net/product-image/file/large_ae78163b-f6ce-4720-8014-b5f1b1f75778.png,"
Fresh Thyme Market,"Forager Project Cashewmilk Yogurt, Organic, Vanilla Bean, Probiotic",$2.39 ,,,5.3 oz,"['Vegan', 'Organic']",,"https://www.instacart.com/image-server/197x197/filters:fill(FFF,true):format(jpg)/d2lnr5mha7bycj.cloudfront.net/product-image/file/large_1b40b9df-b63e-4d6b-b8d4-98665494c587.png,"
Fresh Thyme Market,"cocojune Cultured Coconut, Organic, Vanilla Chamomile",$2.69 ,,,4 oz,"['Vegan', 'Organic']",,"https://www.instacart.com/image-server/197x197/filters:fill(FFF,true):format(jpg)/d2lnr5mha7bycj.cloudfront.net/product-image/file/large_ddbdf715-0960-4d2a-97df-a8828970ad19.png,"
Fresh Thyme Market,"Forager Project Cashewmilk Yogurt, Organic, Blueberry, Probiotic",$2.39 ,,,5.3 oz,"['Vegan', 'Organic']",,"https://www.instacart.com/image-server/197x197/filters:fill(FFF,true):format(jpg)/d2lnr5mha7bycj.cloudfront.net/product-image/file/large_b3ab7a6b-d15a-43a5-bdf0-9cfa1725977b.png,"
Fresh Thyme Market,"Silk Dark Chocolate Coconut Dairy Free, Almond Milk Plant Based Yogurt Alternative Co",$2.69 ,,,5.3 oz,['Vegan'],,"https://www.instacart.com/image-server/197x197/filters:fill(FFF,true):format(jpg)/d2lnr5mha7bycj.cloudfront.net/product-image/file/large_4a89126d-57cf-4789-a067-db05e8077001.jpg,"
Fresh Thyme Market,"Forager Project Cashewmilk Yogurt, Organic, Peach, Probiotic",$2.39 ,,,5.3 oz,"['Vegan', 'Organic']",,"https://www.instacart.com/image-server/197x197/filters:fill(FFF,true):format(jpg)/d2lnr5mha7bycj.cloudfront.net/product-image/file/large_d0e76efe-9029-4144-b2f7-a89590d90454.png,"
Fresh Thyme Market,Stonyfield Organic Whole Milk Yogurt Pouch Pear Spinach Mango,$1.99 ,,,4 oz,['Organic'],,"https://www.instacart.com/image-server/197x197/filters:fill(FFF,true):format(jpg)/d2lnr5mha7bycj.cloudfront.net/product-image/file/large_628eaf4f-dc25-439b-b22b-cdd3ae768773.jpg,"
Fresh Thyme Market,Brown Cow® Cream Top Whole Milk Yogurt Strawberry on the Bottom,$1.39 ,,,5 oz,[],,"https://www.instacart.com/image-server/197x197/filters:fill(FFF,true):format(jpg)/d2lnr5mha7bycj.cloudfront.net/product-image/file/large_c5ad32c0-6c09-44a5-b4b8-efce56f26aa2.png,"
Fresh Thyme Market,Stonyfield Organic Kids Blueberry & Strawberry Vanilla Lowfat Yogurt Variety Pac,$6.19 ,,,6 x 4 oz,['Organic'],,"https://www.instacart.com/image-server/197x197/filters:fill(FFF,true):format(jpg)/d2lnr5mha7bycj.cloudfront.net/product-image/file/large_75ac15ef-830f-4fa0-9434-0dd95c2648d0.jpg,"
Fresh Thyme Market,Original price: $1.99,$1.39 ,,,4.4 oz,['Grass-Fed'],,"https://www.instacart.com/image-server/197x197/filters:fill(FFF,true):format(jpg)/d2lnr5mha7bycj.cloudfront.net/product-image/file/large_c57bdd4e-2137-4fe6-acda-4e141aa9f960.png,"
Fresh Thyme Market,Stonyfield Organic Lowfat Yogurt Pouch Strawberry,$2.19 ,,,4 oz,['Organic'],,"https://www.instacart.com/image-server/197x197/filters:fill(FFF,true):format(jpg)/d2lnr5mha7bycj.cloudfront.net/product-image/file/large_e3599d3c-7b42-4fac-9398-14a13263eec0.jpg,"
Fresh Thyme Market,"Chobani Yogurt, Greek, Non-Fat, Strawberry on the Bottom",$1.69 ,,,5.3 oz,[],,"https://www.instacart.com/image-server/197x197/filters:fill(FFF,true):format(jpg)/d2lnr5mha7bycj.cloudfront.net/product-image/file/large_5597efe1-7f7d-4c80-af29-8fb5bd4dcae0.png,"
Fresh Thyme Market,Original price: $5.39,$4.29 ,,,32 oz,['Organic'],,"https://www.instacart.com/image-server/197x197/filters:fill(FFF,true):format(jpg)/d2lnr5mha7bycj.cloudfront.net/product-image/file/large_ce4296da-c872-4ee7-abfb-383fdd11e6aa.jpg,"
Fresh Thyme Market,Original price: $1.99,$1.39 ,,,5.3 oz,[],,"https://www.instacart.com/image-server/197x197/filters:fill(FFF,true):format(jpg)/d2lnr5mha7bycj.cloudfront.net/product-image/file/large_60a990c7-645b-4899-8d97-7a18648f3c91.jpg,"
Fresh Thyme Market,FAGE Total Lowfat Greek Strained Yogurt 2% Milkfat,$8.09 ,,,35.3 oz,[],,"https://www.instacart.com/image-server/197x197/filters:fill(FFF,true):format(jpg)/d2lnr5mha7bycj.cloudfront.net/product-image/file/large_bc37fca6-f04d-4011-8412-aa7105f9a581.png,"
Fresh Thyme Market,So Delicious Dairy Free Coconutmilk Unsweetened Vanilla Yogurt Alternative,$6.99 ,,,24 oz,"['Vegan', 'Organic']",,"https://www.instacart.com/image-server/197x197/filters:fill(FFF,true):format(jpg)/d2lnr5mha7bycj.cloudfront.net/product-image/file/large_3818b04e-1915-4858-88e6-35b7b40d9cef.jpg,"
Fresh Thyme Market,"Greek Gods Yogurt, Greek, Honey",$5.39 ,,,24 oz,[],,"https://www.instacart.com/image-server/197x197/filters:fill(FFF,true):format(jpg)/d2lnr5mha7bycj.cloudfront.net/product-image/file/large_10f953a1-d91e-4037-9a94-8525add41eb3.jpg,"
Fresh Thyme Market,"FAGE Yogurt, Greek, Nonfat, Strained",$8.09 ,,,32 oz,[],Many in stock,"https://www.instacart.com/image-server/197x197/filters:fill(FFF,true):format(jpg)/d2lnr5mha7bycj.cloudfront.net/product-image/file/large_2937df8b-538d-4d43-a112-410d62861ca6.png,"
Fresh Thyme Market,"Forager Project Cashewmilk Yogurt, Organic, Strawberry, Probiotic",$2.39 ,,,5.3 oz,"['Vegan', 'Organic']",,"https://www.instacart.com/image-server/197x197/filters:fill(FFF,true):format(jpg)/d2lnr5mha7bycj.cloudfront.net/product-image/file/large_ef52d916-ba7b-4bfb-83a6-ec0e36553994.png,"
Fresh Thyme Market,"Siggi's siggi’s Icelandic Skyr Nonfat Yogurt, Vanilla, 24 oz.",$6.49 ,,,24 oz,['Grass-Fed'],,"https://www.instacart.com/image-server/197x197/filters:fill(FFF,true):format(jpg)/d2lnr5mha7bycj.cloudfront.net/product-image/file/large_bf2f72ce-ee25-4beb-82e1-4cdbf0023d98.jpg,"
Fresh Thyme Market,Original price: $2.19,$1.89 ,,,5.3 oz,[],Many in stock,"https://www.instacart.com/image-server/197x197/filters:fill(FFF,true):format(jpg)/d2lnr5mha7bycj.cloudfront.net/product-image/file/large_506cb09d-4557-4382-8850-ec56905704a3.png,"
Fresh Thyme Market,Stonyfield Organic 0% Grassfed Greek Whole Milk Yogurt Plain,$9.69 ,,,24 oz,"['Organic', 'Keto']",,"https://www.instacart.com/image-server/197x197/filters:fill(FFF,true):format(jpg)/d2lnr5mha7bycj.cloudfront.net/product-image/file/large_8ef415e7-9175-421e-bf94-91c13749117f.jpg,"
Fresh Thyme Market,Original price: $7.19,$6.49 ,,,24 oz,['Organic'],Many in stock,"https://www.instacart.com/image-server/197x197/filters:fill(FFF,true):format(jpg)/d2lnr5mha7bycj.cloudfront.net/product-image/file/large_c45209ec-bfdd-4d78-8373-d67674ed43aa.png,"
Fresh Thyme Market,Original price: $4.99,$4.09 ,,,4 x 4 oz,[],,"https://www.instacart.com/image-server/197x197/filters:fill(FFF,true):format(jpg)/d2lnr5mha7bycj.cloudfront.net/product-image/file/large_27d56c33-7f01-4c2f-b8c2-0bb9b5f07a86.png,"
Fresh Thyme Market,Original price: $22.59,$11.89 ,,,2 lb,[],,"https://www.instacart.com/image-server/197x197/filters:fill(FFF,true):format(jpg)/d2lnr5mha7bycj.cloudfront.net/product-image/file/large_8aa74579-2a8f-476b-bd23-47cdf488999f.png,"
Fresh Thyme Market,Applegate Naturals Naturals Chicken Nuggets,$16.19 ,,,16 oz,[],,"https://www.instacart.com/image-server/197x197/filters:fill(FFF,true):format(jpg)/d2lnr5mha7bycj.cloudfront.net/product-image/file/large_ee3bae31-640c-4844-a720-8473f2848968.png,"
Fresh Thyme Market,Perdue Gluten Free Breaded Chicken Tenders,$11.89 ,,,1.38 lb,['Gluten-Free'],,"https://www.instacart.com/image-server/197x197/filters:fill(FFF,true):format(jpg)/d2lnr5mha7bycj.cloudfront.net/product-image/file/large_b14fa5e8-8abe-4184-bb04-7b41fcd22913.jpg,"
Fresh Thyme Market,"Hilary's Veggie Burgers, Organic, World's Best, 4 Pack",$4.89 ,,,4 each,"['Gluten-Free', 'Vegan']",Many in stock,"https://www.instacart.com/image-server/197x197/filters:fill(FFF,true):format(jpg)/d2lnr5mha7bycj.cloudfront.net/product-image/file/large_15b1c862-6e46-4ae6-92f3-5a98869d6797.png,"
Fresh Thyme Market,Applegate Naturals Natural Gluten-Free Breaded Chicken Breast Tenders (Frozen),$13.99 ,,,16 oz,['Gluten-Free'],,"https://www.instacart.com/image-server/197x197/filters:fill(FFF,true):format(jpg)/d2lnr5mha7bycj.cloudfront.net/product-image/file/large_fc69f689-234d-4f39-bda4-b5a6b408d25c.png,"
Fresh Thyme Market,"Beyond Meat Beyond Breakfast Sausage, Plant-Based Breakfast Patties, Original",$5.99 ,,,7.4 oz,"['Gluten-Free', 'Vegan']",,"https://www.instacart.com/image-server/197x197/filters:fill(FFF,true):format(jpg)/d2lnr5mha7bycj.cloudfront.net/product-image/file/large_d3ee210f-07f5-48c8-b243-2b3cbdc6f12f.jpg,"
Fresh Thyme Market,"Daring Original Plant Chicken Pieces, Gluten-Free",$8.09 ,,,8 oz,"['Gluten-Free', 'Vegan']",,"https://www.instacart.com/image-server/197x197/filters:fill(FFF,true):format(jpg)/d2lnr5mha7bycj.cloudfront.net/product-image/file/large_060998a5-aea4-47d3-8da2-39d3e233c1e7.jpg,"
Fresh Thyme Market,"Sea Cuisine Salmon, Honey Chipotle",$12.89 ,,,10.5 oz,[],,"https://www.instacart.com/image-server/197x197/filters:fill(FFF,true):format(jpg)/d2lnr5mha7bycj.cloudfront.net/product-image/file/large_1f531ff8-37b8-4fc2-a5b2-5e6d636c6d74.png,"
Fresh Thyme Market,Perdue Lightly Breaded Chicken Dino Nuggets,$11.89 ,,,1.5 lb,[],Many in stock,"https://www.instacart.com/image-server/197x197/filters:fill(FFF,true):format(jpg)/d2lnr5mha7bycj.cloudfront.net/product-image/file/large_75e631ce-706d-4f9e-b238-9e1bfbd8730f.jpg,"
Fresh Thyme Market,"Sea Cuisine Salmon, Teriyaki Sesame",$12.89 ,,,9 oz,[],Many in stock,"https://www.instacart.com/image-server/197x197/filters:fill(FFF,true):format(jpg)/d2lnr5mha7bycj.cloudfront.net/product-image/file/large_57b76922-322c-4fc2-afad-2b512d4ed001.png,"
Fresh Thyme Market,Good Food Made Simple Egg White Patties,$6.99 ,,,10 oz,[],Many in stock,"https://www.instacart.com/image-server/197x197/filters:fill(FFF,true):format(jpg)/d2lnr5mha7bycj.cloudfront.net/product-image/file/large_5865dcf4-a22d-4350-86ff-d20df0215bd1.png,"
Fresh Thyme Market,Original price: $8.59,$6.49 ,,,21 oz,[],,"https://www.instacart.com/image-server/197x197/filters:fill(FFF,true):format(jpg)/d2lnr5mha7bycj.cloudfront.net/product-image/file/large_fd43971b-68c3-4836-8268-5c48b1b444b5.jpg,"
Fresh Thyme Market,"Tyson Cooked Grilled Chicken Breast Strips, Frozen",$10.79 ,,,22 oz,[],,"https://www.instacart.com/image-server/197x197/filters:fill(FFF,true):format(jpg)/d2lnr5mha7bycj.cloudfront.net/product-image/file/large_278acb74-6198-4dd3-9f74-cbdf846167ff.jpg,"
Fresh Thyme Market,Applegate Organics Organic Chicken Strips,$11.29 ,,,8 oz,[],,"https://www.instacart.com/image-server/197x197/filters:fill(FFF,true):format(jpg)/d2lnr5mha7bycj.cloudfront.net/product-image/file/large_877f70f4-ed39-4204-b822-9b76a9f063e5.png,"
Fresh Thyme Market,Original price: $8.59,$7.59 ,,,4 x 12 oz,"['Gluten-Free', 'Vegan']",Many in stock,"https://www.instacart.com/image-server/197x197/filters:fill(FFF,true):format(jpg)/d2lnr5mha7bycj.cloudfront.net/product-image/file/large_620f2e85-abb9-4597-aca0-67c2ce126ddb.png,"
Fresh Thyme Market,Original price: $10.79,$8.59 ,,,20 oz,[],,"https://www.instacart.com/image-server/197x197/filters:fill(FFF,true):format(jpg)/d2lnr5mha7bycj.cloudfront.net/product-image/file/large_cfeb7a9f-b1e4-463c-b0f5-82d1b7f762da.png,"
Fresh Thyme Market,"Beyond Meat Beyond Breakfast Sausage, Plant-Based Breakfast Patties, Spicy",$5.99 ,,,7.4 oz,"['Gluten-Free', 'Vegan']",,"https://www.instacart.com/image-server/197x197/filters:fill(FFF,true):format(jpg)/d2lnr5mha7bycj.cloudfront.net/product-image/file/large_76a5a356-4ea6-4680-b59b-3d8b908200e8.jpg,"
Fresh Thyme Market,"Hilary's Veggie Burgers, Fiesta Black Bean",$4.89 ,,,4 x 3 oz,"['Gluten-Free', 'Vegan']",,"https://www.instacart.com/image-server/197x197/filters:fill(FFF,true):format(jpg)/d2lnr5mha7bycj.cloudfront.net/product-image/file/large_67b459e4-fbc6-47f1-bc60-ba73338519e5.png,"
Fresh Thyme Market,"Beyond Meat Beyond Steak, Plant-Based Seared Tips",$9.69 ,,,10 oz,['Vegan'],,"https://www.instacart.com/image-server/197x197/filters:fill(FFF,true):format(jpg)/d2lnr5mha7bycj.cloudfront.net/product-image/file/large_08cc3426-8967-41ad-8406-4b62d0eddd9d.jpg,"
Fresh Thyme Market,Original price: $5.39,$4.69 ,,,12 oz,['Gluten-Free'],,"https://www.instacart.com/image-server/197x197/filters:fill(FFF,true):format(jpg)/d2lnr5mha7bycj.cloudfront.net/product-image/file/large_4bd91297-755d-47c5-b440-bdf19c0f57e4.png,"
Fresh Thyme Market,"Sea Cuisine Tilapia, Garlic & Herb",$12.89 ,,,9 oz,[],Many in stock,"https://www.instacart.com/image-server/197x197/filters:fill(FFF,true):format(jpg)/d2lnr5mha7bycj.cloudfront.net/product-image/file/large_8f006d88-2af1-466d-9951-bb186a04d1b9.png,"
Fresh Thyme Market,Original price: $7.59,$6.49 ,,,14.1 oz,['Vegan'],,"https://www.instacart.com/image-server/197x197/filters:fill(FFF,true):format(jpg)/d2lnr5mha7bycj.cloudfront.net/product-image/file/large_5fc092df-56c5-421e-b09a-0e043f2677b4.jpg,"
Fresh Thyme Market,Original price: $10.29,$8.59 ,,,14 oz,[],,"https://www.instacart.com/image-server/197x197/filters:fill(FFF,true):format(jpg)/d2lnr5mha7bycj.cloudfront.net/product-image/file/large_2bee6af6-6bc3-4efa-b413-96a3c05bc847.png,"
Fresh Thyme Market,"jack & annie's Buffalo Wings, Vegan, Jackfruit",$6.49 ,,,9.1 oz,['Vegan'],Many in stock,"https://www.instacart.com/image-server/197x197/filters:fill(FFF,true):format(jpg)/d2lnr5mha7bycj.cloudfront.net/product-image/file/large_db81a590-b65d-42ef-9b22-f13975336688.png,"
Fresh Thyme Market,Original price: $6.99,$5.39 ,,,4 x 2.5 oz,['Vegan'],Many in stock,"https://www.instacart.com/image-server/197x197/filters:fill(FFF,true):format(jpg)/d2lnr5mha7bycj.cloudfront.net/product-image/file/large_9cf45d22-4e3b-4c6a-9b54-4ebf8fe5d875.png,"
Fresh Thyme Market,Original price: $23.69,$17.19 ,,,2 lb,[],,"https://www.instacart.com/image-server/197x197/filters:fill(FFF,true):format(jpg)/d2lnr5mha7bycj.cloudfront.net/product-image/file/large_40a3a9db-143d-422f-addd-e4dd614e5b02.png,"
Fresh Thyme Market,Original price: $6.49,$5.99 ,,,13.8 oz,"['Gluten-Free', 'Vegan']",,"https://www.instacart.com/image-server/197x197/filters:fill(FFF,true):format(jpg)/d2lnr5mha7bycj.cloudfront.net/product-image/file/large_89f2d520-1d3b-426e-82d9-ad6465514732.jpg,"
Fresh Thyme Market,Kidfresh Chicken meatballs with a blend of vegetables.,$13.99 ,,,16.45 oz,[],,"https://www.instacart.com/image-server/197x197/filters:fill(FFF,true):format(jpg)/d2lnr5mha7bycj.cloudfront.net/product-image/file/large_596a5b13-3149-4d4d-a5b1-d27a01ad88c9.png,"
Fresh Thyme Market,Applegate Naturals Gluten Free Chicken Nuggets 16 oz,$16.19 ,,,16 oz,['Gluten-Free'],,"https://www.instacart.com/image-server/197x197/filters:fill(FFF,true):format(jpg)/d2lnr5mha7bycj.cloudfront.net/product-image/file/large_4b0a9592-7560-47c7-aa5d-1eeca0e9d5cf.png,"
Fresh Thyme Market,"Daring Cajun Plant Chicken Pieces, Gluten-Free",$8.09 ,,,8 oz,"['Gluten-Free', 'Vegan']",,"https://www.instacart.com/image-server/197x197/filters:fill(FFF,true):format(jpg)/d2lnr5mha7bycj.cloudfront.net/product-image/file/large_c7cd84a4-3a63-43f3-9e89-3546233d3784.jpg,"
Fresh Thyme Market,Original price: $6.49,$5.99 ,,,8.1 oz,['Vegan'],,"https://www.instacart.com/image-server/197x197/filters:fill(FFF,true):format(jpg)/d2lnr5mha7bycj.cloudfront.net/product-image/file/large_c0e08224-705c-4c28-ab95-9fee1c7ebb89.jpeg,"
Fresh Thyme Market,Original price: $11.89,$10.79 ,,,14 oz,['Gluten-Free'],,"https://www.instacart.com/image-server/197x197/filters:fill(FFF,true):format(jpg)/d2lnr5mha7bycj.cloudfront.net/product-image/file/large_123ba0f8-c9f6-477f-834d-49cb9c545927.png,"
Fresh Thyme Market,"Northern Chef Shrimp, Gluten Free, Coconut",$7.59 ,,,9 oz,[],Many in stock,"https://www.instacart.com/image-server/197x197/filters:fill(FFF,true):format(jpg)/d2lnr5mha7bycj.cloudfront.net/product-image/file/large_1cfc044e-733a-46e8-81ac-a00e8e54dad2.png,"
Fresh Thyme Market,Original price: $6.49,$5.99 ,,,10 oz,"['Gluten-Free', 'Vegan']",,"https://www.instacart.com/image-server/197x197/filters:fill(FFF,true):format(jpg)/d2lnr5mha7bycj.cloudfront.net/product-image/file/large_95a872ae-9c31-4d7f-bf87-fc218e1574e3.jpeg,"
Fresh Thyme Market,The Better Fish Simply Skinless Barramundi Fillets,$10.79 ,,,12 oz,[],,"https://www.instacart.com/image-server/197x197/filters:fill(FFF,true):format(jpg)/d2lnr5mha7bycj.cloudfront.net/product-image/file/large_148b6f17-3a53-4777-bc75-163458105ca2.jpg,"
Fresh Thyme Market,Original price: $6.49,$5.99 ,,,12.7 oz,['Vegan'],,"https://www.instacart.com/image-server/197x197/filters:fill(FFF,true):format(jpg)/d2lnr5mha7bycj.cloudfront.net/product-image/file/large_9f867ec7-9413-49de-bb63-a9ad0aaf9544.jpg,"
Fresh Thyme Market,Fisher Boy Fish Sticks,$8.09 ,,,22 oz,[],,"https://www.instacart.com/image-server/197x197/filters:fill(FFF,true):format(jpg)/d2lnr5mha7bycj.cloudfront.net/product-image/file/large_5936530d-5e19-4146-a9f6-2495289db459.png,"
Fresh Thyme Market,Original price: $24.79,$12.89 ,,,32 oz,[],,"https://www.instacart.com/image-server/197x197/filters:fill(FFF,true):format(jpg)/d2lnr5mha7bycj.cloudfront.net/product-image/file/large_8c102715-ca3b-4e12-943a-f69626d2193b.png,"
Fresh Thyme Market,Original price: $8.59,$6.49 ,,,18 oz,[],,"https://www.instacart.com/image-server/197x197/filters:fill(FFF,true):format(jpg)/d2lnr5mha7bycj.cloudfront.net/product-image/file/large_9c6421d5-8661-48bc-b60f-395e2d38f39d.png,"
Fresh Thyme Market,Original price: $24.79,$17.19 ,,,2 lb,[],,"https://www.instacart.com/image-server/197x197/filters:fill(FFF,true):format(jpg)/d2lnr5mha7bycj.cloudfront.net/product-image/file/large_2f0893df-ddbf-4bac-ac23-482c1b0d464e.png,"
Fresh Thyme Market,Fisher Boy Fish Fillets,$8.09 ,,,16 oz,[],Many in stock,"https://www.instacart.com/image-server/197x197/filters:fill(FFF,true):format(jpg)/d2lnr5mha7bycj.cloudfront.net/product-image/file/large_656d007b-6bbb-4edb-8154-50e7000ba99e.png,"
Fresh Thyme Market,Pirate's Booty Aged White Cheddar,$8.59 ,,,6 each,['Gluten-Free'],,"https://www.instacart.com/image-server/197x197/filters:fill(FFF,true):format(jpg)/d2lnr5mha7bycj.cloudfront.net/product-image/file/large_66823a5a-1bdd-411c-b5d8-cf788ccb9a91.png,"
Fresh Thyme Market,Bobo's Peanut Butter Chocolate Chip Oat Bites,$5.39 ,,,5 x 1.3 oz,"['Gluten-Free', 'Vegan']",,"https://www.instacart.com/image-server/197x197/filters:fill(FFF,true):format(jpg)/d2lnr5mha7bycj.cloudfront.net/product-image/file/large_9502b03d-b63b-4263-91b8-382a3dc127b5.png,"
Fresh Thyme Market,Chomps Grass-Fed Original Beef Stick,$2.69 ,,,1.15 oz,"['Gluten-Free', 'Keto']",,"https://www.instacart.com/image-server/197x197/filters:fill(FFF,true):format(jpg)/d2lnr5mha7bycj.cloudfront.net/product-image/file/large_8e6e7739-15fb-4524-8331-3e5dfcbd3ec6.JPG,"
Fresh Thyme Market,"Country Archer Beef Stick, Original",$2.49 ,,,1 oz,"['Gluten-Free', 'Keto']",,"https://www.instacart.com/image-server/197x197/filters:fill(FFF,true):format(jpg)/d2lnr5mha7bycj.cloudfront.net/product-image/file/large_33416c4c-908e-404d-ba2b-791e99ca235d.png,"
Fresh Thyme Market,"LesserEvil Organic Popcorn, White Cheddar",$4.69 ,,,4.6 oz,"['Organic', 'Gluten-Free']",,"https://www.instacart.com/image-server/197x197/filters:fill(FFF,true):format(jpg)/d2lnr5mha7bycj.cloudfront.net/product-image/file/large_e630770c-cd3e-4bb6-8afb-60f5f87954c0.png,"
Fresh Thyme Market,Ritz Fresh Stacks Original Crackers,$5.39 ,,,8 x 1.48 oz,[],,"https://www.instacart.com/image-server/197x197/filters:fill(FFF,true):format(jpg)/d2lnr5mha7bycj.cloudfront.net/product-image/file/large_2f87bf55-29b3-44fc-a625-f37c626ab5b2.jpg,"
Fresh Thyme Market,Original price: $6.49,$4.89 ,,,10 oz,['Gluten-Free'],,"https://www.instacart.com/image-server/197x197/filters:fill(FFF,true):format(jpg)/d2lnr5mha7bycj.cloudfront.net/product-image/file/large_d35e438d-c453-41a2-ade7-2481f678a324.png,"
Fresh Thyme Market,heavenly hunks Oatmeal Chocolate Chip,$5.39 ,,,6 oz,"['Gluten-Free', 'Vegan']",,"https://www.instacart.com/image-server/197x197/filters:fill(FFF,true):format(jpg)/d2lnr5mha7bycj.cloudfront.net/product-image/file/large_a9b45cbc-381e-49e1-a59b-87949338b424.png,"
Fresh Thyme Market,"Xochitl Corn Chips, White, Sea Salt, Mexican Style",$4.99 ,,,12 oz,"['Gluten-Free', 'Vegan']",Many in stock,"https://www.instacart.com/image-server/197x197/filters:fill(FFF,true):format(jpg)/d2lnr5mha7bycj.cloudfront.net/product-image/file/large_89812654-ed9f-49f3-a754-f012d32a150e.png,"
Fresh Thyme Market,"Siete Tortilla Chips, Grain Free, Sea Salt",$6.09 ,,,5 oz,"['Gluten-Free', 'Vegan']",,"https://www.instacart.com/image-server/197x197/filters:fill(FFF,true):format(jpg)/d2lnr5mha7bycj.cloudfront.net/product-image/file/large_609a3a73-286a-40b0-9e17-fd3086cf028a.png,"
Fresh Thyme Market,Nature's Bakery Whole Wheat Raspberry Fig Bar,$6.99 ,,,6 x 2 oz,['Vegan'],,"https://www.instacart.com/image-server/197x197/filters:fill(FFF,true):format(jpg)/d2lnr5mha7bycj.cloudfront.net/product-image/file/large_c8f55a6c-cf1f-4cb6-b2f6-b1676b313413.png,"
Fresh Thyme Market,"Siete Tortilla Chips, Grain Free, Sea Salt, Familia Pack",$10.79 ,,,6 each,"['Gluten-Free', 'Vegan']",,"https://www.instacart.com/image-server/197x197/filters:fill(FFF,true):format(jpg)/d2lnr5mha7bycj.cloudfront.net/product-image/file/large_18644e15-c8ea-4583-9ee0-81a7e4d3661e.png,"
Fresh Thyme Market,Original price: $6.19,$4.29 ,,,4 oz,"['Gluten-Free', 'Organic']",,"https://www.instacart.com/image-server/197x197/filters:fill(FFF,true):format(jpg)/d2lnr5mha7bycj.cloudfront.net/product-image/file/large_6f0c515c-34c5-404c-a704-344417e6c4f7.png,"
Fresh Thyme Market,"Cheez-It Cheese Crackers, Baked Snack Crackers, Lunch Snacks, Original",$5.09 ,,,12.4 oz,['Light Sodium'],,"https://www.instacart.com/image-server/197x197/filters:fill(FFF,true):format(jpg)/d2lnr5mha7bycj.cloudfront.net/product-image/file/large_c86117f0-911d-4326-8fe8-ec48ef7dc0d9.jpg,"
Fresh Thyme Market,Boulder Canyon Kettle Cooked Potato Chips Olive Oil Classic Sea Salt,$4.59 ,,,6.5 oz,"['Gluten-Free', 'Fat-Free']",,"https://www.instacart.com/image-server/197x197/filters:fill(FFF,true):format(jpg)/d2lnr5mha7bycj.cloudfront.net/product-image/file/large_383a9bdc-9a05-451b-ba35-ff0e5212e033.png,"
Fresh Thyme Market,heavenly hunks Oatmeal White Chip,$5.39 ,,,6 oz,"['Gluten-Free', 'Vegan']",Many in stock,"https://www.instacart.com/image-server/197x197/filters:fill(FFF,true):format(jpg)/d2lnr5mha7bycj.cloudfront.net/product-image/file/large_2e9dc873-735d-4525-aaa4-b9686e70db3b.png,"
Fresh Thyme Market,Original price: $4.69,$3.79 ,,,16 oz,"['No Sugar Added', 'Vegan']",,"https://www.instacart.com/image-server/197x197/filters:fill(FFF,true):format(jpg)/d2lnr5mha7bycj.cloudfront.net/product-image/file/large_7c19a417-aaba-4f5f-a466-f5d97256aa3e.jpg,"
Fresh Thyme Market,"Justin's Peanut Butter Cups, Organic, Dark Chocolate, Mini",$7.29 ,,,4.7 oz,"['Gluten-Free', 'Organic']",,"https://www.instacart.com/image-server/197x197/filters:fill(FFF,true):format(jpg)/d2lnr5mha7bycj.cloudfront.net/product-image/file/large_d9e6576b-4bd4-46f1-abef-a4e2d145f4f1.png,"
Fresh Thyme Market,Frito Lay Classic Mix,$12.89 ,,,18 ct,[],,"https://www.instacart.com/image-server/197x197/filters:fill(FFF,true):format(jpg)/d2lnr5mha7bycj.cloudfront.net/product-image/file/large_ae7ca37a-c94f-423c-8a6c-345740f3548d.png,"
Fresh Thyme Market,"Siete Tortilla Chips, Grain Free, Lime",$6.09 ,,,5 oz,"['Gluten-Free', 'Vegan']",,"https://www.instacart.com/image-server/197x197/filters:fill(FFF,true):format(jpg)/d2lnr5mha7bycj.cloudfront.net/product-image/file/large_3b2995d1-7abf-4c4d-9cef-4ddac190408f.png,"
Fresh Thyme Market,Original price: $5.39,$4.39 ,,,7.5 oz,['Organic'],,"https://www.instacart.com/image-server/197x197/filters:fill(FFF,true):format(jpg)/d2lnr5mha7bycj.cloudfront.net/product-image/file/large_b5945e01-8266-496f-b9f3-fbdbdbbbf870.png,"
Fresh Thyme Market,Original price: $4.29,$3.29 ,,,5 oz,"['Gluten-Free', 'Vegan']",Many in stock,"https://www.instacart.com/image-server/197x197/filters:fill(FFF,true):format(jpg)/d2lnr5mha7bycj.cloudfront.net/product-image/file/large_ccfb700a-b04a-4eef-a5e2-a2df0b8be943.png,"
Fresh Thyme Market,Fresh Thyme Market Peanut Butter Stuffed Pretzels,$7.99 ,,,24 oz,[],Many in stock,"https://www.instacart.com/image-server/197x197/filters:fill(FFF,true):format(jpg)/d2lnr5mha7bycj.cloudfront.net/product-image/file/large_a0216c6f-8d1d-4125-9d4c-8a7e364ff569.png,"
Fresh Thyme Market,"GoMacro MacroBar, Oatmeal Chocolate Chip Cookie",$8.59 ,,,7 x 0.9 oz,"['Organic', 'Vegan']",,"https://www.instacart.com/image-server/197x197/filters:fill(FFF,true):format(jpg)/d2lnr5mha7bycj.cloudfront.net/product-image/file/large_1d2de2aa-2739-4e8b-8b73-acaf4b1749f1.png,"
Fresh Thyme Market,Original price: $7.59,$4.39 ,,,7 oz,"['Gluten-Free', 'Organic']",,"https://www.instacart.com/image-server/197x197/filters:fill(FFF,true):format(jpg)/d2lnr5mha7bycj.cloudfront.net/product-image/file/large_91ba6c9c-2ea5-4f46-baee-1db5a04fe0fc.png,"
Fresh Thyme Market,Original price: $6.29,$5.39 ,,,13 oz,"['Gluten-Free', 'Vegan']",,"https://www.instacart.com/image-server/197x197/filters:fill(FFF,true):format(jpg)/d2lnr5mha7bycj.cloudfront.net/product-image/file/large_2027bb4e-5eed-4251-b0f3-67cf24e38b07.jpg,"
Fresh Thyme Market,"Natural Delights Dates, Medjool, Fresh, Pitted",$8.59 ,,,12 oz,"['No Sugar Added', 'Vegan']",Many in stock,"https://www.instacart.com/image-server/197x197/filters:fill(FFF,true):format(jpg)/d2lnr5mha7bycj.cloudfront.net/product-image/file/large_13b46692-bde8-4ac6-be61-34bd8cbab675.png,"
Fresh Thyme Market,Original price: $6.99,$5.39 ,,,4 oz,"['Gluten-Free', 'Vegan']",Many in stock,"https://www.instacart.com/image-server/197x197/filters:fill(FFF,true):format(jpg)/d2lnr5mha7bycj.cloudfront.net/product-image/file/large_04279f13-101c-4dc2-8fdc-8f2a4cd7fc32.jpg,"
Fresh Thyme Market,"GoMacro MacroBars, Chocolate Chip Cookie Dough",$8.59 ,,,7 x 0.9 oz,"['Organic', 'Vegan']",,"https://www.instacart.com/image-server/197x197/filters:fill(FFF,true):format(jpg)/d2lnr5mha7bycj.cloudfront.net/product-image/file/large_b487c4b8-f2d0-4fa3-898f-8e4436a6da72.png,"
Fresh Thyme Market,Original price: $4.29,$3.79 ,,,16 oz,[],,"https://www.instacart.com/image-server/197x197/filters:fill(FFF,true):format(jpg)/d2lnr5mha7bycj.cloudfront.net/product-image/file/large_5ab4be16-a452-493e-b5ff-7a2f762d395e.jpg,"
Fresh Thyme Market,"Harvest Snaps Green Pea Snacks, Baked, Lightly Salted",$3.29 ,,,3.3 oz,"['Gluten-Free', 'Light Sodium']",,"https://www.instacart.com/image-server/197x197/filters:fill(FFF,true):format(jpg)/d2lnr5mha7bycj.cloudfront.net/product-image/file/large_188a0806-e619-49ba-8113-ffeac4fbe0db.png,"
Fresh Thyme Market,Original price: $7.59,$6.99 ,,,5 x 7.4 oz,['Gluten-Free'],,"https://www.instacart.com/image-server/197x197/filters:fill(FFF,true):format(jpg)/d2lnr5mha7bycj.cloudfront.net/product-image/file/large_d07d446e-235c-4566-b0cf-5dddfdfd7523.jpg,"
Fresh Thyme Market,Original price: $7.59,$5.39 ,,,6.7 oz,"['Gluten-Free', 'Vegan']",,"https://www.instacart.com/image-server/197x197/filters:fill(FFF,true):format(jpg)/d2lnr5mha7bycj.cloudfront.net/product-image/file/large_4bd82a81-bfaf-462c-be28-5e81f766372f.png,"
Fresh Thyme Market,belVita Breakfast Blueberry Breakfast Biscuits,$5.99 ,,,8.8 oz,[],,"https://www.instacart.com/image-server/197x197/filters:fill(FFF,true):format(jpg)/d2lnr5mha7bycj.cloudfront.net/product-image/file/large_999ec654-0d88-4c8b-bea8-0cf9f8c24292.jpg,"
Fresh Thyme Market,"Emmy's Organics Coconut Cookies, Vanilla Bean",$6.19 ,,,6 oz,"['Organic', 'Gluten-Free']",Many in stock,"https://www.instacart.com/image-server/197x197/filters:fill(FFF,true):format(jpg)/d2lnr5mha7bycj.cloudfront.net/product-image/file/large_89baa814-c304-488c-a257-bc90c26fb12e.jpg,"
Fresh Thyme Market,"Pipcorn Heirloom Snacks Cheese Balls, Cheddar",$5.39 ,,,4.5 oz,['Gluten-Free'],Many in stock,"https://www.instacart.com/image-server/197x197/filters:fill(FFF,true):format(jpg)/d2lnr5mha7bycj.cloudfront.net/product-image/file/large_e3bdfc3c-68c7-4de5-941c-86fbbd651aa2.png,"
Fresh Thyme Market,Fresh Thyme Market Pretzel Sticks,$2.49 ,,,7 oz,[],,"https://www.instacart.com/image-server/197x197/filters:fill(FFF,true):format(jpg)/d2lnr5mha7bycj.cloudfront.net/product-image/file/large_0050c05d-a435-4408-8f69-3af9d47d3146.png,"
Fresh Thyme Market,Original price: $7.59,$4.39 ,,,10 x 0.7 oz,"['Gluten-Free', 'Organic']",,"https://www.instacart.com/image-server/197x197/filters:fill(FFF,true):format(jpg)/d2lnr5mha7bycj.cloudfront.net/product-image/file/large_70781938-3327-4946-9ad2-8110f57c0e95.png,"
Fresh Thyme Market,"Tate's Bake Shop Gluten Free Chocolate Chip Cookies, Gluten Free Cookies",$6.99 ,,,7 oz,['Gluten-Free'],,"https://www.instacart.com/image-server/197x197/filters:fill(FFF,true):format(jpg)/d2lnr5mha7bycj.cloudfront.net/product-image/file/large_1f30fba9-6725-4270-8c6a-ba5b6bebd8dd.jpg,"
Fresh Thyme Market,"Catalina Crunch Chocolate Vanilla, Keto Sandwich Cookies",$8.59 ,,,6.8 oz,"['Vegan', 'Keto']",Many in stock,"https://www.instacart.com/image-server/197x197/filters:fill(FFF,true):format(jpg)/d2lnr5mha7bycj.cloudfront.net/product-image/file/large_67ea7813-1ae8-4710-8f9c-afc6f156728a.jpg,"
Fresh Thyme Market,Original price: $3.29,$2.69 ,,,6 oz,[],,"https://www.instacart.com/image-server/197x197/filters:fill(FFF,true):format(jpg)/d2lnr5mha7bycj.cloudfront.net/product-image/file/large_8b1c6876-6089-4119-8361-7b2d6e731988.png,"
Fresh Thyme Market,Original price: $6.99,$5.39 ,,,5 oz,[],,"https://www.instacart.com/image-server/197x197/filters:fill(FFF,true):format(jpg)/d2lnr5mha7bycj.cloudfront.net/product-image/file/large_168d75dd-c5ca-4a6e-8b45-b418923ccaae.png,"
Fresh Thyme Market,Original price: $6.99,$5.39 ,,,3.4 oz,[],,"https://www.instacart.com/image-server/197x197/filters:fill(FFF,true):format(jpg)/d2lnr5mha7bycj.cloudfront.net/product-image/file/large_44fcd2db-6f8a-4f71-9848-2eacc57ac59f.png,"
Fresh Thyme Market,Original price: $8.09,$6.49 ,,,4 oz,['Gluten-Free'],,"https://www.instacart.com/image-server/197x197/filters:fill(FFF,true):format(jpg)/d2lnr5mha7bycj.cloudfront.net/product-image/file/large_10fbbe19-77d2-4939-87c4-c4a4681c8570.jpg,"
Fresh Thyme Market,"Back to Nature Classic Creme Cookies, Non-GMO Project Verified, Kosher",$6.49 ,,,12 oz,[],Many in stock,"https://www.instacart.com/image-server/197x197/filters:fill(FFF,true):format(jpg)/d2lnr5mha7bycj.cloudfront.net/product-image/file/large_500e8c58-b568-4880-9081-a10addc142e1.png,"
Fresh Thyme Market,Original price: $17.19,$12.89 ,,,16 x 0.5 oz,"['Gluten-Free', 'Keto']",,"https://www.instacart.com/image-server/197x197/filters:fill(FFF,true):format(jpg)/d2lnr5mha7bycj.cloudfront.net/product-image/file/large_554079a8-aeec-4e41-9fdd-707c4fa6680b.png,"
Fresh Thyme Market,"Cerebelly Organic Blueberry Banana, Smart Bar",$5.69 ,,,5 ct,"['Organic', 'Vegan']",,"https://www.instacart.com/image-server/197x197/filters:fill(FFF,true):format(jpg)/d2lnr5mha7bycj.cloudfront.net/product-image/file/large_1871069a-2a46-4503-9a7c-52bcebe04f8a.png,"
Fresh Thyme Market,Original price: $4.69,$3.79 ,,,7.2 oz,[],,"https://www.instacart.com/image-server/197x197/filters:fill(FFF,true):format(jpg)/d2lnr5mha7bycj.cloudfront.net/product-image/file/large_26febc40-bc90-4c3a-87f6-bed4e1ebd6e3.jpg,"
Fresh Thyme Market,Siete Churro Strips,$6.09 ,,,5 oz,"['Gluten-Free', 'Vegan']",,"https://www.instacart.com/image-server/197x197/filters:fill(FFF,true):format(jpg)/d2lnr5mha7bycj.cloudfront.net/product-image/file/large_c366a4cc-9c8d-4908-9b0d-d00249c8cd95.png,"
Fresh Thyme Market,"ParmCrisps Cheese Snack, Original, Oven-Baked, Family Size",$12.39 ,,,5 oz,['Gluten-Free'],,"https://www.instacart.com/image-server/197x197/filters:fill(FFF,true):format(jpg)/d2lnr5mha7bycj.cloudfront.net/product-image/file/large_08fee7b3-fef4-4b59-985d-3e27664dd065.png,"
Fresh Thyme Market,"Catalina Crunch Peanut Butter, Keto Sandwich Cookies",$8.59 ,,,16 ct,"['Vegan', 'Keto']",,"https://www.instacart.com/image-server/197x197/filters:fill(FFF,true):format(jpg)/d2lnr5mha7bycj.cloudfront.net/product-image/file/large_89880dc0-c736-4968-a143-c632781b991e.jpg,"
Fresh Thyme Market,Cheetos Simply Crunchy White Cheddar Cheese Flavored Snacks,$4.89 ,,,8.5 oz,[],,"https://www.instacart.com/image-server/197x197/filters:fill(FFF,true):format(jpg)/d2lnr5mha7bycj.cloudfront.net/product-image/file/large_1e53b490-2e39-43ce-9f8c-8de9cb57acd4.png,"
Fresh Thyme Market,Lily's Dark Chocolate Covered Caramels No Sugar Added Sweets,$6.99 ,,,3.5 oz,"['Gluten-Free', 'No Sugar Added']",,"https://www.instacart.com/image-server/197x197/filters:fill(FFF,true):format(jpg)/d2lnr5mha7bycj.cloudfront.net/product-image/file/large_15e7c2f7-89af-4833-bdbc-acd03ca4cf53.jpg,"
Fresh Thyme Market,"Cerebelly Smart Bars, Apple Kale",$5.69 ,,,5 x 0.84 oz,"['Organic', 'Vegan']",,"https://www.instacart.com/image-server/197x197/filters:fill(FFF,true):format(jpg)/d2lnr5mha7bycj.cloudfront.net/product-image/file/large_288a2f1a-d9c3-482d-b14d-c4b2328310d2.png,"
Fresh Thyme Market,Cheetos Simply Puffs White Cheddar Cheese Flavored Snacks,$4.89 ,,,8 oz,[],,"https://www.instacart.com/image-server/197x197/filters:fill(FFF,true):format(jpg)/d2lnr5mha7bycj.cloudfront.net/product-image/file/large_6bac7465-47d9-4541-9a42-f79c6f47353c.png,"
Fresh Thyme Market,"Goodie Girl Cookies, Fudge Striped",$7.59 ,,,7 oz,['Gluten-Free'],Many in stock,"https://www.instacart.com/image-server/197x197/filters:fill(FFF,true):format(jpg)/d2lnr5mha7bycj.cloudfront.net/product-image/file/large_5ef76565-3cdc-4bd6-a5a7-4e4e9a4a2be9.png,"
Fresh Thyme Market,"GoMacro MacroBar, Double Chocolate + Peanut Butter Chips",$3.79 ,,,2.3 oz,"['Organic', 'Vegan']",,"https://www.instacart.com/image-server/197x197/filters:fill(FFF,true):format(jpg)/d2lnr5mha7bycj.cloudfront.net/product-image/file/large_41fadcd8-cd5b-41ee-9447-44c4e24d7aa0.png,"
Fresh Thyme Market,"Petit Pot Plant-Based Vanilla Rice Pudding, Organic Plant Based Dessert",$6.49 ,,,2 x 3.5 oz,"['Gluten-Free', 'Organic']",,"https://www.instacart.com/image-server/197x197/filters:fill(FFF,true):format(jpg)/d2lnr5mha7bycj.cloudfront.net/product-image/file/large_babe3ca1-80fd-4a20-bcad-7b44ce24dc38.png,"
Fresh Thyme Market,"MadeGood Chocolate Drizzled Granola Bars, Birthday Cake",$5.39 ,,,5 x 0.85 oz,"['Organic', 'Gluten-Free']",,"https://www.instacart.com/image-server/197x197/filters:fill(FFF,true):format(jpg)/d2lnr5mha7bycj.cloudfront.net/product-image/file/large_e519f905-4803-4927-9b24-a5102ce87602.jpg,"
Fresh Thyme Market,Ruffles Flamin' Hot BBQ Potato Chips,$5.99 ,,,8 oz,[],,"https://www.instacart.com/image-server/197x197/filters:fill(FFF,true):format(jpg)/d2lnr5mha7bycj.cloudfront.net/product-image/file/large_b9cfb89c-02f8-4415-801c-16d1e9091a87.png,"
Fresh Thyme Market,"Endangered Species Chocolate, Extreme Dark, 88% Cocoa",$3.79 ,,,3 oz,"['Gluten-Free', 'Vegan']",,"https://www.instacart.com/image-server/197x197/filters:fill(FFF,true):format(jpg)/d2lnr5mha7bycj.cloudfront.net/product-image/file/large_f099b984-1a66-44c5-9987-b86c803b6425.png,"
Fresh Thyme Market,"Doritos Tortilla Chips, Flamin' Hot Limon Flavored",$6.79 ,,,9.5 oz,[],,"https://www.instacart.com/image-server/197x197/filters:fill(FFF,true):format(jpg)/d2lnr5mha7bycj.cloudfront.net/product-image/file/large_a31b24b2-90a5-4ab5-a393-5a6492cc7614.png,"
Fresh Thyme Market,Fresh Thyme Market Organic 2% Milk,$4.89 ,,,64 fl oz,['Organic'],,"https://www.instacart.com/image-server/197x197/filters:fill(FFF,true):format(jpg)/d2lnr5mha7bycj.cloudfront.net/product-image/file/large_2a210903-7aa0-4ade-82d5-c300200af13d.png,"
Fresh Thyme Market,Fresh Thyme Market Vitamin D Milk,$3.79 ,,,1 gal,[],,"https://www.instacart.com/image-server/197x197/filters:fill(FFF,true):format(jpg)/d2lnr5mha7bycj.cloudfront.net/product-image/file/large_2d6468f1-0347-44b4-9837-38bf332e6d51.png,"
Fresh Thyme Market,Fresh Thyme Market Milk With Vitamin D,$2.49 ,,,0.5 gal,[],,"https://www.instacart.com/image-server/197x197/filters:fill(FFF,true):format(jpg)/d2lnr5mha7bycj.cloudfront.net/product-image/file/large_d6b244d5-19e8-450c-bb17-64066f72540e.jpg,"
Fresh Thyme Market,"Silk Protein Oat Milk, Chocolate, Dairy Free, Lactose Free, Gluten Free",$6.49 ,,,59 fl oz,[],,"https://www.instacart.com/image-server/197x197/filters:fill(FFF,true):format(jpg)/d2lnr5mha7bycj.cloudfront.net/product-image/file/large_f9acd046-0a4a-41ef-a193-fe555e63f833.jpg,"
Fresh Thyme Market,Fresh Thyme Market 2% Reduced Fat Milk,$3.79 ,,,1 gal,[],,"https://www.instacart.com/image-server/197x197/filters:fill(FFF,true):format(jpg)/d2lnr5mha7bycj.cloudfront.net/product-image/file/large_aed829cc-301d-4d54-86d7-73648666ff5d.png,"
Fresh Thyme Market,MALK Unsweetened Almond,$6.49 ,,,28 fl oz,"['Organic', 'Vegan']",,"https://www.instacart.com/image-server/197x197/filters:fill(FFF,true):format(jpg)/d2lnr5mha7bycj.cloudfront.net/product-image/file/large_18696036-c739-4e61-b86d-f3b8a97ba554.png,"
Fresh Thyme Market,Fresh Thyme Market Grade A 2% Reduced Fat Milk,$2.49 ,,,0.5 gal,[],,"https://www.instacart.com/image-server/197x197/filters:fill(FFF,true):format(jpg)/d2lnr5mha7bycj.cloudfront.net/product-image/file/large_997ee4a3-c12e-445d-9965-59a82f37e99c.jpg,"
Fresh Thyme Market,Fresh Thyme Market Organic Whole Milk,$4.89 ,,,64 fl oz,['Organic'],,"https://www.instacart.com/image-server/197x197/filters:fill(FFF,true):format(jpg)/d2lnr5mha7bycj.cloudfront.net/product-image/file/large_bff8c7e8-d278-4aa0-8d6b-9269a8761851.png,"
Fresh Thyme Market,Organic Valley Whole Milk,$6.49 ,,,64 oz,"['Cow Milk', 'Organic']",,"https://www.instacart.com/image-server/197x197/filters:fill(FFF,true):format(jpg)/d2lnr5mha7bycj.cloudfront.net/product-image/file/large_f7ba115a-3098-427a-a0da-9a0cf50d55e8.jpg,"
Fresh Thyme Market,Fresh Thyme Market Organic Coconut Milk,$2.79 ,,,13.5 fl oz,['Organic'],,"https://www.instacart.com/image-server/197x197/filters:fill(FFF,true):format(jpg)/d2lnr5mha7bycj.cloudfront.net/product-image/file/large_0ff221a5-9b43-4a85-89b2-53b7b2aa091f.png,"
Fresh Thyme Market,"Organic Valley 100% Grass Fed, Organic 2% Milk",$7.59 ,,,64 oz,"['Cow Milk', 'Organic']",,"https://www.instacart.com/image-server/197x197/filters:fill(FFF,true):format(jpg)/d2lnr5mha7bycj.cloudfront.net/product-image/file/large_e6f74d88-fdb1-4548-a743-55b54fb0f0e8.jpg,"
Fresh Thyme Market,Organic Valley 2% Milk,$6.49 ,,,64 fl oz,"['Cow Milk', 'Organic']",,"https://www.instacart.com/image-server/197x197/filters:fill(FFF,true):format(jpg)/d2lnr5mha7bycj.cloudfront.net/product-image/file/large_35525414-11ee-4baa-894b-fbadcb0a80b3.jpg,"
Fresh Thyme Market,"Chobani Oatmilk, Extra Creamy",$5.39 ,,,52 fl oz,"['Vegan', 'Gluten-Free']",,"https://www.instacart.com/image-server/197x197/filters:fill(FFF,true):format(jpg)/d2lnr5mha7bycj.cloudfront.net/product-image/file/large_9c0ba207-6397-4592-a485-bfc0a85ad63a.png,"
Fresh Thyme Market,Almond Breeze Unsweetened Original Almondmilk Non Dairy Milk Alternative,$4.09 ,,,64 fl oz,[],,"https://www.instacart.com/image-server/197x197/filters:fill(FFF,true):format(jpg)/d2lnr5mha7bycj.cloudfront.net/product-image/file/large_da08b082-b406-420d-b9d8-ca6b8dd49e01.jpg,"
Fresh Thyme Market,Three Trees Organic Oil-Free Barista Almond + Oatmilk,$7.59 ,,,28 fl oz,['Organic'],Many in stock,"https://www.instacart.com/image-server/197x197/filters:fill(FFF,true):format(jpg)/d2lnr5mha7bycj.cloudfront.net/product-image/file/large_41dd7f78-fb4a-41b4-bb9e-d69841029977.png,"
Fresh Thyme Market,"Organic Valley Lactose Free, 2% Organic Milk, 64oz (Half Gallon)",$6.49 ,,,64 oz,['Organic'],,"https://www.instacart.com/image-server/197x197/filters:fill(FFF,true):format(jpg)/d2lnr5mha7bycj.cloudfront.net/product-image/file/large_a7f847aa-87a6-4d5b-9201-ce5c2ac3246d.jpg,"
Fresh Thyme Market,Three Trees Organic Unsweetened Vanilla Bean Almond Milk,$7.59 ,,,28 fl oz,"['Organic', 'Vegan']",Many in stock,"https://www.instacart.com/image-server/197x197/filters:fill(FFF,true):format(jpg)/d2lnr5mha7bycj.cloudfront.net/product-image/file/large_a42eced8-83ef-4e64-8b88-1c21e6af183f.jpg,"
Fresh Thyme Market,"Organic Valley 100% Grass-fed, Organic Whole Milk",$7.59 ,,,0.5 gal,"['Cow Milk', 'Organic']",,"https://www.instacart.com/image-server/197x197/filters:fill(FFF,true):format(jpg)/d2lnr5mha7bycj.cloudfront.net/product-image/file/large_ee69caf7-6cfa-436d-9f12-8e07bb18e12b.jpg,"
Fresh Thyme Market,Original price: $6.99,$6.49 ,,,64 fl oz,"['Vegan', 'Gluten-Free']",,"https://www.instacart.com/image-server/197x197/filters:fill(FFF,true):format(jpg)/d2lnr5mha7bycj.cloudfront.net/product-image/file/large_14a1995b-ec01-436f-9610-684c8a1dd1f4.png,"
Fresh Thyme Market,Almond Breeze Unsweetened Vanilla Almondmilk,$4.09 ,,,64 fl oz,[],,"https://www.instacart.com/image-server/197x197/filters:fill(FFF,true):format(jpg)/d2lnr5mha7bycj.cloudfront.net/product-image/file/large_f31f967e-876a-40ec-a00a-a6463eb5e233.jpg,"
Fresh Thyme Market,Three Trees Organic Unsweetened Original Almond Milk,$7.59 ,,,28 fl oz,"['Organic', 'Vegan']",Many in stock,"https://www.instacart.com/image-server/197x197/filters:fill(FFF,true):format(jpg)/d2lnr5mha7bycj.cloudfront.net/product-image/file/large_2bc08385-bfae-4d6d-a75c-77b1df6629c8.jpg,"
Fresh Thyme Market,Pacific Foods Hemp Unsweetened Original Beverage,$6.99 ,,,32 oz,['Vegan'],,"https://www.instacart.com/image-server/197x197/filters:fill(FFF,true):format(jpg)/d2lnr5mha7bycj.cloudfront.net/product-image/file/large_06027d8b-798b-4448-a93e-86e8e14fd08b.jpg,"
Fresh Thyme Market,Califia Farms Unsweetened Vanilla Almondmilk,$4.89 ,,,48 oz,['Vegan'],,"https://www.instacart.com/image-server/197x197/filters:fill(FFF,true):format(jpg)/d2lnr5mha7bycj.cloudfront.net/product-image/file/large_f01768a7-d88d-40c1-9c5e-9f262961781a.png,"
Fresh Thyme Market,MALK Original Oat,$6.49 ,,,28 fl oz,"['Organic', 'Vegan']",,"https://www.instacart.com/image-server/197x197/filters:fill(FFF,true):format(jpg)/d2lnr5mha7bycj.cloudfront.net/product-image/file/large_3c13f7f9-62db-4e4e-9370-dc95d26d74dd.png,"
Fresh Thyme Market,Organic Valley Organic Whole Milk,$9.69 ,,,128 fl oz,"['Cow Milk', 'Organic']",,"https://www.instacart.com/image-server/197x197/filters:fill(FFF,true):format(jpg)/d2lnr5mha7bycj.cloudfront.net/product-image/file/large_83cbceec-930c-4972-9f8b-c33e0d42fe10.jpg,"
Fresh Thyme Market,"Organic Valley Lactose Free, Whole Organic Milk, 64oz (Half Gallon)",$6.49 ,,,64 oz,['Organic'],,"https://www.instacart.com/image-server/197x197/filters:fill(FFF,true):format(jpg)/d2lnr5mha7bycj.cloudfront.net/product-image/file/large_67e5ad27-b264-438c-a761-5ad4aff58039.jpg,"
Fresh Thyme Market,Original price: $4.29,$3.79 ,,,15.2 fl oz,[],,"https://www.instacart.com/image-server/197x197/filters:fill(FFF,true):format(jpg)/d2lnr5mha7bycj.cloudfront.net/product-image/file/large_6a63ff69-b7d7-4e9d-9395-891ca5920c72.jpg,"
Fresh Thyme Market,Organic Valley Ultra Pasteurized 0% Fat Milk,$6.49 ,,,64 fl oz,"['Cow Milk', 'Organic']",,"https://www.instacart.com/image-server/197x197/filters:fill(FFF,true):format(jpg)/d2lnr5mha7bycj.cloudfront.net/product-image/file/large_87135c0a-1dbc-49e8-ade3-270d39c3a737.jpg,"
Fresh Thyme Market,"Meyenberg Goat Milk Certified Humane, Easy to Digest, 100% Pure",$13.99 ,,,0.5 gal,['Cow Milk'],,"https://www.instacart.com/image-server/197x197/filters:fill(FFF,true):format(jpg)/d2lnr5mha7bycj.cloudfront.net/product-image/file/large_85b2c29a-e30d-4721-9d68-2766d0d8f236.png,"
Fresh Thyme Market,"Silk Unsweet Almond Milk, Dairy Free, Gluten Free, Soy Free",$4.29 ,,,64 fl oz,[],,"https://www.instacart.com/image-server/197x197/filters:fill(FFF,true):format(jpg)/d2lnr5mha7bycj.cloudfront.net/product-image/file/large_e4662f42-9077-4fdf-82b4-0c0a9d242eec.jpg,"
Fresh Thyme Market,Almond Breeze Vanilla Almondmilk,$4.09 ,,,64 oz,[],,"https://www.instacart.com/image-server/197x197/filters:fill(FFF,true):format(jpg)/d2lnr5mha7bycj.cloudfront.net/product-image/file/large_40914d89-ca5f-4582-a979-4643d1db92a7.jpg,"
Fresh Thyme Market,Original price: $5.19,$4.09 ,,,32 fl oz,['Vegan'],,"https://www.instacart.com/image-server/197x197/filters:fill(FFF,true):format(jpg)/d2lnr5mha7bycj.cloudfront.net/product-image/file/large_84bf6eb3-7145-446e-bb65-5043d68ddad6.jpg,"
Fresh Thyme Market,Califia Farms Organic Oat Milk,$6.49 ,,,48 fl oz,"['Organic', 'Vegan']",,"https://www.instacart.com/image-server/197x197/filters:fill(FFF,true):format(jpg)/d2lnr5mha7bycj.cloudfront.net/product-image/file/large_4e7bbcfb-5128-4b74-9453-252dad5574ba.png,"
Fresh Thyme Market,Original price: $5.39,$4.89 ,,,32 fl oz,"['Vegan', 'Gluten-Free']",,"https://www.instacart.com/image-server/197x197/filters:fill(FFF,true):format(jpg)/d2lnr5mha7bycj.cloudfront.net/product-image/file/large_5dde7dcc-479e-4c6d-81e8-82d4643a73bb.png,"
Fresh Thyme Market,Organic Valley Cultured Lowfat Organic Buttermilk,$5.09 ,,,32 oz,['Organic'],,"https://www.instacart.com/image-server/197x197/filters:fill(FFF,true):format(jpg)/d2lnr5mha7bycj.cloudfront.net/product-image/file/large_1c81ef39-786b-456e-89e8-c0275cf7b5a1.png,"
Fresh Thyme Market,Califia Farms Organic Unsweetened Almond Milk,$6.49 ,,,48 fl oz,"['Organic', 'Vegan']",,"https://www.instacart.com/image-server/197x197/filters:fill(FFF,true):format(jpg)/d2lnr5mha7bycj.cloudfront.net/product-image/file/large_610a7603-b793-4d31-8de4-e8c2e8e0aa9e.png,"
Fresh Thyme Market,MALK Chocolate Almond,$6.49 ,,,28 fl oz,"['Organic', 'Vegan']",Many in stock,"https://www.instacart.com/image-server/197x197/filters:fill(FFF,true):format(jpg)/d2lnr5mha7bycj.cloudfront.net/product-image/file/large_3a4ed15c-8351-4684-9f32-de55b704c986.png,"
Fresh Thyme Market,Original price: $5.99,$5.39 ,,,25.4 fl oz,['Vegan'],,"https://www.instacart.com/image-server/197x197/filters:fill(FFF,true):format(jpg)/d2lnr5mha7bycj.cloudfront.net/product-image/file/large_0282ef54-ad24-414d-aa03-8d8671e42c32.png,"
Fresh Thyme Market,Califia Farms Unsweetened Almondmilk,$4.89 ,,,48 oz,['Vegan'],,"https://www.instacart.com/image-server/197x197/filters:fill(FFF,true):format(jpg)/d2lnr5mha7bycj.cloudfront.net/product-image/file/large_287b8538-88ad-4ae2-8e0a-fdf7ebc60e52.png,"
Fresh Thyme Market,Planet Oat Extra Creamy Original Oatmilk,$5.39 ,,,52 fl oz,"['Vegan', 'Gluten-Free']",,"https://www.instacart.com/image-server/197x197/filters:fill(FFF,true):format(jpg)/d2lnr5mha7bycj.cloudfront.net/product-image/file/large_dfb9e1b3-ce9b-4768-8236-722662b57899.jpg,"
Fresh Thyme Market,Organic Valley Organic 1% Milk,$6.49 ,,,64 fl oz,"['Cow Milk', 'Organic']",,"https://www.instacart.com/image-server/197x197/filters:fill(FFF,true):format(jpg)/d2lnr5mha7bycj.cloudfront.net/product-image/file/large_2959c28c-64bd-45cf-abbd-61d19972adb3.jpg,"
Fresh Thyme Market,Planet Oat Original Oatmilk,$5.39 ,,,52 fl oz,"['Vegan', 'Gluten-Free']",,"https://www.instacart.com/image-server/197x197/filters:fill(FFF,true):format(jpg)/d2lnr5mha7bycj.cloudfront.net/product-image/file/large_b261f8f4-ed76-477a-a6bf-7fb44f2e16d0.jpg,"
Fresh Thyme Market,Salmon Fillet,$12.89 ,/lb,,/lb,[],,"https://www.instacart.com/image-server/197x197/filters:fill(FFF,true):format(jpg)/d2lnr5mha7bycj.cloudfront.net/product-image/file/large_a9ededa0-70fd-45b5-adbd-3c22e9f2dde2.png,"
Fresh Thyme Market,Waterloo Sparkling Water Peach,$5.39 ,,,8 x 12 fl oz,[],,"https://www.instacart.com/image-server/197x197/filters:fill(FFF,true):format(jpg)/d2lnr5mha7bycj.cloudfront.net/product-image/file/large_bbcd4485-a86f-4f3b-82f7-3c28cf9aca71.jpg,"
Fresh Thyme Market,Original price: $10.79,$9.19 ,,,18.55 oz,[],Many in stock,"https://www.instacart.com/image-server/197x197/filters:fill(FFF,true):format(jpg)/d2lnr5mha7bycj.cloudfront.net/product-image/file/large_fe54e844-ec9a-4483-b692-d501ba734b19.png,"
Fresh Thyme Market,Original price: $9.11,$7.31 ,/pkg (est.),$6.09 / lb,About 1.2 lb / package,['Breast'],,"https://www.instacart.com/image-server/197x197/filters:fill(FFF,true):format(jpg)/d2lnr5mha7bycj.cloudfront.net/product-image/file/large_edc6da83-e27c-4aa9-93e4-d08f4e3531db.png,"
Fresh Thyme Market,Original price: $5.39,$3.29 ,,,1 ct,[],Many in stock,"https://www.instacart.com/image-server/197x197/filters:fill(FFF,true):format(jpg)/d2lnr5mha7bycj.cloudfront.net/product-image/file/large_41cd510a-87e1-45b4-af42-ab750e336dcc.png,"
Fresh Thyme Market,"Starbucks Iced Coffee, Blonde Roast, Unsweetened, Black",$7.59 ,,,48 fl oz,['Unsweetened'],Many in stock,"https://www.instacart.com/image-server/197x197/filters:fill(FFF,true):format(jpg)/d2lnr5mha7bycj.cloudfront.net/product-image/file/large_506072a3-cebf-4726-81ee-25464f9c4aad.png,"
Fresh Thyme Market,Waterloo Sparkling Water Strawberry,$5.39 ,,,8 x 12 fl oz,[],,"https://www.instacart.com/image-server/197x197/filters:fill(FFF,true):format(jpg)/d2lnr5mha7bycj.cloudfront.net/product-image/file/large_9b4a159f-6886-45c0-a27d-dccd4f11a153.jpg,"
Fresh Thyme Market,Original price: $4.29,$3.79 ,,,12 fl oz,[],,"https://www.instacart.com/image-server/197x197/filters:fill(FFF,true):format(jpg)/d2lnr5mha7bycj.cloudfront.net/product-image/file/large_7c778a30-8d89-4a94-870e-b92761f9408f.png,"
Fresh Thyme Market,Fresh Thyme Market Sourdough Bread,$4.29 ,,,16 oz,[],Many in stock,"https://www.instacart.com/image-server/197x197/filters:fill(FFF,true):format(jpg)/d2lnr5mha7bycj.cloudfront.net/product-image/file/large_5086ddb1-3c47-428a-9704-d6aaad9afb3a.png,"
Fresh Thyme Market,Original price: $19.39,$7.59 ,/lb,,"/lb
Original price: $19.39
$19.39",[],,"https://www.instacart.com/image-server/197x197/filters:fill(FFF,true):format(jpg)/d2lnr5mha7bycj.cloudfront.net/product-image/file/large_4fe9e0bd-1bdc-4d00-97ba-603177d33211.png,"
Fresh Thyme Market,Original price: $7.59,$5.99 ,,,12 oz,['Vegan'],,"https://www.instacart.com/image-server/197x197/filters:fill(FFF,true):format(jpg)/d2lnr5mha7bycj.cloudfront.net/product-image/file/large_d989e6ef-9941-4333-9f3b-0335aee89800.png,"
Fresh Thyme Market,Original price: $16.19,$12.89 ,,,6 x 1 L,[],,"https://www.instacart.com/image-server/197x197/filters:fill(FFF,true):format(jpg)/d2lnr5mha7bycj.cloudfront.net/product-image/file/large_6a2d95c0-e2d9-447f-9569-19fce4badd9c.png,"
Fresh Thyme Market,Fresh Thyme Market Spring Water,$4.29 ,,,24 x 16.9 fl oz,[],Many in stock,"https://www.instacart.com/image-server/197x197/filters:fill(FFF,true):format(jpg)/d2lnr5mha7bycj.cloudfront.net/product-image/file/large_110fa4d3-311c-40e9-9e4b-0158bd83cd66.png,"
Fresh Thyme Market,"OLIPOP Prebiotic Soda, Cream Soda",$2.69 ,,,12 fl oz,[],,"https://www.instacart.com/image-server/197x197/filters:fill(FFF,true):format(jpg)/d2lnr5mha7bycj.cloudfront.net/product-image/file/large_915583b0-8582-4975-951e-37946ce6d904.jpg,"
Fresh Thyme Market,Original price: $9.69,$8.59 ,,,"Original price: $9.69
$9.69",[],,"https://www.instacart.com/image-server/197x197/filters:fill(FFF,true):format(jpg)/d2lnr5mha7bycj.cloudfront.net/product-image/file/large_808aee2c-1b87-43d7-b053-94898c27e198.png,"
Fresh Thyme Market,Waterloo Sparkling Water Black Cherry,$5.39 ,,,8 x 12 fl oz,[],,"https://www.instacart.com/image-server/197x197/filters:fill(FFF,true):format(jpg)/d2lnr5mha7bycj.cloudfront.net/product-image/file/large_347c78a4-d8cc-435b-98c7-e49a640a2bb1.jpg,"
Fresh Thyme Market,"Green Valley Creamery Shredded Cheese, Lactose Free, Part-Skim, Low-Moisture, Mozzarella",$5.99 ,,,6 oz,[],,"https://www.instacart.com/image-server/197x197/filters:fill(FFF,true):format(jpg)/d2lnr5mha7bycj.cloudfront.net/product-image/file/large_f942ebb8-d508-408c-b951-fd5055da3434.png,"
Fresh Thyme Market,Fresh Thyme Market Paper Towel,$8.59 ,,,6 ct,[],,"https://www.instacart.com/image-server/197x197/filters:fill(FFF,true):format(jpg)/d2lnr5mha7bycj.cloudfront.net/product-image/file/large_e88e0869-b931-40ec-8c2e-8bac06c242ef.png,"
Fresh Thyme Market,Fresh Squeezed Orange Juice,$10.79 ,,,64 fl oz,[],Likely out of stock,"https://www.instacart.com/image-server/197x197/filters:fill(FFF,true):format(jpg)/d2lnr5mha7bycj.cloudfront.net/product-image/file/large_3232472c-2b7b-4773-8a2f-76d8583a18ab.png,"
Fresh Thyme Market,"OLIPOP Prebiotic Soda, Classic Grape",$2.69 ,,,12 fl oz,[],,"https://www.instacart.com/image-server/197x197/filters:fill(FFF,true):format(jpg)/d2lnr5mha7bycj.cloudfront.net/product-image/file/large_edd01d07-5f72-47bd-9740-c25e1c2640b7.png,"
Fresh Thyme Market,Canyon Bakehouse 7-Grain Gluten Free Bread,$8.59 ,,,18 oz,['Gluten-Free'],,"https://www.instacart.com/image-server/197x197/filters:fill(FFF,true):format(jpg)/d2lnr5mha7bycj.cloudfront.net/product-image/file/large_ff28b1e6-2a40-4921-bf21-3912be822a1d.png,"
Fresh Thyme Market,Fresh Thyme Market Bath Tissue,$8.59 ,,,12 ct,[],Many in stock,"https://www.instacart.com/image-server/197x197/filters:fill(FFF,true):format(jpg)/d2lnr5mha7bycj.cloudfront.net/product-image/file/large_0ba523a7-8953-4dcf-a019-527dcbea3bba.png,"
Fresh Thyme Market,Peppered Bacon,$6.99 ,/lb,,/lb,[],Likely out of stock,"https://www.instacart.com/image-server/197x197/filters:fill(FFF,true):format(jpg)/d2lnr5mha7bycj.cloudfront.net/product-image/file/large_ec2232b6-60b7-45d6-9994-47b414b0252b.png,"
Fresh Thyme Market,Boar's Head Ovengold Roasted Turkey Breast,$14.59 ,/lb,,$0.91/oz,[],,"https://www.instacart.com/image-server/197x197/filters:fill(FFF,true):format(jpg)/d2lnr5mha7bycj.cloudfront.net/product-image/file/large_679bec29-8e3e-47ca-95ea-13eef26fcc4f.png,"
Fresh Thyme Market,Ice Mountain Natural Spring Water,$2.49 ,,,101.4 fl oz,[],,"https://www.instacart.com/image-server/197x197/filters:fill(FFF,true):format(jpg)/d2lnr5mha7bycj.cloudfront.net/product-image/file/large_6fbe59ea-e0b7-4c43-9d4a-491f49dea58e.jpg,"
Fresh Thyme Market,Original price: $5.59,$3.79 ,,,8 oz,['Gluten-Free'],Many in stock,"https://www.instacart.com/image-server/197x197/filters:fill(FFF,true):format(jpg)/d2lnr5mha7bycj.cloudfront.net/product-image/file/large_ecfbc302-d211-48be-95e9-6d1233117502.jpg,"
Fresh Thyme Market,Fresh Thyme Market Extra Firm Organic Tofu,$2.69 ,,,12 oz,[],,"https://www.instacart.com/image-server/197x197/filters:fill(FFF,true):format(jpg)/d2lnr5mha7bycj.cloudfront.net/product-image/file/large_17157139-9179-4737-9782-3d55b1efdbf7.png,"
Fresh Thyme Market,Canyon Bakehouse Gluten Free Sliced Mountain White Bread,$8.59 ,,,18 oz,['Gluten-Free'],,"https://www.instacart.com/image-server/197x197/filters:fill(FFF,true):format(jpg)/d2lnr5mha7bycj.cloudfront.net/product-image/file/large_38f08dcc-6bcd-41f8-8faf-270261dff83c.png,"
Fresh Thyme Market,Ice Mountain Natural Spring Water,$5.19 ,,,12 x 8 fl oz,[],,"https://www.instacart.com/image-server/197x197/filters:fill(FFF,true):format(jpg)/d2lnr5mha7bycj.cloudfront.net/product-image/file/large_54fa1414-663c-470b-a551-5c5b4532f211.jpg,"
Fresh Thyme Market,Original price: $3.29,$2.69 ,,,6 oz bag,[],,"https://www.instacart.com/image-server/197x197/filters:fill(FFF,true):format(jpg)/d2lnr5mha7bycj.cloudfront.net/product-image/file/large_13b8bdf1-3265-442e-8ad7-2292899ecbe7.png,"
Fresh Thyme Market,"Starbucks Iced Coffee, Medium Roast, Black, Unsweetened",$7.59 ,,,48 fl oz,['Unsweetened'],Many in stock,"https://www.instacart.com/image-server/197x197/filters:fill(FFF,true):format(jpg)/d2lnr5mha7bycj.cloudfront.net/product-image/file/large_b02c3db3-10c6-4dc9-aa3e-da12767b085e.png,"
Fresh Thyme Market,Ice Mountain Natural Spring Water,$6.29 ,,,2.5 gal,[],Many in stock,"https://www.instacart.com/image-server/197x197/filters:fill(FFF,true):format(jpg)/d2lnr5mha7bycj.cloudfront.net/product-image/file/large_b25b10e4-3a7a-4ab6-bc8f-1c8e55a4552f.jpg,"
Fresh Thyme Market,Applegate Naturals Chicken & Maple Breakfast Sausage Links 7oz,$6.49 ,,,7 oz,['Gluten-Free'],,"https://www.instacart.com/image-server/197x197/filters:fill(FFF,true):format(jpg)/d2lnr5mha7bycj.cloudfront.net/product-image/file/large_363264fd-3427-4908-93fb-b073525c6522.png,"
Fresh Thyme Market,Boar's Head White American Cheese,$8.59 ,/lb,,$0.54/oz,[],,"https://www.instacart.com/image-server/197x197/filters:fill(FFF,true):format(jpg)/d2lnr5mha7bycj.cloudfront.net/product-image/file/large_737a08c3-7531-4028-a793-81e1082d2661.png,"
Fresh Thyme Market,Fresh Thyme Market Single Facial Tissue,$1.09 ,,,,[],,"https://www.instacart.com/image-server/197x197/filters:fill(FFF,true):format(jpg)/d2lnr5mha7bycj.cloudfront.net/product-image/file/large_95ebc263-8bb5-4543-ad81-cc78137e9823.png,"
Fresh Thyme Market,"OLIPOP Prebiotic Soda, Orange Squeeze",$2.69 ,,,12 fl oz,[],Many in stock,"https://www.instacart.com/image-server/197x197/filters:fill(FFF,true):format(jpg)/d2lnr5mha7bycj.cloudfront.net/product-image/file/large_00481a06-89cd-413f-a3a4-c5984b4a2884.jpeg,"
Fresh Thyme Market,Applegate Naturals Natural Classic Pork Breakfast Sausage,$6.49 ,,,7 oz,['Gluten-Free'],,"https://www.instacart.com/image-server/197x197/filters:fill(FFF,true):format(jpg)/d2lnr5mha7bycj.cloudfront.net/product-image/file/large_0fa7108b-19b5-49ce-81bd-7922a6a86d12.png,"
Fresh Thyme Market,"C2O Coconut Water ""The Original""",$9.69 ,,,8 x 10.5 fl oz,[],,"https://www.instacart.com/image-server/197x197/filters:fill(FFF,true):format(jpg)/d2lnr5mha7bycj.cloudfront.net/product-image/file/large_c2e4e4a0-ca7c-4b8f-8cde-72a92c82e715.jpg,"
Fresh Thyme Market,"Uncle Matt's Organic Pulp Free, Orange Juice",$9.69 ,,,52 fl oz,['Organic'],Many in stock,"https://www.instacart.com/image-server/197x197/filters:fill(FFF,true):format(jpg)/d2lnr5mha7bycj.cloudfront.net/product-image/file/large_ba4c0d29-eabe-4716-bbed-77fcf308819f.jpg,"
Fresh Thyme Market,Original price: $14.59,$12.89 ,/lb,,$0.81/oz,[],,"https://www.instacart.com/image-server/197x197/filters:fill(FFF,true):format(jpg)/d2lnr5mha7bycj.cloudfront.net/product-image/file/large_c5a4cffd-7782-4516-9b24-2e45dabfbeb0.png,"
Fresh Thyme Market,Applegate Organics Organic Turkey Bacon,$8.09 ,,,8 oz,"['Organic', 'Non-GMO']",,"https://www.instacart.com/image-server/197x197/filters:fill(FFF,true):format(jpg)/d2lnr5mha7bycj.cloudfront.net/product-image/file/large_c136a523-8f9b-48ae-a428-76ece1594098.png,"
Fresh Thyme Market,"egglife original, egg white wraps",$7.59 ,,,6 ct,['Gluten-Free'],Many in stock,"https://www.instacart.com/image-server/197x197/filters:fill(FFF,true):format(jpg)/d2lnr5mha7bycj.cloudfront.net/product-image/file/large_016c249c-e9ea-4392-bf7c-1b80fa71c885.png,"
Fresh Thyme Market,Applegate Naturals Natural Chicken & Sage Breakfast Sausage,$6.49 ,,,7 oz,['Gluten-Free'],,"https://www.instacart.com/image-server/197x197/filters:fill(FFF,true):format(jpg)/d2lnr5mha7bycj.cloudfront.net/product-image/file/large_595fc28c-7a17-422e-bfb9-625bbd2a2b28.png,"
Fresh Thyme Market,Lactaid 2% Reduced Fat Milk,$5.99 ,,,64 fl oz,[],,"https://www.instacart.com/image-server/197x197/filters:fill(FFF,true):format(jpg)/d2lnr5mha7bycj.cloudfront.net/product-image/file/large_a40d8a51-0ef3-4d4f-abb0-b24bd220ab23.jpg,"
Fresh Thyme Market,Good Foods Avocado Mash with Sea Salt & Black Pepper,$6.49 ,,,4 x 2 oz,['Vegan'],,"https://www.instacart.com/image-server/197x197/filters:fill(FFF,true):format(jpg)/d2lnr5mha7bycj.cloudfront.net/product-image/file/large_aed4467d-83a2-48f8-9da1-a10e9097ee9c.jpg,"
Fresh Thyme Market,Original price: $3.69,$2.69 ,,,8 oz,['Vegan'],Many in stock,"https://www.instacart.com/image-server/197x197/filters:fill(FFF,true):format(jpg)/d2lnr5mha7bycj.cloudfront.net/product-image/file/large_e40275bd-cd69-4721-b324-fd737f02b7e1.jpg,"
Fresh Thyme Market,Fresh Thyme Market Pico De Gallo,$4.29 ,,,10 oz,[],,"https://www.instacart.com/image-server/197x197/filters:fill(FFF,true):format(jpg)/d2lnr5mha7bycj.cloudfront.net/product-image/file/large_04c7ebd8-80d6-47bc-99ee-5389c6cae731.png,"
Fresh Thyme Market,Baba's Traditional Hummus,$5.39 ,,,10 oz,[],,"https://www.instacart.com/image-server/197x197/filters:fill(FFF,true):format(jpg)/d2lnr5mha7bycj.cloudfront.net/product-image/file/large_eecb804c-867d-4e0c-a2ad-1c5826b70ad2.png,"
Fresh Thyme Market,Original price: $5.99,$5.39 ,,,10 oz,[],Many in stock,"https://www.instacart.com/image-server/197x197/filters:fill(FFF,true):format(jpg)/d2lnr5mha7bycj.cloudfront.net/product-image/file/large_15e54fa0-6367-41fb-a8f4-c54fc6dce7cb.jpeg,"
Fresh Thyme Market,"Dean's Dip, French Onion",$3.69 ,,,16 oz,[],Many in stock,"https://www.instacart.com/image-server/197x197/filters:fill(FFF,true):format(jpg)/d2lnr5mha7bycj.cloudfront.net/product-image/file/large_e9c5d4d3-3db7-4b4b-846f-9ff53e7f8509.png,"
Fresh Thyme Market,Fresh Thyme Market Classic Hummus,$3.59 ,,,8 oz,['Vegan'],Many in stock,"https://www.instacart.com/image-server/197x197/filters:fill(FFF,true):format(jpg)/d2lnr5mha7bycj.cloudfront.net/product-image/file/large_dffddfa9-606a-4346-a4bd-3b22569d0b92.png,"
Fresh Thyme Market,Baba's Roasted Red Pepper Hummus,$5.39 ,,,10 oz,['Vegan'],Many in stock,"https://www.instacart.com/image-server/197x197/filters:fill(FFF,true):format(jpg)/d2lnr5mha7bycj.cloudfront.net/product-image/file/large_354dc770-ad05-493a-9229-7a9f4a2ae059.png,"
Fresh Thyme Market,"Sabra Hummus, Roasted Pine Nut",$4.89 ,,,10 oz,['Vegan'],,"https://www.instacart.com/image-server/197x197/filters:fill(FFF,true):format(jpg)/d2lnr5mha7bycj.cloudfront.net/product-image/file/large_26593339-df3f-497c-855d-b279595fdaae.png,"
Fresh Thyme Market,"Sabra Hummus, Classic",$4.89 ,,,10 oz,['Vegan'],,"https://www.instacart.com/image-server/197x197/filters:fill(FFF,true):format(jpg)/d2lnr5mha7bycj.cloudfront.net/product-image/file/large_513b18be-0abe-4fb9-b918-b85e42fde964.png,"
Fresh Thyme Market,Baba's Olive Hummus,$5.39 ,,,10 oz,['Vegan'],,"https://www.instacart.com/image-server/197x197/filters:fill(FFF,true):format(jpg)/d2lnr5mha7bycj.cloudfront.net/product-image/file/large_36cd0e2a-4ab6-499b-b0d2-fa731ceeb773.png,"
Fresh Thyme Market,Fresh Thyme Market Natural Medium Salsa,$4.29 ,,,16 oz,[],Many in stock,"https://www.instacart.com/image-server/197x197/filters:fill(FFF,true):format(jpg)/d2lnr5mha7bycj.cloudfront.net/product-image/file/large_d777ca3d-6a2f-45f2-9ef8-3df036941efb.png,"
Fresh Thyme Market,Cedar's Foods Cucumber Garlic Tzatziki,$5.99 ,,,12 oz,[],Many in stock,"https://www.instacart.com/image-server/197x197/filters:fill(FFF,true):format(jpg)/d2lnr5mha7bycj.cloudfront.net/product-image/file/large_5745e758-0c61-433d-9b1a-7f321182685e.png,"
Fresh Thyme Market,Fresh Thyme Market Mediterranean Style Hummus,$3.59 ,,,8 oz,[],Many in stock,"https://www.instacart.com/image-server/197x197/filters:fill(FFF,true):format(jpg)/d2lnr5mha7bycj.cloudfront.net/product-image/file/large_a6418a2b-c9f1-40f5-ba3e-070b7a2b0664.png,"
Fresh Thyme Market,Cedar's Foods Topped Organic Hot Honey Hommus,$4.99 ,,,10 oz,['Vegan'],,"https://www.instacart.com/image-server/197x197/filters:fill(FFF,true):format(jpg)/d2lnr5mha7bycj.cloudfront.net/product-image/file/large_13b390f7-59d2-47a4-b19a-2427fd203a58.jpg,"
Fresh Thyme Market,Price's Price’s Original Sweet and Tangy Pimiento Cheese Spread,$7.49 ,,,12 oz,[],Many in stock,"https://www.instacart.com/image-server/197x197/filters:fill(FFF,true):format(jpg)/d2lnr5mha7bycj.cloudfront.net/product-image/file/large_bf977694-3460-4696-9c3f-a178af08d7ff.png,"
Fresh Thyme Market,Original price: $5.99,$4.49 ,,,8 oz,[],Many in stock,"https://www.instacart.com/image-server/197x197/filters:fill(FFF,true):format(jpg)/d2lnr5mha7bycj.cloudfront.net/product-image/file/large_b289aae3-3ade-4460-9cc8-01b394ba278d.png,"
Fresh Thyme Market,Original price: $5.39,$4.29 ,,,14 oz,[],Many in stock,"https://www.instacart.com/image-server/197x197/filters:fill(FFF,true):format(jpg)/d2lnr5mha7bycj.cloudfront.net/product-image/file/large_5ff6af22-7540-4fea-98cb-89b365d95d4e.png,"
Fresh Thyme Market,Boar's Head Tzatziki Greek Yogurt Dip,$5.99 ,,,12 oz,[],,"https://www.instacart.com/image-server/197x197/filters:fill(FFF,true):format(jpg)/d2lnr5mha7bycj.cloudfront.net/product-image/file/large_0960ecb0-be44-4ca9-93d7-8350e8e01bbb.png,"
Fresh Thyme Market,La Terra Fina Tzatziki with Feta Dip & Spread,$5.99 ,,,10 oz,[],Many in stock,"https://www.instacart.com/image-server/197x197/filters:fill(FFF,true):format(jpg)/d2lnr5mha7bycj.cloudfront.net/product-image/file/large_7d9e1203-6c2a-4b49-8362-d06ef9670aaf.jpg,"
Fresh Thyme Market,"Sabra Hummus, Roasted Garlic",$4.89 ,,,10 oz,['Vegan'],,"https://www.instacart.com/image-server/197x197/filters:fill(FFF,true):format(jpg)/d2lnr5mha7bycj.cloudfront.net/product-image/file/large_5c3ed2c4-57a2-4121-babb-8d591a6a11d1.png,"
Fresh Thyme Market,Cedar's Foods Topped Organic Everything Hommus,$4.99 ,,,10 oz,['Vegan'],Many in stock,"https://www.instacart.com/image-server/197x197/filters:fill(FFF,true):format(jpg)/d2lnr5mha7bycj.cloudfront.net/product-image/file/large_ed06cce2-9720-4efc-b13b-5f16c2552ba1.jpg,"
Fresh Thyme Market,Fresh Cravings Restaurant Style Medium Salsa,$5.19 ,,,16 oz,[],,"https://www.instacart.com/image-server/197x197/filters:fill(FFF,true):format(jpg)/d2lnr5mha7bycj.cloudfront.net/product-image/file/large_c260ac10-bedb-4823-b149-e8732ecb4f11.jpg,"
Fresh Thyme Market,"Sabra Hummus, Roasted Red Pepper",$4.89 ,,,10 oz,[],,"https://www.instacart.com/image-server/197x197/filters:fill(FFF,true):format(jpg)/d2lnr5mha7bycj.cloudfront.net/product-image/file/large_3c0cb80d-e2c2-4e4a-b3f1-84f9123adecd.png,"
Fresh Thyme Market,Original price: $7.59,$5.69 ,,,8 oz,['Vegan'],,"https://www.instacart.com/image-server/197x197/filters:fill(FFF,true):format(jpg)/d2lnr5mha7bycj.cloudfront.net/product-image/file/large_8c85b991-1a73-4899-a90c-ae1f66990182.jpg,"
Fresh Thyme Market,"Fresh Creations Dip, Mexicali",$6.49 ,,,11 oz,[],Many in stock,"https://www.instacart.com/image-server/197x197/filters:fill(FFF,true):format(jpg)/d2lnr5mha7bycj.cloudfront.net/product-image/file/large_5d8ae83d-de49-4d3f-9539-dee000e6520f.png,"
Fresh Thyme Market,Original price: $5.79,$3.29 ,,,10 oz,['Vegan'],,"https://www.instacart.com/image-server/197x197/filters:fill(FFF,true):format(jpg)/d2lnr5mha7bycj.cloudfront.net/product-image/file/large_aa294391-81a4-4630-bb99-48e62c0e9593.png,"
Fresh Thyme Market,Bitchin' Sauce Cilantro Chili,$6.49 ,,,8 oz,['Vegan'],Many in stock,"https://www.instacart.com/image-server/197x197/filters:fill(FFF,true):format(jpg)/d2lnr5mha7bycj.cloudfront.net/product-image/file/large_94d0bda6-3a97-45ec-a2c8-281bbc76ea7d.jpg,"
Fresh Thyme Market,Bitchin' Sauce Original,$6.49 ,,,8 oz,['Vegan'],,"https://www.instacart.com/image-server/197x197/filters:fill(FFF,true):format(jpg)/d2lnr5mha7bycj.cloudfront.net/product-image/file/large_a0359e9d-7bc9-4f97-87b4-be442499e5fd.jpg,"
Fresh Thyme Market,Sabra Family Size Classic Hummus,$7.59 ,,,17 oz,['Vegan'],,"https://www.instacart.com/image-server/197x197/filters:fill(FFF,true):format(jpg)/d2lnr5mha7bycj.cloudfront.net/product-image/file/large_3a1597a2-81f0-4816-8c4d-969dce105504.png,"
Fresh Thyme Market,Original price: $7.59,$6.79 ,,,12 oz,[],Many in stock,"https://www.instacart.com/image-server/197x197/filters:fill(FFF,true):format(jpg)/d2lnr5mha7bycj.cloudfront.net/product-image/file/large_557aa651-b9c9-4a9f-aeb4-fcf902fe0236.png,"
Fresh Thyme Market,Fresh Thyme Market Guaca de Gallo,$5.39 ,,,10 oz,[],,"https://www.instacart.com/image-server/197x197/filters:fill(FFF,true):format(jpg)/d2lnr5mha7bycj.cloudfront.net/product-image/file/large_8a13fd99-0e5e-4a72-95d0-acf1e33db4df.png,"
Fresh Thyme Market,Boar's Head French Onion Greek Yogurt Dip,$5.99 ,,,12 oz,[],Many in stock,"https://www.instacart.com/image-server/197x197/filters:fill(FFF,true):format(jpg)/d2lnr5mha7bycj.cloudfront.net/product-image/file/large_151c2fc3-057d-495c-9e84-a2c06bc93051.png,"
Fresh Thyme Market,Original price: $5.99,$5.69 ,,,12 oz,['Vegan'],Many in stock,"https://www.instacart.com/image-server/197x197/filters:fill(FFF,true):format(jpg)/d2lnr5mha7bycj.cloudfront.net/product-image/file/large_7ad624a0-4fe4-414a-be9f-37ee83ea5957.png,"
Fresh Thyme Market,Bitchin' Sauce Chipotle,$6.49 ,,,8 oz,['Vegan'],Many in stock,"https://www.instacart.com/image-server/197x197/filters:fill(FFF,true):format(jpg)/d2lnr5mha7bycj.cloudfront.net/product-image/file/large_039e529d-1ded-458e-97ba-f50ba9bd941b.jpg,"
Fresh Thyme Market,Original price: $5.39,$4.29 ,,,10 oz,[],,"https://www.instacart.com/image-server/197x197/filters:fill(FFF,true):format(jpg)/d2lnr5mha7bycj.cloudfront.net/product-image/file/large_fde27997-efe3-495b-8385-f4b87cd35c30.png,"
Fresh Thyme Market,Applegate Naturals Gluten Free Uncured Beef Corn Dogs,$9.69 ,,,4 ct,"['Gluten-Free', 'Grass-Fed']",,"https://www.instacart.com/image-server/197x197/filters:fill(FFF,true):format(jpg)/d2lnr5mha7bycj.cloudfront.net/product-image/file/large_30acecbc-2b93-4725-a7b3-cb98b1910dfa.png,"
Fresh Thyme Market,Feel Good Foods Gluten-Free Chicken Potstickers,$10.79 ,,,10 oz,['Gluten-Free'],,"https://www.instacart.com/image-server/197x197/filters:fill(FFF,true):format(jpg)/d2lnr5mha7bycj.cloudfront.net/product-image/file/large_69b03113-2bee-499f-a2dc-c63fdaee09d0.png,"
Fresh Thyme Market,"Alexia Fries, Organic",$7.59 ,,,15 oz,['Vegan'],,"https://www.instacart.com/image-server/197x197/filters:fill(FFF,true):format(jpg)/d2lnr5mha7bycj.cloudfront.net/product-image/file/large_bbfdb9a2-2cb9-43dd-9049-bda2ee97d71e.png,"
Fresh Thyme Market,Feel Good Foods Vegetable Spring Rolls,$10.79 ,,,8.2 oz,[],,"https://www.instacart.com/image-server/197x197/filters:fill(FFF,true):format(jpg)/d2lnr5mha7bycj.cloudfront.net/product-image/file/large_63203b13-e4cc-4152-94f8-5805e3ad869e.png,"
Fresh Thyme Market,Feel Good Foods Gluten-Free Vegetable Potsticker Dumplings,$10.79 ,,,10 oz,"['Gluten-Free', 'Vegan']",,"https://www.instacart.com/image-server/197x197/filters:fill(FFF,true):format(jpg)/d2lnr5mha7bycj.cloudfront.net/product-image/file/large_0b621278-23a9-40b6-9695-3958d32e0933.png,"
Fresh Thyme Market,Cascadian Farm Organic Spud Puppies Frozen Potatoes,$6.49 ,,,16 oz,['Vegan'],,"https://www.instacart.com/image-server/197x197/filters:fill(FFF,true):format(jpg)/d2lnr5mha7bycj.cloudfront.net/product-image/file/large_6b26cac0-588d-4885-a962-664edc7ce4a5.png,"
Fresh Thyme Market,Original price: $7.59,$5.99 ,,,8 each,[],,"https://www.instacart.com/image-server/197x197/filters:fill(FFF,true):format(jpg)/d2lnr5mha7bycj.cloudfront.net/product-image/file/large_e46f5954-bbd7-4e17-bbfc-05ecb186fb91.png,"
Fresh Thyme Market,Fresh Thyme Market Potato Fried Onion Perogies,$5.39 ,,,16 oz,[],,"https://www.instacart.com/image-server/197x197/filters:fill(FFF,true):format(jpg)/d2lnr5mha7bycj.cloudfront.net/product-image/file/large_6eb17de2-0257-4bce-9069-2c5ada3a1936.png,"
Fresh Thyme Market,Feel Good Foods Gluten-Free Chicken Egg Rolls,$10.79 ,,,9 oz,['Gluten-Free'],Many in stock,"https://www.instacart.com/image-server/197x197/filters:fill(FFF,true):format(jpg)/d2lnr5mha7bycj.cloudfront.net/product-image/file/large_40c3276a-e478-4af1-802b-870a45add8ed.png,"
Fresh Thyme Market,Laoban Pork Soup Dumplings,$7.59 ,,,8 oz,[],,"https://www.instacart.com/image-server/197x197/filters:fill(FFF,true):format(jpg)/d2lnr5mha7bycj.cloudfront.net/product-image/file/large_cb40e2bf-86c3-4e8d-8e28-035cf1121294.jpg,"
Fresh Thyme Market,Feel Good Foods Gluten-Free Vegetable Egg Rolls,$10.79 ,,,9 oz,['Gluten-Free'],,"https://www.instacart.com/image-server/197x197/filters:fill(FFF,true):format(jpg)/d2lnr5mha7bycj.cloudfront.net/product-image/file/large_c119f0c8-b18f-4c34-9ae8-cb4675fe38c0.png,"
Fresh Thyme Market,"Alexia Fries, Crispy Rosemary",$8.09 ,,,16 oz,['Vegan'],,"https://www.instacart.com/image-server/197x197/filters:fill(FFF,true):format(jpg)/d2lnr5mha7bycj.cloudfront.net/product-image/file/large_dfcd7576-e3eb-46c5-8245-17a896763a91.png,"
Fresh Thyme Market,"Royal Asia Prawn Dumplings, Dim Sum",$6.49 ,,,7 ct,[],,"https://www.instacart.com/image-server/197x197/filters:fill(FFF,true):format(jpg)/d2lnr5mha7bycj.cloudfront.net/product-image/file/large_82758c89-3d5a-4b7c-ad17-58ca658d300b.png,"
Fresh Thyme Market,Brazi Bites Four Cheese Pizza Snacks,$8.09 ,,,10 oz,['Gluten-Free'],,"https://www.instacart.com/image-server/197x197/filters:fill(FFF,true):format(jpg)/d2lnr5mha7bycj.cloudfront.net/product-image/file/large_ba0a1754-754d-4ecc-a6fc-ded55ad50189.png,"
Fresh Thyme Market,Brazi Bites Pepperoni Pizza Snacks,$8.09 ,,,10 oz,['Gluten-Free'],,"https://www.instacart.com/image-server/197x197/filters:fill(FFF,true):format(jpg)/d2lnr5mha7bycj.cloudfront.net/product-image/file/large_cd15bc82-7354-4e75-8667-f3b60a630472.png,"
Fresh Thyme Market,"Brazi Bites Cheddar & Parmesan, Brazilian Cheese Bread",$8.09 ,,,11.5 oz,['Gluten-Free'],,"https://www.instacart.com/image-server/197x197/filters:fill(FFF,true):format(jpg)/d2lnr5mha7bycj.cloudfront.net/product-image/file/large_1330bc1e-27ad-4620-96b6-de3dafd402df.png,"
Fresh Thyme Market,Chubby Snacks Almond Butter & Strawberry Jam,$10.79 ,,,4 x 10.6 oz,['Vegan'],,"https://www.instacart.com/image-server/197x197/filters:fill(FFF,true):format(jpg)/d2lnr5mha7bycj.cloudfront.net/product-image/file/large_5b382646-721e-42d2-96cf-e700840bac33.png,"
Fresh Thyme Market,The Pizza Cupcake Pepperoni - Gourmet Pizza Snack,$11.89 ,,,11.45 oz,[],Many in stock,"https://www.instacart.com/image-server/197x197/filters:fill(FFF,true):format(jpg)/d2lnr5mha7bycj.cloudfront.net/product-image/file/large_368170fe-9e71-4947-829c-39774eea2f9b.jpg,"
Fresh Thyme Market,Feel Good Foods Gluten-Free Pepperoni Snack Bites,$9.69 ,,,7 oz,['Gluten-Free'],,"https://www.instacart.com/image-server/197x197/filters:fill(FFF,true):format(jpg)/d2lnr5mha7bycj.cloudfront.net/product-image/file/large_672d19a7-204b-4db6-8dab-297191980c3c.png,"
Fresh Thyme Market,Laoban Ginger Chicken Dumplings,$7.59 ,,,8 oz,[],,"https://www.instacart.com/image-server/197x197/filters:fill(FFF,true):format(jpg)/d2lnr5mha7bycj.cloudfront.net/product-image/file/large_6bc1f8b6-eea4-43bd-87f9-632007c79016.jpg,"
Fresh Thyme Market,Laoban Pork & Chive Dumplings,$7.59 ,,,8 oz,[],,"https://www.instacart.com/image-server/197x197/filters:fill(FFF,true):format(jpg)/d2lnr5mha7bycj.cloudfront.net/product-image/file/large_c2c2b8f9-73d5-4d4c-8d4c-0077fee1c7f8.jpg,"
Fresh Thyme Market,"Totino's Pizza Rolls, Cheese",$9.69 ,,,24.8 oz,[],,"https://www.instacart.com/image-server/197x197/filters:fill(FFF,true):format(jpg)/d2lnr5mha7bycj.cloudfront.net/product-image/file/large_f05b3c63-7843-448f-b4f6-11d46a4e4875.png,"
Fresh Thyme Market,Cascadian Farm Organic Straight Cut French Fries Frozen Potatoes,$6.49 ,,,16 oz,['Vegan'],Many in stock,"https://www.instacart.com/image-server/197x197/filters:fill(FFF,true):format(jpg)/d2lnr5mha7bycj.cloudfront.net/product-image/file/large_019bea42-86f2-4240-b332-9249bb8be17b.png,"
Fresh Thyme Market,"Brazi Bites Garlic Asiago, Brazilian Cheese Bread",$8.09 ,,,18 x 11.5 oz,['Gluten-Free'],,"https://www.instacart.com/image-server/197x197/filters:fill(FFF,true):format(jpg)/d2lnr5mha7bycj.cloudfront.net/product-image/file/large_5e3da670-d9e3-4624-8840-f3838167d893.png,"
Fresh Thyme Market,"Feel Good Foods Potato, Egg & Cheese Pocket Sandwiches",$8.09 ,,,8 oz,['Gluten-Free'],,"https://www.instacart.com/image-server/197x197/filters:fill(FFF,true):format(jpg)/d2lnr5mha7bycj.cloudfront.net/product-image/file/large_39a3df76-c1ba-4802-acb8-c99aaa09f130.png,"
Fresh Thyme Market,Fresh Thyme Market Cheese Ravioli Squares,$5.39 ,,,16 oz,[],,"https://www.instacart.com/image-server/197x197/filters:fill(FFF,true):format(jpg)/d2lnr5mha7bycj.cloudfront.net/product-image/file/large_aca31231-6bc9-4a36-a10c-1c5cc7c8246a.png,"
Fresh Thyme Market,"Alexia Onion Rings, Crispy",$7.59 ,,,11 oz,['Vegan'],Many in stock,"https://www.instacart.com/image-server/197x197/filters:fill(FFF,true):format(jpg)/d2lnr5mha7bycj.cloudfront.net/product-image/file/large_2096bed6-d09b-4abe-9202-3f277852c5ac.png,"
Fresh Thyme Market,"Alexia Waffle Cut Seasoned Fries With Sea Salt, Pepper, Onion & Garlic",$8.09 ,,,15 oz,['Vegan'],,"https://www.instacart.com/image-server/197x197/filters:fill(FFF,true):format(jpg)/d2lnr5mha7bycj.cloudfront.net/product-image/file/large_19237250-3925-427a-82f0-c0c0204b7864.png,"
Fresh Thyme Market,"Strong Roots Crispy Skinny Fries, Vegan, Gluten Free Frozen Fries",$6.49 ,,,20 oz,[],Many in stock,"https://www.instacart.com/image-server/197x197/filters:fill(FFF,true):format(jpg)/d2lnr5mha7bycj.cloudfront.net/product-image/file/large_9a7b2ee6-22d8-4c28-91a8-b706fc0949b9.jpg,"
Fresh Thyme Market,"Alexia Fries, Sweet Potato",$8.09 ,,,20 oz,[],,"https://www.instacart.com/image-server/197x197/filters:fill(FFF,true):format(jpg)/d2lnr5mha7bycj.cloudfront.net/product-image/file/large_18d527b9-1203-4990-a903-38de999359ff.png,"
Fresh Thyme Market,Alexia Organic Crinkle Cut Fries with Sea Salt,$7.59 ,,,16 oz,['Vegan'],,"https://www.instacart.com/image-server/197x197/filters:fill(FFF,true):format(jpg)/d2lnr5mha7bycj.cloudfront.net/product-image/file/large_f9270691-4438-4635-a5bd-75c2e4ebfa12.png,"
Fresh Thyme Market,Feel Good Foods Gluten-Free Three Cheese Snack Bites,$9.69 ,,,7 oz,['Gluten-Free'],,"https://www.instacart.com/image-server/197x197/filters:fill(FFF,true):format(jpg)/d2lnr5mha7bycj.cloudfront.net/product-image/file/large_1cd80a21-d95e-46d8-909b-44f8d0a89451.png,"
Fresh Thyme Market,"Alexia Fries, Sweet Potato",$8.09 ,,,15 oz,[],,"https://www.instacart.com/image-server/197x197/filters:fill(FFF,true):format(jpg)/d2lnr5mha7bycj.cloudfront.net/product-image/file/large_170c3eee-f443-459b-bfb3-cbf694b81108.png,"
Fresh Thyme Market,"cole's Breadsticks, Cheese Filled, Mozzarella",$5.99 ,,,5 ct,[],,"https://www.instacart.com/image-server/197x197/filters:fill(FFF,true):format(jpg)/d2lnr5mha7bycj.cloudfront.net/product-image/file/large_079ea6fd-25ba-46f3-a5e1-3ba6721cb600.png,"
Fresh Thyme Market,Hot Pockets Four Cheese Pizza Frozen Snacks In A Garlic Buttery Crust Pizza Snacks,$4.29 ,,,2 x 4.5 oz,[],,"https://www.instacart.com/image-server/197x197/filters:fill(FFF,true):format(jpg)/d2lnr5mha7bycj.cloudfront.net/product-image/file/large_9933a407-8878-4e9e-a49e-c2bd7959bde6.jpg,"
Fresh Thyme Market,Hot Pockets Hot Pocket Pepperoni Pizza,$4.29 ,,,2 x 4.5 oz,[],,"https://www.instacart.com/image-server/197x197/filters:fill(FFF,true):format(jpg)/d2lnr5mha7bycj.cloudfront.net/product-image/file/large_8d933a9b-4b7a-4072-9909-04e96042e264.jpg,"
Fresh Thyme Market,"Alexia Fries, Seasoned, Sweet Potato, Waffle Cut",$8.09 ,,,20 oz,[],,"https://www.instacart.com/image-server/197x197/filters:fill(FFF,true):format(jpg)/d2lnr5mha7bycj.cloudfront.net/product-image/file/large_ea9c505b-31ed-47a2-8251-f02665cf4d33.png,"
Fresh Thyme Market,Original price: $6.99,$6.49 ,,,10 oz,['Gluten-Free'],,"https://www.instacart.com/image-server/197x197/filters:fill(FFF,true):format(jpg)/d2lnr5mha7bycj.cloudfront.net/product-image/file/large_35f76ab9-1247-48ac-9350-40538b3d2144.png,"
Fresh Thyme Market,Fresh Thyme Market 4-Cheese Mexican Blend Shredded Cheese,$3.79 ,,,8 oz,[],,"https://www.instacart.com/image-server/197x197/filters:fill(FFF,true):format(jpg)/d2lnr5mha7bycj.cloudfront.net/product-image/file/large_982358fb-d1b4-427e-b46c-b203f3f1cbd3.png,"
Fresh Thyme Market,Fresh Thyme Market Shredded Mozzarella Cheese,$3.79 ,,,8 oz,[],Many in stock,"https://www.instacart.com/image-server/197x197/filters:fill(FFF,true):format(jpg)/d2lnr5mha7bycj.cloudfront.net/product-image/file/large_57ced275-c407-4f0a-8e9e-a6559ba6c392.png,"
Fresh Thyme Market,Fresh Thyme Market Mozzarella String Cheese,$6.29 ,,,12 oz,[],,"https://www.instacart.com/image-server/197x197/filters:fill(FFF,true):format(jpg)/d2lnr5mha7bycj.cloudfront.net/product-image/file/large_9be59fa1-a62e-4d19-bbb7-ad1a766f4757.png,"
Fresh Thyme Market,Fresh Thyme Market Colby Jack Cheese Slices,$3.79 ,,,8 oz,[],Many in stock,"https://www.instacart.com/image-server/197x197/filters:fill(FFF,true):format(jpg)/d2lnr5mha7bycj.cloudfront.net/product-image/file/large_12d75b4a-67af-4843-8418-8fb9457b5f6e.png,"
Fresh Thyme Market,Fresh Thyme Market Mild Cheddar Cheese,$3.79 ,,,8 oz,[],,"https://www.instacart.com/image-server/197x197/filters:fill(FFF,true):format(jpg)/d2lnr5mha7bycj.cloudfront.net/product-image/file/large_4287af52-1a24-4be3-a180-44a8d7682145.png,"
Fresh Thyme Market,Fresh Thyme Market Sliced Sharp Cheddar Cheese,$3.79 ,,,8 oz,[],,"https://www.instacart.com/image-server/197x197/filters:fill(FFF,true):format(jpg)/d2lnr5mha7bycj.cloudfront.net/product-image/file/large_665c6703-25fc-4e56-a472-f13a598e303d.png,"
Fresh Thyme Market,"Green Valley Creamery Sliced Cheese, Lactose Free, Mild Cheddar",$5.99 ,,,6 each,['Keto'],,"https://www.instacart.com/image-server/197x197/filters:fill(FFF,true):format(jpg)/d2lnr5mha7bycj.cloudfront.net/product-image/file/large_01e99ad6-7a1a-470a-9184-c4887f733085.png,"
Fresh Thyme Market,Fresh Thyme Market Slices Provolone Cheese,$3.79 ,,,8 oz,[],Many in stock,"https://www.instacart.com/image-server/197x197/filters:fill(FFF,true):format(jpg)/d2lnr5mha7bycj.cloudfront.net/product-image/file/large_53c05f6c-7cd2-4c04-969f-995cc25939fa.png,"
Fresh Thyme Market,Fresh Thyme Market Organic Shredded Mexican Cheese,$5.39 ,,,6 oz,"['Organic', 'Non-GMO']",,"https://www.instacart.com/image-server/197x197/filters:fill(FFF,true):format(jpg)/d2lnr5mha7bycj.cloudfront.net/product-image/file/large_c9f43e2b-211b-426e-9725-cb26b1209a6b.png,"
Fresh Thyme Market,Organic Valley 3 Cheese Organic Thick Cut Shredded Mexican Cheese Blend,$6.49 ,,,6 oz,"['Cow Milk', 'Organic']",,"https://www.instacart.com/image-server/197x197/filters:fill(FFF,true):format(jpg)/d2lnr5mha7bycj.cloudfront.net/product-image/file/large_8c5a5bf4-bc5f-40ce-8680-56d8c04dde57.jpg,"
Fresh Thyme Market,"Green Valley Creamery Shredded Cheese, Lactose Free, Mild Cheddar",$5.99 ,,,6 oz,['Keto'],,"https://www.instacart.com/image-server/197x197/filters:fill(FFF,true):format(jpg)/d2lnr5mha7bycj.cloudfront.net/product-image/file/large_29216e42-339a-4774-8d48-5c3fbd7f3d9e.png,"
Fresh Thyme Market,"Dutch Farms Cream Cheese, Original",$2.89 ,,,8 oz,[],,"https://www.instacart.com/image-server/197x197/filters:fill(FFF,true):format(jpg)/d2lnr5mha7bycj.cloudfront.net/product-image/file/large_94472826-05b4-4303-9d2c-1a72a4e705f2.png,"
Fresh Thyme Market,"good culture Cottage Cheese, Low-Fat, Classic",$4.29 ,,,16 oz,"['Cow Milk', 'Grass-Fed']",,"https://www.instacart.com/image-server/197x197/filters:fill(FFF,true):format(jpg)/d2lnr5mha7bycj.cloudfront.net/product-image/file/large_5210eb01-eb57-4c65-94f9-7f6da1ab3484.png,"
Fresh Thyme Market,Fresh Thyme Market Swiss Cheese Slices,$3.79 ,,,8 oz,[],Many in stock,"https://www.instacart.com/image-server/197x197/filters:fill(FFF,true):format(jpg)/d2lnr5mha7bycj.cloudfront.net/product-image/file/large_8242855f-8607-4e21-99cb-8076c6deee0a.png,"
Fresh Thyme Market,Original price: $9.69,$7.59 ,,,4.2 oz,"['Vegan', 'Organic']",Many in stock,"https://www.instacart.com/image-server/197x197/filters:fill(FFF,true):format(jpg)/d2lnr5mha7bycj.cloudfront.net/product-image/file/large_5673dcd3-7c61-4142-9ca9-27648986c138.png,"
Fresh Thyme Market,Fresh Thyme Market Shredded Sharp Cheddar Cheese,$3.79 ,,,8 oz,[],,"https://www.instacart.com/image-server/197x197/filters:fill(FFF,true):format(jpg)/d2lnr5mha7bycj.cloudfront.net/product-image/file/large_beef88dd-3203-4fc0-b29e-2d74a9c9fc52.png,"
Fresh Thyme Market,Fresh Thyme Market Feta Cheese Crumbles,$4.29 ,,,4 oz,[],,"https://www.instacart.com/image-server/197x197/filters:fill(FFF,true):format(jpg)/d2lnr5mha7bycj.cloudfront.net/product-image/file/large_24eb5e02-518f-49cf-aee8-280a25406b13.png,"
Fresh Thyme Market,Original price: $1.99,$1.49 ,,,5 oz,"['Cow Milk', 'Keto']",Many in stock,"https://www.instacart.com/image-server/197x197/filters:fill(FFF,true):format(jpg)/d2lnr5mha7bycj.cloudfront.net/product-image/file/large_c9621f46-8085-42dd-8338-8317f4a760db.png,"
Fresh Thyme Market,"ParmCrisps Cheese Snack, Sour Cream & Onion, Family Size",$12.39 ,,,5 oz,['Cow Milk'],,"https://www.instacart.com/image-server/197x197/filters:fill(FFF,true):format(jpg)/d2lnr5mha7bycj.cloudfront.net/product-image/file/large_9ff16205-2753-4208-b360-aaa7e6556da3.png,"
Fresh Thyme Market,"Organic Valley String Cheese, Organic, Mozzarella",$8.09 ,,,8 oz,"['Cow Milk', 'Organic']",,"https://www.instacart.com/image-server/197x197/filters:fill(FFF,true):format(jpg)/d2lnr5mha7bycj.cloudfront.net/product-image/file/large_c1eb209f-1cec-46b8-8c1e-bc9c7fbf1d52.png,"
Fresh Thyme Market,Fresh Thyme Market Grated Parmesan Cheese,$4.29 ,,,5 oz,[],,"https://www.instacart.com/image-server/197x197/filters:fill(FFF,true):format(jpg)/d2lnr5mha7bycj.cloudfront.net/product-image/file/large_60d284a5-4f66-4e9e-b490-7cf0a34a568e.png,"
Fresh Thyme Market,Fresh Thyme Market Goat Cheese Crumbles,$4.29 ,,,3.5 oz,['Goat Milk'],Many in stock,"https://www.instacart.com/image-server/197x197/filters:fill(FFF,true):format(jpg)/d2lnr5mha7bycj.cloudfront.net/product-image/file/large_e9aa98a5-0bd9-464d-aca2-b5a2e7ed7dbf.png,"
Fresh Thyme Market,Boar's Head Yellow American Cheese,$8.59 ,/lb,,$0.54/oz,[],Many in stock,"https://www.instacart.com/image-server/197x197/filters:fill(FFF,true):format(jpg)/d2lnr5mha7bycj.cloudfront.net/product-image/file/large_0da9c576-b37b-40a9-b604-941f83c065e1.png,"
Fresh Thyme Market,Original price: $9.69,$8.59 ,,,16 oz,['Cow Milk'],Many in stock,"https://www.instacart.com/image-server/197x197/filters:fill(FFF,true):format(jpg)/d2lnr5mha7bycj.cloudfront.net/product-image/file/large_29d9fafb-aa84-4e7e-bcec-e603029cfbc6.png,"
Fresh Thyme Market,"BelGioioso Fresh Mozzarella Cheese Burrata, Cup 2-4oz Balls",$7.59 ,,,8 oz,['Buffalo Milk'],Many in stock,"https://www.instacart.com/image-server/197x197/filters:fill(FFF,true):format(jpg)/d2lnr5mha7bycj.cloudfront.net/product-image/file/large_f93f1e79-dfc4-40d6-b179-cd7d7c322c94.png,"
Fresh Thyme Market,Athenos Traditional Crumbled Feta Cheese,$6.99 ,,,6 oz,[],,"https://www.instacart.com/image-server/197x197/filters:fill(FFF,true):format(jpg)/d2lnr5mha7bycj.cloudfront.net/product-image/file/large_84bade20-3215-431a-889c-d07ac777fea4.jpg,"
Fresh Thyme Market,Miyoko's Creamery Organic Liquid Vegan Pizza Mozzarella,$8.59 ,,,16 oz,"['Vegan', 'Non-GMO']",,"https://www.instacart.com/image-server/197x197/filters:fill(FFF,true):format(jpg)/d2lnr5mha7bycj.cloudfront.net/product-image/file/large_ce20e924-a333-47b9-99ba-3012f6a5a2af.png,"
Fresh Thyme Market,Original price: $5.39,$4.29 ,,,8 oz,[],Many in stock,"https://www.instacart.com/image-server/197x197/filters:fill(FFF,true):format(jpg)/d2lnr5mha7bycj.cloudfront.net/product-image/file/large_675eaee8-f7ea-4047-9e24-c35ddeda0690.png,"
Fresh Thyme Market,Original price: $3.49,$2.69 ,,,16 oz,['Cow Milk'],Many in stock,"https://www.instacart.com/image-server/197x197/filters:fill(FFF,true):format(jpg)/d2lnr5mha7bycj.cloudfront.net/product-image/file/large_f110678d-885c-4adb-82c6-c5e9d670659a.png,"
Fresh Thyme Market,"Green Valley Creamery Shredded Cheese, Lactose Free, 3 Cheese Mexican",$5.99 ,,,6 oz,['Keto'],,"https://www.instacart.com/image-server/197x197/filters:fill(FFF,true):format(jpg)/d2lnr5mha7bycj.cloudfront.net/product-image/file/large_99ea6f3c-bb85-4ec7-8c7c-f8a89c7b0080.png,"
Fresh Thyme Market,"BelGioioso Parmesan Cheese, Wedge",$5.39 ,,,5 x 5 oz,['Keto'],Many in stock,"https://www.instacart.com/image-server/197x197/filters:fill(FFF,true):format(jpg)/d2lnr5mha7bycj.cloudfront.net/product-image/file/large_665b14aa-8846-450f-8f34-6099fac732d0.jpg,"
Fresh Thyme Market,Organic Valley Finely Shredded Sharp Cheddar Cheese,$6.49 ,,,6 oz,"['Cow Milk', 'Organic']",,"https://www.instacart.com/image-server/197x197/filters:fill(FFF,true):format(jpg)/d2lnr5mha7bycj.cloudfront.net/product-image/file/large_0f93c1ef-a6a6-4df4-a45a-e058e9d64c39.jpg,"
Fresh Thyme Market,Daiya Dairy Free Mexican Blend Cheese Shreds,$5.99 ,,,7.1 oz,"['Vegan', 'Non-GMO']",,"https://www.instacart.com/image-server/197x197/filters:fill(FFF,true):format(jpg)/d2lnr5mha7bycj.cloudfront.net/product-image/file/large_fd475c5a-7d26-4a33-babd-2338fc7ef2ba.jpg,"
Fresh Thyme Market,Original price: $9.69,$8.59 ,,,12 oz,['Keto'],,"https://www.instacart.com/image-server/197x197/filters:fill(FFF,true):format(jpg)/d2lnr5mha7bycj.cloudfront.net/product-image/file/large_7dd4ce5b-a65d-4410-888c-75bab5b267bf.jpg,"
Fresh Thyme Market,Boar's Head Vermont White Cheddar Cheese,$9.69 ,/lb,,$0.61/oz,[],,"https://www.instacart.com/image-server/197x197/filters:fill(FFF,true):format(jpg)/d2lnr5mha7bycj.cloudfront.net/product-image/file/large_66914790-0bee-4f05-bfa6-17c631ab1744.png,"
Fresh Thyme Market,Daiya Dairy Free American Cheese Slices,$5.99 ,,,7.8 oz,"['Vegan', 'Non-GMO']",,"https://www.instacart.com/image-server/197x197/filters:fill(FFF,true):format(jpg)/d2lnr5mha7bycj.cloudfront.net/product-image/file/large_7400981a-355f-4f33-9ead-72a0e115635b.jpg,"
Fresh Thyme Market,Original price: $10.79,$9.69 ,,,8 oz,"['Cow Milk', 'Keto']",Many in stock,"https://www.instacart.com/image-server/197x197/filters:fill(FFF,true):format(jpg)/d2lnr5mha7bycj.cloudfront.net/product-image/file/large_2ede7bd2-f709-4993-8376-c1a5996f105d.png,"
Fresh Thyme Market,Original price: $5.39,$4.29 ,,,7 oz,"['Cow Milk', 'Keto']",Many in stock,"https://www.instacart.com/image-server/197x197/filters:fill(FFF,true):format(jpg)/d2lnr5mha7bycj.cloudfront.net/product-image/file/large_533f6217-118f-46e1-a2c4-7db4563f7d8a.png,"
Fresh Thyme Market,Original price: $8.29,$5.39 ,,,7 oz,"['Vegan', 'Non-GMO']",Many in stock,"https://www.instacart.com/image-server/197x197/filters:fill(FFF,true):format(jpg)/d2lnr5mha7bycj.cloudfront.net/product-image/file/large_9378d791-8c21-4cdc-b992-c05959b93191.png,"
Fresh Thyme Market,Daiya Dairy Free Cheddar Cheese Shreds,$5.99 ,,,7.1 oz,"['Vegan', 'Non-GMO']",,"https://www.instacart.com/image-server/197x197/filters:fill(FFF,true):format(jpg)/d2lnr5mha7bycj.cloudfront.net/product-image/file/large_d6ad26be-359b-409d-84d0-58b8e937ff6c.jpg,"
Fresh Thyme Market,Boursin Garlic & Herb Cheese Spread,$7.59 ,,,5.2 oz,['Keto'],,"https://www.instacart.com/image-server/197x197/filters:fill(FFF,true):format(jpg)/d2lnr5mha7bycj.cloudfront.net/product-image/file/large_c03a4f45-714f-40c8-b777-8c2524726ce9.png,"
Fresh Thyme Market,Original price: $7.59,$4.89 ,,,4 each,['Cow Milk'],Many in stock,"https://www.instacart.com/image-server/197x197/filters:fill(FFF,true):format(jpg)/d2lnr5mha7bycj.cloudfront.net/product-image/file/large_bb9b8bc4-f278-43de-949b-72741249b2ec.png,"
Fresh Thyme Market,Daiya Deliciously Dairy Free Cheddar Style Slices,$5.99 ,,,7.8 oz,"['Vegan', 'Non-GMO']",,"https://www.instacart.com/image-server/197x197/filters:fill(FFF,true):format(jpg)/d2lnr5mha7bycj.cloudfront.net/product-image/file/large_30f50f49-8e23-470d-b37b-099a3887be05.jpg,"
Fresh Thyme Market,Original price: $5.09,$4.29 ,,,7 oz,"['Vegan', 'Non-GMO']",,"https://www.instacart.com/image-server/197x197/filters:fill(FFF,true):format(jpg)/d2lnr5mha7bycj.cloudfront.net/product-image/file/large_5658a03c-d3bb-4a70-8a98-73b25e70c39b.jpg,"
Fresh Thyme Market,"Wyke Farms Ivy's Vintage Reserve, Cheddar Cheese",$8.59 ,,,7 oz,['Keto'],Many in stock,"https://www.instacart.com/image-server/197x197/filters:fill(FFF,true):format(jpg)/d2lnr5mha7bycj.cloudfront.net/product-image/file/large_5fe2e175-52c0-4f08-8ba6-6e6fc0b650d3.jpg,"
Fresh Thyme Market,Daiya Dairy Free Mozzarella Cheese Shreds,$5.99 ,,,7.1 oz,"['Vegan', 'Non-GMO']",,"https://www.instacart.com/image-server/197x197/filters:fill(FFF,true):format(jpg)/d2lnr5mha7bycj.cloudfront.net/product-image/file/large_1253485c-f7ca-4f26-a689-d337dd728bf6.jpg,"
Fresh Thyme Market,Roth Spinach Artichoke Gouda Cheese,$6.49 ,,,6 oz,['Keto'],,"https://www.instacart.com/image-server/197x197/filters:fill(FFF,true):format(jpg)/d2lnr5mha7bycj.cloudfront.net/product-image/file/large_8759d30e-a629-40c5-b4ae-337f34f93f36.png,"
Fresh Thyme Market,Lifeway Old Fash Farmers Chse,$5.39 ,,,16 oz,"['Cow Milk', 'Keto']",,"https://www.instacart.com/image-server/197x197/filters:fill(FFF,true):format(jpg)/d2lnr5mha7bycj.cloudfront.net/product-image/file/large_bf738b6e-8199-4688-b6b3-0c3e07ab4ee5.png,"
Fresh Thyme Market,"Wyke Farms Cheese, Cheddar, Mature",$8.59 ,,,7 oz,[],,"https://www.instacart.com/image-server/197x197/filters:fill(FFF,true):format(jpg)/d2lnr5mha7bycj.cloudfront.net/product-image/file/large_b1e7732d-2e88-4bbd-b1da-bd428d98ace3.png,"
Fresh Thyme Market,"Wyke Farms Cheese, Cheddar, Extra Mature",$8.59 ,,,7 oz,[],,"https://www.instacart.com/image-server/197x197/filters:fill(FFF,true):format(jpg)/d2lnr5mha7bycj.cloudfront.net/product-image/file/large_d676a056-3b91-4118-875d-f0451b944e2e.png,"
Fresh Thyme Market,"Violife Cheese Alternative, Cheddar Slices",$6.49 ,,,10 each,"['Vegan', 'Non-GMO']",,"https://www.instacart.com/image-server/197x197/filters:fill(FFF,true):format(jpg)/d2lnr5mha7bycj.cloudfront.net/product-image/file/large_3d96d2a8-df04-4177-bebe-e2936e4dc217.png,"
Fresh Thyme Market,Violife Block 100% Vegan Feta,$6.49 ,,,8.1 oz,"['Vegan', 'Non-GMO']",,"https://www.instacart.com/image-server/197x197/filters:fill(FFF,true):format(jpg)/d2lnr5mha7bycj.cloudfront.net/product-image/file/large_40c65ba5-8a1b-41fd-abb8-ce7bd47cdb0f.png,"
Fresh Thyme Market,"Kite Hill Ricotta Alternative, Dairy Free",$7.99 ,,,8 oz,"['Vegan', 'Non-GMO']",Many in stock,"https://www.instacart.com/image-server/197x197/filters:fill(FFF,true):format(jpg)/d2lnr5mha7bycj.cloudfront.net/product-image/file/large_bf360554-c028-484c-b2c0-62a92bae845a.png,"
Fresh Thyme Market,Roth French Onion Havarti Cheese,$6.49 ,,,6 oz,['Keto'],,"https://www.instacart.com/image-server/197x197/filters:fill(FFF,true):format(jpg)/d2lnr5mha7bycj.cloudfront.net/product-image/file/large_3f2f17e5-a099-43e9-a3a6-7afd710b4278.png,"
Fresh Thyme Market,"Violife Cheese Alternative, Smoked Provolone Slices",$6.49 ,,,7.05 oz,"['Vegan', 'Non-GMO']",,"https://www.instacart.com/image-server/197x197/filters:fill(FFF,true):format(jpg)/d2lnr5mha7bycj.cloudfront.net/product-image/file/large_1b87443b-9a22-474d-ab19-66b8d6d5fca7.png,"
Fresh Thyme Market,"Violife Cheese Alternative, Parmesan",$6.49 ,,,5.29 oz,"['Vegan', 'Non-GMO']",,"https://www.instacart.com/image-server/197x197/filters:fill(FFF,true):format(jpg)/d2lnr5mha7bycj.cloudfront.net/product-image/file/large_8cec385c-8a9c-4037-b16c-b1224e8f3fbc.png,"
Fresh Thyme Market,"Violife Cheese Alternative, Mozzarella Shreds",$6.49 ,,,8 oz,"['Vegan', 'Non-GMO']",,"https://www.instacart.com/image-server/197x197/filters:fill(FFF,true):format(jpg)/d2lnr5mha7bycj.cloudfront.net/product-image/file/large_d1fde923-fb22-4112-bd2d-bad888d26c8e.png,"
Fresh Thyme Market,Violife Colby Jack Shreds,$6.49 ,,,8 oz,"['Vegan', 'Non-GMO']",,"https://www.instacart.com/image-server/197x197/filters:fill(FFF,true):format(jpg)/d2lnr5mha7bycj.cloudfront.net/product-image/file/large_caf8e481-270a-499e-ac21-ece7de735c1a.png,"
Fresh Thyme Market,"Violife Cheese Alternative, Mature Cheddar, Slices",$6.49 ,,,7.05 oz,"['Vegan', 'Non-GMO']",,"https://www.instacart.com/image-server/197x197/filters:fill(FFF,true):format(jpg)/d2lnr5mha7bycj.cloudfront.net/product-image/file/large_fc50dae7-0967-48eb-9999-e4e89b3b7ab5.png,"
Fresh Thyme Market,Honey Nut Cheerios Heart Healthy Cereal With Happy Heart Shapes,$7.59 ,,,15.4 oz,"['Gluten-Free', 'Whole Grain']",,"https://www.instacart.com/image-server/197x197/filters:fill(FFF,true):format(jpg)/d2lnr5mha7bycj.cloudfront.net/product-image/file/large_da19175e-6c5c-49ce-ac96-9041516048e3.png,"
Fresh Thyme Market,MUSH Dark Chocolate Overnight Oats,$2.49 ,,,5 oz,['Gluten-Free'],,"https://www.instacart.com/image-server/197x197/filters:fill(FFF,true):format(jpg)/d2lnr5mha7bycj.cloudfront.net/product-image/file/large_b7fcb35a-2204-4a22-bd27-18dffbcc7e44.png,"
Fresh Thyme Market,brekki Original Ready-to-eat Oats,$2.69 ,,,150 g,['Gluten-Free'],,"https://www.instacart.com/image-server/197x197/filters:fill(FFF,true):format(jpg)/d2lnr5mha7bycj.cloudfront.net/product-image/file/large_9f3ff86d-ba6a-4446-95d8-d7e9a7a20c47.jpeg,"
Fresh Thyme Market,Kodiak Cakes Maple Brown Sugar Oatmeal Packet,$7.89 ,,,6 x 1.76 oz,[],,"https://www.instacart.com/image-server/197x197/filters:fill(FFF,true):format(jpg)/d2lnr5mha7bycj.cloudfront.net/product-image/file/large_03f9c596-e6ae-43ff-a00f-1e3ba933d281.jpg,"
Fresh Thyme Market,Fresh Thyme Market French Vanilla Almond Granola,$4.89 ,,,12 oz,[],Many in stock,"https://www.instacart.com/image-server/197x197/filters:fill(FFF,true):format(jpg)/d2lnr5mha7bycj.cloudfront.net/product-image/file/large_27f8bac9-4fd2-4f98-9fc5-11fc1ab8c987.png,"
Fresh Thyme Market,Original price: $8.59,$6.99 ,,,8.6 oz,"['Gluten-Free', 'Zero Sugar']",Many in stock,"https://www.instacart.com/image-server/197x197/filters:fill(FFF,true):format(jpg)/d2lnr5mha7bycj.cloudfront.net/product-image/file/large_83a50cb1-d4ff-4937-bda7-6a314c1c01bb.jpg,"
Fresh Thyme Market,Cinnamon Toast Crunch Breakfast Cereal,$7.59 ,,,16.8 oz,['Whole Grain'],,"https://www.instacart.com/image-server/197x197/filters:fill(FFF,true):format(jpg)/d2lnr5mha7bycj.cloudfront.net/product-image/file/large_361a079b-b893-4384-ab54-a505b90335d5.png,"
Fresh Thyme Market,Kodiak Cakes Maple Brown Sugar Oatmeal in a Cup,$3.29 ,,,2.12 oz,[],,"https://www.instacart.com/image-server/197x197/filters:fill(FFF,true):format(jpg)/d2lnr5mha7bycj.cloudfront.net/product-image/file/large_640e1039-6000-4e2a-8e65-0ff2db9f7be2.jpg,"
Fresh Thyme Market,"One Degree Organic Foods Sprouted, Brown Rice Crisps, Organic Cereal",$7.59 ,,,8 oz,"['Gluten-Free', 'Organic']",,"https://www.instacart.com/image-server/197x197/filters:fill(FFF,true):format(jpg)/d2lnr5mha7bycj.cloudfront.net/product-image/file/large_2faf98c7-54c2-4ba8-9081-00fd5d2fb9b9.jpg,"
Fresh Thyme Market,Nature's Path Frosted Berry Strawberry Toaster Pastries,$5.39 ,,,6 ct,['Organic'],,"https://www.instacart.com/image-server/197x197/filters:fill(FFF,true):format(jpg)/d2lnr5mha7bycj.cloudfront.net/product-image/file/large_27eedf97-ab45-4e53-9a71-2036915fa96f.jpg,"
Fresh Thyme Market,Original price: $6.49,$5.99 ,,,16 oz,"['Organic', 'Whole Grain']",,"https://www.instacart.com/image-server/197x197/filters:fill(FFF,true):format(jpg)/d2lnr5mha7bycj.cloudfront.net/product-image/file/large_f93e810f-76d6-40d9-b5bd-0360a82c0979.jpg,"
Fresh Thyme Market,Kodiak Cakes Power Cakes Buttermilk Flapjack & Waffle Mix,$9.69 ,,,20 oz,['Whole Grain'],,"https://www.instacart.com/image-server/197x197/filters:fill(FFF,true):format(jpg)/d2lnr5mha7bycj.cloudfront.net/product-image/file/large_d4c2d3e6-2fa3-4307-b545-974511589a35.jpg,"
Fresh Thyme Market,MUSH Vanilla Bean Overnight Oats,$2.49 ,,,5 oz,['Gluten-Free'],,"https://www.instacart.com/image-server/197x197/filters:fill(FFF,true):format(jpg)/d2lnr5mha7bycj.cloudfront.net/product-image/file/large_cfa6ab58-3e73-4162-afe6-00263ef2a1dc.png,"
Fresh Thyme Market,Original price: $7.59,$5.99 ,,,14 oz,['Gluten-Free'],,"https://www.instacart.com/image-server/197x197/filters:fill(FFF,true):format(jpg)/d2lnr5mha7bycj.cloudfront.net/product-image/file/large_a714beed-72c4-48c3-b3da-26a8a744916b.jpg,"
Fresh Thyme Market,Kodiak Cakes Chocolate Chip Oatmeal in a Cup,$3.29 ,,,2.12 oz,[],,"https://www.instacart.com/image-server/197x197/filters:fill(FFF,true):format(jpg)/d2lnr5mha7bycj.cloudfront.net/product-image/file/large_e5478d77-0c20-49bc-b0f4-6717df6ebbb9.jpg,"
Fresh Thyme Market,"MUSH Apple Cinnamon, Overnight Oats",$2.49 ,,,5 oz,['Gluten-Free'],,"https://www.instacart.com/image-server/197x197/filters:fill(FFF,true):format(jpg)/d2lnr5mha7bycj.cloudfront.net/product-image/file/large_0641dc02-3d45-4ed5-ab64-36a53283d576.png,"
Fresh Thyme Market,"Catalina Crunch Maple Waffle, Keto Friendly Cereal",$9.19 ,,,9 oz,"['Gluten-Free', 'Zero Sugar']",Many in stock,"https://www.instacart.com/image-server/197x197/filters:fill(FFF,true):format(jpg)/d2lnr5mha7bycj.cloudfront.net/product-image/file/large_288cd30d-49f3-4cf6-9c70-c5f11a304412.png,"
Fresh Thyme Market,Barbara's Cinnamon Cereal,$6.49 ,,,10 oz,[],Many in stock,"https://www.instacart.com/image-server/197x197/filters:fill(FFF,true):format(jpg)/d2lnr5mha7bycj.cloudfront.net/product-image/file/large_c66f7ad7-dfaf-4cd9-b294-80e6a7f1184b.jpg,"
Fresh Thyme Market,Birch Benders Organic Classic Pancake & Waffle Mix,$10.79 ,,,40 oz,['Organic'],,"https://www.instacart.com/image-server/197x197/filters:fill(FFF,true):format(jpg)/d2lnr5mha7bycj.cloudfront.net/product-image/file/large_95741a4d-0f04-4b6a-8e6f-b48a52fbcd18.jpg,"
Fresh Thyme Market,"Purely Elizabeth Original Ancient Grain Granola, Organic",$8.09 ,,,12 oz,"['Organic', 'Gluten-Free']",,"https://www.instacart.com/image-server/197x197/filters:fill(FFF,true):format(jpg)/d2lnr5mha7bycj.cloudfront.net/product-image/file/large_1d8c63a6-7b68-46db-aaa1-95aba02afd39.png,"
Fresh Thyme Market,"Cascadian Farm Organic Fruitful O's Cereal, Gluten Free",$6.49 ,,,10.2 oz,"['Organic', 'Whole Grain']",,"https://www.instacart.com/image-server/197x197/filters:fill(FFF,true):format(jpg)/d2lnr5mha7bycj.cloudfront.net/product-image/file/large_18a10788-ad09-4ddb-82ad-b59a6e44c799.png,"
Fresh Thyme Market,Kodiak Cakes Power Cakes Chocolate Chip Flapjack & Waffle Mix,$9.69 ,,,18 oz,['Whole Grain'],,"https://www.instacart.com/image-server/197x197/filters:fill(FFF,true):format(jpg)/d2lnr5mha7bycj.cloudfront.net/product-image/file/large_35283603-909e-45e0-91a6-6c2feafac091.jpg,"
Fresh Thyme Market,Original price: $6.99,$5.99 ,,,16 oz,"['Organic', 'Gluten-Free']",Many in stock,"https://www.instacart.com/image-server/197x197/filters:fill(FFF,true):format(jpg)/d2lnr5mha7bycj.cloudfront.net/product-image/file/large_43cab6ab-677e-4175-bde8-00b98e35baf0.jpg,"
Fresh Thyme Market,Original price: $6.99,$5.99 ,,,22 oz,['Organic'],,"https://www.instacart.com/image-server/197x197/filters:fill(FFF,true):format(jpg)/d2lnr5mha7bycj.cloudfront.net/product-image/file/large_e6b3a0aa-4ba1-475b-99ad-277cde48fb8a.jpg,"
Fresh Thyme Market,"Cascadian Farm Organic Cinnamon Crunch Cereal, Whole Grain Cereal",$6.49 ,,,9.2 oz,"['Organic', 'Whole Grain']",,"https://www.instacart.com/image-server/197x197/filters:fill(FFF,true):format(jpg)/d2lnr5mha7bycj.cloudfront.net/product-image/file/large_86a82b23-7515-42df-a26f-96866cb07c3b.png,"
Fresh Thyme Market,"Bob's Red Mill Protein Oats, Organic",$11.89 ,,,32 oz,['Organic'],,"https://www.instacart.com/image-server/197x197/filters:fill(FFF,true):format(jpg)/d2lnr5mha7bycj.cloudfront.net/product-image/file/large_70a50de0-ca3a-4d49-bdb5-bd0947db0bff.png,"
Fresh Thyme Market,Lucky Charms Gluten Free Breakfast Cereal,$7.59 ,,,14.9 oz,"['Gluten-Free', 'Whole Grain']",,"https://www.instacart.com/image-server/197x197/filters:fill(FFF,true):format(jpg)/d2lnr5mha7bycj.cloudfront.net/product-image/file/large_fe9d2f10-465c-4467-8271-9c3b8a0c0e33.png,"
Fresh Thyme Market,"Catalina Crunch Cinnamon Toast, Keto Friendly Cereal",$9.19 ,,,9 oz,"['Gluten-Free', 'Zero Sugar']",,"https://www.instacart.com/image-server/197x197/filters:fill(FFF,true):format(jpg)/d2lnr5mha7bycj.cloudfront.net/product-image/file/large_bc503a91-9239-47e9-b4a1-8ff4c2dafa0c.png,"
Fresh Thyme Market,brekki Dark Chocolate Ready-to-eat Oats,$2.69 ,,,150 g,['Gluten-Free'],,"https://www.instacart.com/image-server/197x197/filters:fill(FFF,true):format(jpg)/d2lnr5mha7bycj.cloudfront.net/product-image/file/large_22484fd7-961e-4f0e-bd56-b89825dd8427.jpeg,"
Fresh Thyme Market,"Honey Bunches of Oats Honey Roasted Breakfast Cereal, Whole Grain, Family Size",$7.59 ,,,18 oz,['Whole Grain'],Many in stock,"https://www.instacart.com/image-server/197x197/filters:fill(FFF,true):format(jpg)/d2lnr5mha7bycj.cloudfront.net/product-image/file/large_e72499d8-91c0-4ff0-ae44-fff047559448.jpg,"
Fresh Thyme Market,Quaker 1-Minute Oats,$9.19 ,,,42 oz,[],Many in stock,"https://www.instacart.com/image-server/197x197/filters:fill(FFF,true):format(jpg)/d2lnr5mha7bycj.cloudfront.net/product-image/file/large_e9091656-081c-4902-8896-3cade025dc80.png,"
Fresh Thyme Market,Original price: $9.69,$8.59 ,,,7 oz,"['Gluten-Free', 'Keto']",Many in stock,"https://www.instacart.com/image-server/197x197/filters:fill(FFF,true):format(jpg)/d2lnr5mha7bycj.cloudfront.net/product-image/file/large_8a5de493-108e-4807-97b3-df98ab7b244c.jpg,"
Fresh Thyme Market,"Cascadian Farm Organic Berry Vanilla Puffs Cereal, Gluten Free",$6.49 ,,,10.25 oz,"['Gluten-Free', 'Organic']",,"https://www.instacart.com/image-server/197x197/filters:fill(FFF,true):format(jpg)/d2lnr5mha7bycj.cloudfront.net/product-image/file/large_4736ec34-396f-433f-ada4-dc15337dc8b0.png,"
Fresh Thyme Market,Original price: $6.99,$4.19 ,,,16 oz,[],,"https://www.instacart.com/image-server/197x197/filters:fill(FFF,true):format(jpg)/d2lnr5mha7bycj.cloudfront.net/product-image/file/large_f4312de5-7b19-457c-8a49-3cf6197d99b0.png,"
Fresh Thyme Market,"Catalina Crunch Honey Graham, Keto Friendly Cereal",$9.19 ,,,9 oz,"['Gluten-Free', 'Zero Sugar']",Many in stock,"https://www.instacart.com/image-server/197x197/filters:fill(FFF,true):format(jpg)/d2lnr5mha7bycj.cloudfront.net/product-image/file/large_4caf8488-8b5a-45e0-85cd-ae74c344dcd4.png,"
Fresh Thyme Market,"Frosted Flakes Breakfast Cereal, Kids Cereal, Family Breakfast, Original",$6.49 ,,,17.3 oz,[],Many in stock,"https://www.instacart.com/image-server/197x197/filters:fill(FFF,true):format(jpg)/d2lnr5mha7bycj.cloudfront.net/product-image/file/large_e3cbb3bf-08db-4fa2-af62-63c77437e730.jpg,"
Fresh Thyme Market,Nature's Path Flax Plus Red Berry Crunch Cereal,$6.49 ,,,10.6 oz,"['Organic', 'Whole Grain']",,"https://www.instacart.com/image-server/197x197/filters:fill(FFF,true):format(jpg)/d2lnr5mha7bycj.cloudfront.net/product-image/file/large_813b41fc-715f-43ec-9f07-497add940312.jpg,"
Fresh Thyme Market,Wheat Chex Made with Whole Grain Breakfast Cereal,$6.49 ,,,14 oz,['Whole Grain'],,"https://www.instacart.com/image-server/197x197/filters:fill(FFF,true):format(jpg)/d2lnr5mha7bycj.cloudfront.net/product-image/file/large_a9f20e53-ca4b-4c73-961b-d3b8e7fa0d6f.png,"
Fresh Thyme Market,Original price: $8.59,$7.59 ,,,7 oz,"['Gluten-Free', 'Organic']",Many in stock,"https://www.instacart.com/image-server/197x197/filters:fill(FFF,true):format(jpg)/d2lnr5mha7bycj.cloudfront.net/product-image/file/large_7c16800d-f365-4c7a-9429-4dbe8e218515.png,"
Fresh Thyme Market,Original price: $6.99,$6.49 ,,,24 oz,['Whole Grain'],Many in stock,"https://www.instacart.com/image-server/197x197/filters:fill(FFF,true):format(jpg)/d2lnr5mha7bycj.cloudfront.net/product-image/file/large_60012341-d597-4025-a0db-dad2e8522362.png,"
Fresh Thyme Market,Original price: $7.19,$4.39 ,,,8 x 1.51 oz,[],Many in stock,"https://www.instacart.com/image-server/197x197/filters:fill(FFF,true):format(jpg)/d2lnr5mha7bycj.cloudfront.net/product-image/file/large_6c806aac-a1b1-4df8-a32d-a1281f92b2f2.png,"
Fresh Thyme Market,Original price: $7.89,$4.69 ,,,6 x 1.76 oz,[],,"https://www.instacart.com/image-server/197x197/filters:fill(FFF,true):format(jpg)/d2lnr5mha7bycj.cloudfront.net/product-image/file/large_9b97c46e-fe11-421d-aff0-1fd38c21c940.jpg,"
Fresh Thyme Market,Original price: $7.59,$6.29 ,,,11 oz,['Gluten-Free'],,"https://www.instacart.com/image-server/197x197/filters:fill(FFF,true):format(jpg)/d2lnr5mha7bycj.cloudfront.net/product-image/file/large_dcaa6c9b-52b2-49b4-8197-997182c51753.jpg,"
Fresh Thyme Market,Kodiak Cakes Power Cakes Cinnamon Oat Flapjack & Waffle Mix,$9.69 ,,,20 oz,['Whole Grain'],,"https://www.instacart.com/image-server/197x197/filters:fill(FFF,true):format(jpg)/d2lnr5mha7bycj.cloudfront.net/product-image/file/large_3e80c33b-b9a8-402d-8a6e-6713d3b6755c.jpg,"
Fresh Thyme Market,Original price: $8.59,$6.49 ,,,6 x 1.76 oz,['Gluten-Free'],,"https://www.instacart.com/image-server/197x197/filters:fill(FFF,true):format(jpg)/d2lnr5mha7bycj.cloudfront.net/product-image/file/large_6f1b8904-f838-465a-8ec7-b16192e1d5c8.png,"
Fresh Thyme Market,Original price: $6.49,$4.29 ,,,12 oz,[],,"https://www.instacart.com/image-server/197x197/filters:fill(FFF,true):format(jpg)/d2lnr5mha7bycj.cloudfront.net/product-image/file/large_2afcfff3-e374-48fa-854a-5f5ad2a569a4.jpg,"
Fresh Thyme Market,Hungry Jack Complete Extra Light And Fluffy Pancake Mix And Waffle Mix,$4.29 ,,,32 oz,[],Many in stock,"https://www.instacart.com/image-server/197x197/filters:fill(FFF,true):format(jpg)/d2lnr5mha7bycj.cloudfront.net/product-image/file/large_202b021f-6fb1-4d60-b18d-b767ce4361d5.png,"
Fresh Thyme Market,"Bob's Red Mill Oatmeal Cup, Brown Sugar & Maple, Gluten Free",$3.29 ,,,2.15 oz,['Gluten-Free'],,"https://www.instacart.com/image-server/197x197/filters:fill(FFF,true):format(jpg)/d2lnr5mha7bycj.cloudfront.net/product-image/file/large_e01ae613-f85a-47b4-8f6a-888ff21820af.jpg,"
Fresh Thyme Market,"Bob's Red Mill Gluten Free Oatmeal Cup, Apple & Cinnamon",$3.29 ,,,2.36 oz,['Gluten-Free'],,"https://www.instacart.com/image-server/197x197/filters:fill(FFF,true):format(jpg)/d2lnr5mha7bycj.cloudfront.net/product-image/file/large_d1f51850-3d91-44e0-9920-5dce950e0d2e.jpg,"
Fresh Thyme Market,Nature's Path Original Oatmeal,$5.99 ,,,8 ct,['Organic'],,"https://www.instacart.com/image-server/197x197/filters:fill(FFF,true):format(jpg)/d2lnr5mha7bycj.cloudfront.net/product-image/file/large_12ef8b50-7038-47f7-af22-d8a03ca7f496.jpg,"
Fresh Thyme Market,Post Premier Protein Chocolate Almond Cereal,$10.79 ,,,9 oz,[],,"https://www.instacart.com/image-server/197x197/filters:fill(FFF,true):format(jpg)/d2lnr5mha7bycj.cloudfront.net/product-image/file/large_dc1b51b5-e4b2-492c-b124-dd977087d57f.png,"
Fresh Thyme Market,"Kellogg’s Special K Breakfast Cereal, Family Breakfast, Fiber Cereal, Red Berries",$6.49 ,,,11.7 oz,['Whole Grain'],,"https://www.instacart.com/image-server/197x197/filters:fill(FFF,true):format(jpg)/d2lnr5mha7bycj.cloudfront.net/product-image/file/large_81b16529-c546-41e2-a537-69c46c61fe48.jpg,"
Fresh Thyme Market,Original price: $7.89,$6.49 ,,,32 oz,[],,"https://www.instacart.com/image-server/197x197/filters:fill(FFF,true):format(jpg)/d2lnr5mha7bycj.cloudfront.net/product-image/file/large_75ea4bae-3649-4a7b-974b-6a5ef6d3f4d8.jpg,"
Fresh Thyme Market,Original price: $5.39,$4.79 ,,,52 fl oz • 4 options,[],Many in stock,"https://www.instacart.com/image-server/197x197/filters:fill(FFF,true):format(jpg)/d2lnr5mha7bycj.cloudfront.net/product-image/file/large_d7fd9a71-3212-4fd9-bc93-cbd47a99f69e.png,"
Fresh Thyme Market,Fresh Thyme Market NFC Orange Juice,$3.99 ,,,52 fl oz,[],,"https://www.instacart.com/image-server/197x197/filters:fill(FFF,true):format(jpg)/d2lnr5mha7bycj.cloudfront.net/product-image/file/large_961a36c7-0fb9-46bf-8f41-6f930e6b4432.png,"
Fresh Thyme Market,Fresh Thyme Market Organic Strawberry Lemonade,$3.79 ,,,64 fl oz,['Organic'],Many in stock,"https://www.instacart.com/image-server/197x197/filters:fill(FFF,true):format(jpg)/d2lnr5mha7bycj.cloudfront.net/product-image/file/large_80205ea3-8759-4321-93c6-39dcb0d399b4.png,"
Fresh Thyme Market,"Natalie's Juice, Orange Beet",$4.29 ,,,16 fl oz,['Organic'],Many in stock,"https://www.instacart.com/image-server/197x197/filters:fill(FFF,true):format(jpg)/d2lnr5mha7bycj.cloudfront.net/product-image/file/large_96f25404-07e0-4f86-8f22-03c6fde791cf.png,"
Fresh Thyme Market,Fresh Thyme Market Apple Organic Juice,$4.89 ,,,64 fl oz,['Organic'],,"https://www.instacart.com/image-server/197x197/filters:fill(FFF,true):format(jpg)/d2lnr5mha7bycj.cloudfront.net/product-image/file/large_4cb73673-6d15-404a-bea5-30345581c2ee.png,"
Fresh Thyme Market,Fresh Thyme Market Organic Lemonade,$3.79 ,,,64 fl oz,['Organic'],Many in stock,"https://www.instacart.com/image-server/197x197/filters:fill(FFF,true):format(jpg)/d2lnr5mha7bycj.cloudfront.net/product-image/file/large_431dd0b9-1438-4b77-8064-7ca97fc79c19.png,"
Fresh Thyme Market,"Natalie's Lemonade, Strawberry",$6.49 ,,,fl oz,[],Many in stock,"https://www.instacart.com/image-server/197x197/filters:fill(FFF,true):format(jpg)/d2lnr5mha7bycj.cloudfront.net/product-image/file/large_d0d0d471-65ed-42e4-8aec-a8b102c617fa.png,"
Fresh Thyme Market,Fresh Squeezed Orange Juice,$7.59 ,,,32 fl oz,[],,"https://www.instacart.com/image-server/197x197/filters:fill(FFF,true):format(jpg)/d2lnr5mha7bycj.cloudfront.net/product-image/file/large_9f9cf8dd-1b8b-4c2c-ab9e-87ee9527af94.png,"
Fresh Thyme Market,Original price: $6.49,$5.39 ,,,8 x 6.75 fl oz,"['Organic', 'No Sugar Added']",Many in stock,"https://www.instacart.com/image-server/197x197/filters:fill(FFF,true):format(jpg)/d2lnr5mha7bycj.cloudfront.net/product-image/file/large_c527da17-6fd5-400a-b3bb-57b4ab3e01c6.jpg,"
Fresh Thyme Market,"Natalie's Juice, Organic, Orange",$4.29 ,,,16 fl oz,['Organic'],,"https://www.instacart.com/image-server/197x197/filters:fill(FFF,true):format(jpg)/d2lnr5mha7bycj.cloudfront.net/product-image/file/large_544ae23e-94c3-4030-bf5f-3e30b659a0cd.png,"
Fresh Thyme Market,Fresh Thyme Market NFC Orange Juice With Calcium,$3.99 ,,,52 fl oz,[],,"https://www.instacart.com/image-server/197x197/filters:fill(FFF,true):format(jpg)/d2lnr5mha7bycj.cloudfront.net/product-image/file/large_4ac2aaf8-26b3-40e3-8e3d-ab1d4e29c450.png,"
Fresh Thyme Market,Fresh Thyme Market Mango Organic Lemonade,$3.79 ,,,64 fl oz,['Organic'],Many in stock,"https://www.instacart.com/image-server/197x197/filters:fill(FFF,true):format(jpg)/d2lnr5mha7bycj.cloudfront.net/product-image/file/large_90dd6de1-0871-436d-a27e-495d448aef0d.png,"
Fresh Thyme Market,Welch's 100% Grape Juice,$6.99 ,,,64 fl oz,['No Sugar Added'],Many in stock,"https://www.instacart.com/image-server/197x197/filters:fill(FFF,true):format(jpg)/d2lnr5mha7bycj.cloudfront.net/product-image/file/large_d2b60f7e-d78b-465b-abe5-1cdcf051e53c.jpg,"
Fresh Thyme Market,"Natalie's Juice, Orange Mango",$6.49 ,,,32 fl oz,['No Sugar Added'],Many in stock,"https://www.instacart.com/image-server/197x197/filters:fill(FFF,true):format(jpg)/d2lnr5mha7bycj.cloudfront.net/product-image/file/large_f4085894-952d-48cb-8867-811c8b8c9fe5.png,"
Fresh Thyme Market,"Natalie's Lemonade, Natural",$5.39 ,,,fl oz,[],,"https://www.instacart.com/image-server/197x197/filters:fill(FFF,true):format(jpg)/d2lnr5mha7bycj.cloudfront.net/product-image/file/large_01e0ad11-1ae1-4d07-b25b-3d3224322782.png,"
Fresh Thyme Market,"Natalie's Juice, Blood Orange",$4.29 ,,,16 fl oz,[],,"https://www.instacart.com/image-server/197x197/filters:fill(FFF,true):format(jpg)/d2lnr5mha7bycj.cloudfront.net/product-image/file/large_3dbc16bf-c4f5-4bab-8037-4af243a0a047.png,"
Fresh Thyme Market,Fresh Thyme Market Tart Cherry Organic Juice From Concentrate,$5.69 ,,,32 fl oz,['Organic'],,"https://www.instacart.com/image-server/197x197/filters:fill(FFF,true):format(jpg)/d2lnr5mha7bycj.cloudfront.net/product-image/file/large_73b1c645-b021-4fba-a9a4-6baf61456816.png,"
Fresh Thyme Market,"Tropicana 100% Juice, Orange, Original",$8.59 ,,,89 fl oz • 4 options,['No Sugar Added'],Many in stock,"https://www.instacart.com/image-server/197x197/filters:fill(FFF,true):format(jpg)/d2lnr5mha7bycj.cloudfront.net/product-image/file/large_26134ee4-262e-46d8-9460-e81517bbc755.png,"
Fresh Thyme Market,"Natalie's Juice, Grapefruit",$6.49 ,,,32 fl oz,['No Sugar Added'],,"https://www.instacart.com/image-server/197x197/filters:fill(FFF,true):format(jpg)/d2lnr5mha7bycj.cloudfront.net/product-image/file/large_f4a4d14d-311c-4224-988b-3c73c52e5d30.png,"
Fresh Thyme Market,Uncle Matt's Organic Orange Juice with Pulp,$9.69 ,,,52 fl oz,['Organic'],,"https://www.instacart.com/image-server/197x197/filters:fill(FFF,true):format(jpg)/d2lnr5mha7bycj.cloudfront.net/product-image/file/large_c23519d7-ac88-42d1-a2bb-08c50a319e70.jpg,"
Fresh Thyme Market,Original price: $6.49,$5.39 ,,,8 x 6.7 fl oz,"['Organic', 'No Sugar Added']",Many in stock,"https://www.instacart.com/image-server/197x197/filters:fill(FFF,true):format(jpg)/d2lnr5mha7bycj.cloudfront.net/product-image/file/large_d63fabfb-f0dd-4a5b-863e-b55ff9b026ea.jpg,"
Fresh Thyme Market,"Natalie's Juice, Tangerine",$6.49 ,,,32 fl oz,['No Sugar Added'],,"https://www.instacart.com/image-server/197x197/filters:fill(FFF,true):format(jpg)/d2lnr5mha7bycj.cloudfront.net/product-image/file/large_1b0ccdb5-cf0f-40e9-83cb-e3b40c9b7764.png,"
Fresh Thyme Market,"GoodBelly Juice Drink, Mango",$4.29 ,,,32 fl oz,['Organic'],Many in stock,"https://www.instacart.com/image-server/197x197/filters:fill(FFF,true):format(jpg)/d2lnr5mha7bycj.cloudfront.net/product-image/file/large_35ebd34f-9fed-4ae9-81d8-e73b81510764.png,"
Fresh Thyme Market,"Naked Juice, Mighty Mango",$4.29 ,,,15.2 fl oz,[],,"https://www.instacart.com/image-server/197x197/filters:fill(FFF,true):format(jpg)/d2lnr5mha7bycj.cloudfront.net/product-image/file/large_bd23ac11-4a7e-4a23-9d8a-de264f61d1ba.png,"
Fresh Thyme Market,"Natalie's Juice, Tangerine",$4.29 ,,,16 fl oz,[],,"https://www.instacart.com/image-server/197x197/filters:fill(FFF,true):format(jpg)/d2lnr5mha7bycj.cloudfront.net/product-image/file/large_8a588ccf-2b0e-4107-9344-b73ef1934c36.png,"
Fresh Thyme Market,"Tropicana Juice, Pineapple Mango Splash",$4.29 ,,,52 fl oz,[],,"https://www.instacart.com/image-server/197x197/filters:fill(FFF,true):format(jpg)/d2lnr5mha7bycj.cloudfront.net/product-image/file/large_8db7e402-1a67-43a6-840b-746f6e1a7d67.png,"
Fresh Thyme Market,Fresh Thyme Market Lemonade Cold-pressed Juice,$4.29 ,,,16 fl oz,[],,"https://www.instacart.com/image-server/197x197/filters:fill(FFF,true):format(jpg)/d2lnr5mha7bycj.cloudfront.net/product-image/file/large_2f4287ef-b6d8-4cf2-84d5-259412811eb8.png,"
Fresh Thyme Market,POM Wonderful 100% Pomegranate Juice,$10.79 ,,,48 fl oz,['No Sugar Added'],Many in stock,"https://www.instacart.com/image-server/197x197/filters:fill(FFF,true):format(jpg)/d2lnr5mha7bycj.cloudfront.net/product-image/file/large_8b81a5cb-4fc3-4222-85d4-68080786e6f2.png,"
Fresh Thyme Market,Swoon Zero Sugar Half and Half,$2.49 ,,,12 fl oz,['Zero Sugar'],,"https://www.instacart.com/image-server/197x197/filters:fill(FFF,true):format(jpg)/d2lnr5mha7bycj.cloudfront.net/product-image/file/large_3c98cb58-73ec-437e-9902-26088a4c0890.jpeg,"
Fresh Thyme Market,Swoon Zero Sugar Ginger Lemonade,$2.49 ,,,12 fl oz,['Zero Sugar'],,"https://www.instacart.com/image-server/197x197/filters:fill(FFF,true):format(jpg)/d2lnr5mha7bycj.cloudfront.net/product-image/file/large_d802f565-ea87-4d24-baab-63c3777f8d23.jpeg,"
Fresh Thyme Market,"Natalie's Juice, Blood Orange",$8.59 ,,,32 fl oz,[],Many in stock,"https://www.instacart.com/image-server/197x197/filters:fill(FFF,true):format(jpg)/d2lnr5mha7bycj.cloudfront.net/product-image/file/large_055cbab9-c4cf-4b7f-a665-a4c4e314f75b.png,"
Fresh Thyme Market,Original price: $5.39,$4.79 ,,,52 fl oz • 2 options,[],,"https://www.instacart.com/image-server/197x197/filters:fill(FFF,true):format(jpg)/d2lnr5mha7bycj.cloudfront.net/product-image/file/large_faca71e0-ca6f-492b-b809-e4367c3534f4.png,"
Fresh Thyme Market,Swoon Zero Sugar Classic Lemonade,$2.49 ,,,12 fl oz,['Zero Sugar'],,"https://www.instacart.com/image-server/197x197/filters:fill(FFF,true):format(jpg)/d2lnr5mha7bycj.cloudfront.net/product-image/file/large_7026593c-e787-4d94-a0b1-50bb96701f8c.jpeg,"
Fresh Thyme Market,"Natalie's Juice, Orange Mango",$4.29 ,,,16 fl oz,[],,"https://www.instacart.com/image-server/197x197/filters:fill(FFF,true):format(jpg)/d2lnr5mha7bycj.cloudfront.net/product-image/file/large_baeadefa-cb54-4c71-bc05-c35b0d70445c.png,"
Fresh Thyme Market,"Uncle Matt's Organic Ultimate Immune, Orange Juice",$10.79 ,,,52 fl oz,['Organic'],,"https://www.instacart.com/image-server/197x197/filters:fill(FFF,true):format(jpg)/d2lnr5mha7bycj.cloudfront.net/product-image/file/large_13f5f5d5-1444-435c-8eef-87c8b050d301.jpg,"
Fresh Thyme Market,Swoon Zero Sugar Pink Lemonade,$2.49 ,,,12 fl oz,['Zero Sugar'],,"https://www.instacart.com/image-server/197x197/filters:fill(FFF,true):format(jpg)/d2lnr5mha7bycj.cloudfront.net/product-image/file/large_63f9e03e-b3f6-412d-b22e-1bf6c21c9603.jpeg,"
Fresh Thyme Market,Original price: $17.19,$9.69 ,,,"Original price: $17.19
$17.19",[],,"https://www.instacart.com/image-server/197x197/filters:fill(FFF,true):format(jpg)/d1s8987jlndkbs.cloudfront.net/assets/missing-item-4bbe82b8555e4d1c12626fd482cb2409713e8e30835645ff3650ef66a725d03c.png,"
Fresh Thyme Market,"ROAR Organic Strawberry Lemonade, Organic",$2.69 ,,,18 fl oz,['Organic'],,"https://www.instacart.com/image-server/197x197/filters:fill(FFF,true):format(jpg)/d2lnr5mha7bycj.cloudfront.net/product-image/file/large_8dfbb911-7c44-4119-b432-968d8bc31a7a.png,"
Fresh Thyme Market,Original price: $12.19,$8.59 ,,,32 fl oz,"['Organic', 'Unsweetened']",,"https://www.instacart.com/image-server/197x197/filters:fill(FFF,true):format(jpg)/d2lnr5mha7bycj.cloudfront.net/product-image/file/large_ac8e1958-6330-488a-9d8f-588481e67e81.png,"
Fresh Thyme Market,R.W. Knudsen Family Organic Cherry Juice,$10.79 ,,,32 fl oz,['Organic'],,"https://www.instacart.com/image-server/197x197/filters:fill(FFF,true):format(jpg)/d2lnr5mha7bycj.cloudfront.net/product-image/file/large_0e8175fc-3acb-4577-ae2e-1daf8364c355.png,"
Fresh Thyme Market,Fresh Thyme Market Maple Organic Syrup,$7.59 ,,,8 fl oz,['Organic'],Many in stock,"https://www.instacart.com/image-server/197x197/filters:fill(FFF,true):format(jpg)/d2lnr5mha7bycj.cloudfront.net/product-image/file/large_4728deb7-c239-4e2a-af9f-08c8a09725f9.png,"
Fresh Thyme Market,"Siete Taco Seasoning, Mild",$3.29 ,,,1.31 oz,[],,"https://www.instacart.com/image-server/197x197/filters:fill(FFF,true):format(jpg)/d2lnr5mha7bycj.cloudfront.net/product-image/file/large_ee0e7020-3990-4679-9edf-04d93d385479.png,"
Fresh Thyme Market,Fresh Thyme Market Extra Virgin Olive Oil Spray,$6.49 ,,,5 fl oz,[],Many in stock,"https://www.instacart.com/image-server/197x197/filters:fill(FFF,true):format(jpg)/d2lnr5mha7bycj.cloudfront.net/product-image/file/large_5cc295a9-c063-4f3b-a7be-cb354a9785d3.png,"
Fresh Thyme Market,Original price: $23.69,$17.19 ,,,4 oz,"['Gluten-Free', 'Organic']",,"https://www.instacart.com/image-server/197x197/filters:fill(FFF,true):format(jpg)/d2lnr5mha7bycj.cloudfront.net/product-image/file/large_1237135c-7aa0-4117-8f03-a34bd41b8d09.png,"
Fresh Thyme Market,Sweet Loren's Chocolate Chunk Cookie Dough,$6.99 ,,,12 oz,"['Vegan', 'Gluten-Free']",,"https://www.instacart.com/image-server/197x197/filters:fill(FFF,true):format(jpg)/d2lnr5mha7bycj.cloudfront.net/product-image/file/large_a967cbcd-eaac-4ba5-b116-97fb751b0f63.png,"
Fresh Thyme Market,"""JIFFY"" Corn Muffin Mix",$1.39 ,,,8.5 oz,[],,"https://www.instacart.com/image-server/197x197/filters:fill(FFF,true):format(jpg)/d2lnr5mha7bycj.cloudfront.net/product-image/file/large_2330e7ee-8f71-422e-b082-f503f0a1659e.png,"
Fresh Thyme Market,Fresh Thyme Market White Vinegar,$4.69 ,,,128 fl oz,[],Many in stock,"https://www.instacart.com/image-server/197x197/filters:fill(FFF,true):format(jpg)/d2lnr5mha7bycj.cloudfront.net/product-image/file/large_00f4fca9-5005-49b8-943a-98be22ac4782.png,"
Fresh Thyme Market,"Arm & Hammer Baking Soda, Pure",$1.89 ,,,16 oz,[],,"https://www.instacart.com/image-server/197x197/filters:fill(FFF,true):format(jpg)/d2lnr5mha7bycj.cloudfront.net/product-image/file/large_800cbf5b-12f5-4a46-9859-021baae98474.jpg,"
Fresh Thyme Market,Original price: $10.79,$7.59 ,,,17.5 oz,"['Organic', 'Vegan']",,"https://www.instacart.com/image-server/197x197/filters:fill(FFF,true):format(jpg)/d2lnr5mha7bycj.cloudfront.net/product-image/file/large_9dcd7d5b-72ec-4b35-bde6-35197b5be814.png,"
Fresh Thyme Market,Fresh Thyme Market All Natural Pizza Dough,$3.29 ,,,per lb,[],,"https://www.instacart.com/image-server/197x197/filters:fill(FFF,true):format(jpg)/d2lnr5mha7bycj.cloudfront.net/product-image/file/large_f5bf8ffb-3de8-40f1-bbcd-87e862dee4c7.jpg,"
Fresh Thyme Market,Navitas Organics Cacao Powder,$15.09 ,,,8 oz,"['Gluten-Free', 'Organic']",,"https://www.instacart.com/image-server/197x197/filters:fill(FFF,true):format(jpg)/d2lnr5mha7bycj.cloudfront.net/product-image/file/large_dd3a8602-bc99-4443-a421-f3b97304a4e0.png,"
Fresh Thyme Market,Original price: $9.19,$6.39 ,,,17.5 oz,"['Organic', 'Vegan']",Many in stock,"https://www.instacart.com/image-server/197x197/filters:fill(FFF,true):format(jpg)/d2lnr5mha7bycj.cloudfront.net/product-image/file/large_a461e879-4a1e-457e-aa15-1e648c47e0a5.png,"
Fresh Thyme Market,Thai Kitchen Unsweetened Coconut Milk,$3.59 ,,,13.66 fl oz,[],,"https://www.instacart.com/image-server/197x197/filters:fill(FFF,true):format(jpg)/d2lnr5mha7bycj.cloudfront.net/product-image/file/large_e5ef2e34-3120-43cf-8a58-5cdd64343c76.jpg,"
Fresh Thyme Market,Toll House Chocolate Chip Cookie Dough,$5.39 ,,,24 ct,[],,"https://www.instacart.com/image-server/197x197/filters:fill(FFF,true):format(jpg)/d2lnr5mha7bycj.cloudfront.net/product-image/file/large_3c28670b-7419-45de-bf0b-5e4b2da2c844.jpg,"
Fresh Thyme Market,Sweet Loren's Sugar Cookie Dough,$6.99 ,,,12 x 12 oz,"['Vegan', 'Gluten-Free']",Many in stock,"https://www.instacart.com/image-server/197x197/filters:fill(FFF,true):format(jpg)/d2lnr5mha7bycj.cloudfront.net/product-image/file/large_22f9a68e-0614-459c-b4ea-a513cf5e265d.png,"
Fresh Thyme Market,Original price: $6.99,$4.89 ,,,8 oz,['Organic'],,"https://www.instacart.com/image-server/197x197/filters:fill(FFF,true):format(jpg)/d2lnr5mha7bycj.cloudfront.net/product-image/file/large_82a2f5c6-ff2b-49ee-a985-7bad93b8b74d.png,"
Fresh Thyme Market,Fresh Thyme Market Organic Honey,$9.69 ,,,16 oz,['Organic'],,"https://www.instacart.com/image-server/197x197/filters:fill(FFF,true):format(jpg)/d2lnr5mha7bycj.cloudfront.net/product-image/file/large_1b8ae5db-934a-411e-b903-558b747ff253.png,"
Fresh Thyme Market,Original price: $6.99,$4.89 ,,,16 oz,['Organic'],Many in stock,"https://www.instacart.com/image-server/197x197/filters:fill(FFF,true):format(jpg)/d2lnr5mha7bycj.cloudfront.net/product-image/file/large_7241805c-a302-4d0f-86cc-3f3aef91be84.png,"
Fresh Thyme Market,Sweet Loren's Fudgy Brownie Cookie Dough,$6.99 ,,,12 oz,"['Vegan', 'Gluten-Free']",Many in stock,"https://www.instacart.com/image-server/197x197/filters:fill(FFF,true):format(jpg)/d2lnr5mha7bycj.cloudfront.net/product-image/file/large_5633e7de-e31c-4b77-9a73-bbf12547f629.png,"
Fresh Thyme Market,Fresh Thyme Market Organic Extra Virgin Olive Oil,$18.29 ,,,33.8 fl oz,['Organic'],,"https://www.instacart.com/image-server/197x197/filters:fill(FFF,true):format(jpg)/d2lnr5mha7bycj.cloudfront.net/product-image/file/large_908e7d02-5c34-4d68-b740-c0dbbedc46f1.png,"
Fresh Thyme Market,Fresh Thyme Market Fine Grain Sea Salt,$2.99 ,,,26.5 oz,[],Many in stock,"https://www.instacart.com/image-server/197x197/filters:fill(FFF,true):format(jpg)/d2lnr5mha7bycj.cloudfront.net/product-image/file/large_c8b22168-f41c-4652-8bf8-fa6d9683bbee.png,"
Fresh Thyme Market,Original price: $5.39,$4.39 ,,,32 fl oz,[],,"https://www.instacart.com/image-server/197x197/filters:fill(FFF,true):format(jpg)/d2lnr5mha7bycj.cloudfront.net/product-image/file/large_8baf48d6-82f9-4d5e-9a85-177b9845eabd.png,"
Fresh Thyme Market,Sweet Loren's Oatmeal Cranberry Cookie Dough,$6.99 ,,,12 x 12 oz,"['Vegan', 'Gluten-Free']",,"https://www.instacart.com/image-server/197x197/filters:fill(FFF,true):format(jpg)/d2lnr5mha7bycj.cloudfront.net/product-image/file/large_17e7ddd4-f75d-4b78-9304-37b2da26fe17.png,"
Fresh Thyme Market,Original price: $6.29,$5.19 ,,,5 fl oz,[],Many in stock,"https://www.instacart.com/image-server/197x197/filters:fill(FFF,true):format(jpg)/d2lnr5mha7bycj.cloudfront.net/product-image/file/large_8ff8b358-539e-4af5-8de9-db06634974ad.png,"
Fresh Thyme Market,"Essential Everyday Sugar, Granulated, Pure",$4.19 ,,,4 lb,[],,"https://www.instacart.com/image-server/197x197/filters:fill(FFF,true):format(jpg)/d2lnr5mha7bycj.cloudfront.net/product-image/file/large_549e8ca8-b41b-4ce9-a63b-20d8162e6be6.png,"
Fresh Thyme Market,Pillsbury Cinnamon Rolls with Original Icing,$2.69 ,,,7.3 oz,[],,"https://www.instacart.com/image-server/197x197/filters:fill(FFF,true):format(jpg)/d2lnr5mha7bycj.cloudfront.net/product-image/file/large_f70edf3f-13b5-4b0e-a0e5-8e63549f69e7.png,"
Fresh Thyme Market,Original price: $1.89,$1.29 ,,,1 oz,[],,"https://www.instacart.com/image-server/197x197/filters:fill(FFF,true):format(jpg)/d2lnr5mha7bycj.cloudfront.net/product-image/file/large_f370d5a8-6ed6-4f53-86be-56dcf94c7142.jpg,"
Fresh Thyme Market,Toll House Dark Chocolate Chips,$5.09 ,,,10 oz,[],,"https://www.instacart.com/image-server/197x197/filters:fill(FFF,true):format(jpg)/d2lnr5mha7bycj.cloudfront.net/product-image/file/large_5564a1ee-9ee2-4340-aa5e-2af96247a5f1.jpg,"
Fresh Thyme Market,Hidden Valley Original Ranch Dips Mix,$2.49 ,,,1 oz,[],,"https://www.instacart.com/image-server/197x197/filters:fill(FFF,true):format(jpg)/d2lnr5mha7bycj.cloudfront.net/product-image/file/large_ce6cabe8-6039-4d98-9757-1d9a21a89a7e.jpg,"
Fresh Thyme Market,Hungry Jack Original Pancake Syrup,$5.99 ,,,27.6 fl oz,[],,"https://www.instacart.com/image-server/197x197/filters:fill(FFF,true):format(jpg)/d2lnr5mha7bycj.cloudfront.net/product-image/file/large_d2415e6d-29cf-436d-8e3e-6f65826525f7.jpg,"
Fresh Thyme Market,Toll House Semi Sweet Chocolate Chips,$5.09 ,,,12 oz,[],,"https://www.instacart.com/image-server/197x197/filters:fill(FFF,true):format(jpg)/d2lnr5mha7bycj.cloudfront.net/product-image/file/large_f414ed0e-0641-4cb8-bf6a-a5ab3274de0d.jpg,"
Fresh Thyme Market,"California Olive Ranch Olive Oil, Extra Virgin, Medium",$20.99 ,,,25.4 fl oz,[],Many in stock,"https://www.instacart.com/image-server/197x197/filters:fill(FFF,true):format(jpg)/d2lnr5mha7bycj.cloudfront.net/product-image/file/large_6afa5e70-c817-4214-9a67-05e9a6e1dca2.png,"
Fresh Thyme Market,Original price: $7.59,$5.69 ,,,1.94 oz,['Organic'],Many in stock,"https://www.instacart.com/image-server/197x197/filters:fill(FFF,true):format(jpg)/d2lnr5mha7bycj.cloudfront.net/product-image/file/large_eba0444d-196b-4c1d-9fd8-54253f9dd97e.png,"
Fresh Thyme Market,Bragg Organic Raw Unfiltered Apple Cider Vinegar,$5.69 ,,,16 oz,['Organic'],,"https://www.instacart.com/image-server/197x197/filters:fill(FFF,true):format(jpg)/d2lnr5mha7bycj.cloudfront.net/product-image/file/large_e3e734ac-962a-4fc0-be9d-b605a1d318ec.png,"
Fresh Thyme Market,Original price: $6.49,$5.19 ,,,2.38 oz,['Organic'],,"https://www.instacart.com/image-server/197x197/filters:fill(FFF,true):format(jpg)/d2lnr5mha7bycj.cloudfront.net/product-image/file/large_47a3b4a7-9793-4a5e-b5be-8f290e24687e.png,"
Fresh Thyme Market,Original price: $8.59,$6.99 ,,,2 lb,"['Organic', 'Gluten-Free']",Many in stock,"https://www.instacart.com/image-server/197x197/filters:fill(FFF,true):format(jpg)/d2lnr5mha7bycj.cloudfront.net/product-image/file/large_1eb51318-1650-4d93-a0c8-e0ca27c44e77.png,"
Fresh Thyme Market,Really Raw Honey Honey,$17.19 ,,,1 lb,[],Many in stock,"https://www.instacart.com/image-server/197x197/filters:fill(FFF,true):format(jpg)/d2lnr5mha7bycj.cloudfront.net/product-image/file/large_4c5cf566-20f5-49e8-a271-4dc2114ec70f.png,"
Fresh Thyme Market,"Bragg Apple Cider Vinegar, Organic, Raw-Unfiltered",$25.79 ,,,128 fl oz,['Organic'],,"https://www.instacart.com/image-server/197x197/filters:fill(FFF,true):format(jpg)/d2lnr5mha7bycj.cloudfront.net/product-image/file/large_5b53b3d4-0847-467b-a06d-7e5531045b93.png,"
Fresh Thyme Market,Original price: $6.49,$5.39 ,,,300 mg,[],,"https://www.instacart.com/image-server/197x197/filters:fill(FFF,true):format(jpg)/d1s8987jlndkbs.cloudfront.net/assets/missing-item-4bbe82b8555e4d1c12626fd482cb2409713e8e30835645ff3650ef66a725d03c.png,"
Fresh Thyme Market,Original price: $7.59,$6.49 ,,,6 oz,['Organic'],Many in stock,"https://www.instacart.com/image-server/197x197/filters:fill(FFF,true):format(jpg)/d2lnr5mha7bycj.cloudfront.net/product-image/file/large_be976a1e-34da-4484-a465-fe48ec6a5180.png,"
Fresh Thyme Market,Original price: $6.49,$5.39 ,,,5 lb,[],Many in stock,"https://www.instacart.com/image-server/197x197/filters:fill(FFF,true):format(jpg)/d2lnr5mha7bycj.cloudfront.net/product-image/file/large_dbb2fe12-e4f4-426f-b56f-411376c55262.jpg,"
Fresh Thyme Market,Tajín Classic Seasoning with Lime,$4.29 ,,,5 oz,[],,"https://www.instacart.com/image-server/197x197/filters:fill(FFF,true):format(jpg)/d2lnr5mha7bycj.cloudfront.net/product-image/file/large_eb548bed-b2ee-416e-84a1-48eae7a0f919.png,"
Fresh Thyme Market,Original price: $7.59,$6.49 ,,,14.67 oz,"['Vegan', 'Organic']",,"https://www.instacart.com/image-server/197x197/filters:fill(FFF,true):format(jpg)/d2lnr5mha7bycj.cloudfront.net/product-image/file/large_02c80c0d-dfe2-4197-ba79-8061ecbdf502.png,"
Fresh Thyme Market,Original price: $9.69,$7.59 ,,,11.1 oz,"['Gluten-Free', 'Vegan']",Many in stock,"https://www.instacart.com/image-server/197x197/filters:fill(FFF,true):format(jpg)/d2lnr5mha7bycj.cloudfront.net/product-image/file/large_e4525da1-e3b8-44b8-87c9-8141905861d6.png,"
Fresh Thyme Market,Original price: $8.59,$6.99 ,,,16 oz,['Gluten-Free'],,"https://www.instacart.com/image-server/197x197/filters:fill(FFF,true):format(jpg)/d2lnr5mha7bycj.cloudfront.net/product-image/file/large_c66b7bf1-8e55-4734-ac17-937f430e7872.png,"
Fresh Thyme Market,Original price: $5.99,$3.59 ,,,27.6 fl oz,[],,"https://www.instacart.com/image-server/197x197/filters:fill(FFF,true):format(jpg)/d2lnr5mha7bycj.cloudfront.net/product-image/file/large_1db8ddf6-536c-4b86-8b56-5be073abd57b.jpg,"
Fresh Thyme Market,Original price: $9.19,$7.59 ,,,4.7 oz,[],,"https://www.instacart.com/image-server/197x197/filters:fill(FFF,true):format(jpg)/d2lnr5mha7bycj.cloudfront.net/product-image/file/large_739fcbf1-b3d2-4941-a931-6afb4dae4939.png,"
Fresh Thyme Market,Original price: $12.89,$9.19 ,,,16.9 oz,[],Many in stock,"https://www.instacart.com/image-server/197x197/filters:fill(FFF,true):format(jpg)/d2lnr5mha7bycj.cloudfront.net/product-image/file/large_356a27e6-8e43-49c9-badc-f9aac6f5fdfa.png,"
Fresh Thyme Market,Original price: $10.29,$8.39 ,,,17 fl oz,['Organic'],,"https://www.instacart.com/image-server/197x197/filters:fill(FFF,true):format(jpg)/d2lnr5mha7bycj.cloudfront.net/product-image/file/large_c4fb8b5f-c9cc-4632-90c0-5323c57784df.png,"
Fresh Thyme Market,Original price: $4.69,$3.29 ,,,8 oz,[],,"https://www.instacart.com/image-server/197x197/filters:fill(FFF,true):format(jpg)/d2lnr5mha7bycj.cloudfront.net/product-image/file/large_e8e2da3d-1557-4371-964c-bea2f9314c48.png,"
Fresh Thyme Market,Truvia Natural Sweetener,$9.29 ,,,9.8 oz,['Gluten-Free'],,"https://www.instacart.com/image-server/197x197/filters:fill(FFF,true):format(jpg)/d2lnr5mha7bycj.cloudfront.net/product-image/file/large_ca2befe2-de73-4009-a76f-5962748f8134.png,"
Fresh Thyme Market,Frontier Co-op Smoked Paprika,$7.59 ,,,1.87 oz,[],,"https://www.instacart.com/image-server/197x197/filters:fill(FFF,true):format(jpg)/d2lnr5mha7bycj.cloudfront.net/product-image/file/large_9df35e25-2ef1-4aca-9fb3-0711b5b2f73b.jpg,"
Fresh Thyme Market,Original price: $5.39,$4.89 ,,,8 oz,[],,"https://www.instacart.com/image-server/197x197/filters:fill(FFF,true):format(jpg)/d2lnr5mha7bycj.cloudfront.net/product-image/file/large_c183a541-fbdb-447b-b20e-dcf230825214.png,"
Fresh Thyme Market,"Frontier Co-op Saffron Threads, Hand Harvested",$19.89 ,,,0.04 oz,[],,"https://www.instacart.com/image-server/197x197/filters:fill(FFF,true):format(jpg)/d2lnr5mha7bycj.cloudfront.net/product-image/file/large_fd23ca0b-c725-4a1e-9894-1351a6570e42.png,"
Fresh Thyme Market,Original price: $8.29,$6.99 ,,,32 fl oz,['Organic'],,"https://www.instacart.com/image-server/197x197/filters:fill(FFF,true):format(jpg)/d2lnr5mha7bycj.cloudfront.net/product-image/file/large_be2b24e4-4d9e-4324-b56b-991014242c3a.png,"
Fresh Thyme Market,Frontier Co-op Garlic Granules,$6.99 ,,,2.7 oz,[],,"https://www.instacart.com/image-server/197x197/filters:fill(FFF,true):format(jpg)/d2lnr5mha7bycj.cloudfront.net/product-image/file/large_fb399c13-c30a-4dd5-afdd-1f2c81ddb554.png,"
Fresh Thyme Market,Pam Original Canola Oil Blend No-Stick Cooking Spray,$4.89 ,,,6 oz,[],,"https://www.instacart.com/image-server/197x197/filters:fill(FFF,true):format(jpg)/d2lnr5mha7bycj.cloudfront.net/product-image/file/large_ff73e8eb-bdd1-44de-81a9-12047bedd3a6.jpg,"
Fresh Thyme Market,McCormick® Applewood Rub,$8.09 ,,,6 oz,[],,"https://www.instacart.com/image-server/197x197/filters:fill(FFF,true):format(jpg)/d2lnr5mha7bycj.cloudfront.net/product-image/file/large_ada0c5ae-773c-4659-9dbf-8f7c8899de1a.jpg,"
Fresh Thyme Market,"Siete Carnitas Seasoning, Slow Cooker Spice",$3.29 ,,,1.29 oz,[],,"https://www.instacart.com/image-server/197x197/filters:fill(FFF,true):format(jpg)/d2lnr5mha7bycj.cloudfront.net/product-image/file/large_d65c43fa-d82f-499d-b23e-b2c9bc508bd9.png,"
Fresh Thyme Market,Frontier Co-op Bay Leaf,$7.59 ,,,0.15 oz,[],,"https://www.instacart.com/image-server/197x197/filters:fill(FFF,true):format(jpg)/d2lnr5mha7bycj.cloudfront.net/product-image/file/large_e1c0865c-6de0-42bd-b139-bad38952f93d.png,"
Fresh Thyme Market,"Frontier Co-op Paprika, Ground",$6.49 ,,,1.69 oz,[],,"https://www.instacart.com/image-server/197x197/filters:fill(FFF,true):format(jpg)/d2lnr5mha7bycj.cloudfront.net/product-image/file/large_f8c971a8-6ce4-47f6-86f4-095c19850a2c.jpg,"
Fresh Thyme Market,Frontier Co-op Herbes De Provence,$5.39 ,,,0.85 oz,[],,"https://www.instacart.com/image-server/197x197/filters:fill(FFF,true):format(jpg)/d2lnr5mha7bycj.cloudfront.net/product-image/file/large_43a1318c-21e3-4705-881b-bb3a0dc0e738.png,"
Fresh Thyme Market,Frontier Co-op Mexican Seasoning,$5.39 ,,,2 oz,[],Many in stock,"https://www.instacart.com/image-server/197x197/filters:fill(FFF,true):format(jpg)/d2lnr5mha7bycj.cloudfront.net/product-image/file/large_a8d5da49-d4b8-4bc8-a371-c706763478a5.jpg,"
Fresh Thyme Market,"Siete Chorizo Seasoning, Skillet Cooking Spice",$3.29 ,,,1.38 oz,[],,"https://www.instacart.com/image-server/197x197/filters:fill(FFF,true):format(jpg)/d2lnr5mha7bycj.cloudfront.net/product-image/file/large_8521ce0c-8e0c-411b-b16b-3443faf1110f.png,"
Fresh Thyme Market,Original price: $20.49,$16.19 ,,,32 oz,['Gluten-Free'],Many in stock,"https://www.instacart.com/image-server/197x197/filters:fill(FFF,true):format(jpg)/d2lnr5mha7bycj.cloudfront.net/product-image/file/large_705321a4-aa93-4d8c-b0e9-74b9b3e1661f.png,"
Fresh Thyme Market,Original price: $23.69,$19.39 ,,,5.6 fl oz,[],,"https://www.instacart.com/image-server/197x197/filters:fill(FFF,true):format(jpg)/d2lnr5mha7bycj.cloudfront.net/product-image/file/large_c3c1030c-4228-46d2-8166-333f677b2a24.jpg,"
Fresh Thyme Market,McCormick® Roasted Garlic & Herb Seasoning,$4.29 ,,,2.75 oz,[],Many in stock,"https://www.instacart.com/image-server/197x197/filters:fill(FFF,true):format(jpg)/d2lnr5mha7bycj.cloudfront.net/product-image/file/large_31efe4ed-2742-4999-a879-a8c9fd22a041.jpg,"
Fresh Thyme Market,Fresh Thyme Market Organic Black Beans,$1.39 ,,,15 oz,[],Many in stock,"https://www.instacart.com/image-server/197x197/filters:fill(FFF,true):format(jpg)/d2lnr5mha7bycj.cloudfront.net/product-image/file/large_c7913500-88a9-4952-b8d0-952803c5b554.png,"
Fresh Thyme Market,Fresh Thyme Market Whole Kernel Corn,$1.09 ,,,15 oz,[],Many in stock,"https://www.instacart.com/image-server/197x197/filters:fill(FFF,true):format(jpg)/d2lnr5mha7bycj.cloudfront.net/product-image/file/large_e10d3333-fa21-4d25-8eca-4e72d392c1a1.png,"
Fresh Thyme Market,Fresh Thyme Market Organic Low Fat Refried Pinto Beans,$2.19 ,,,16 oz,['Organic'],Many in stock,"https://www.instacart.com/image-server/197x197/filters:fill(FFF,true):format(jpg)/d2lnr5mha7bycj.cloudfront.net/product-image/file/large_93dc156c-2bb5-4577-ac2c-49e1b6e042e8.png,"
Fresh Thyme Market,MW Polar All Natural Solid White Albacore Tuna In Water,$6.89 ,,,12 oz,[],Many in stock,"https://www.instacart.com/image-server/197x197/filters:fill(FFF,true):format(jpg)/d2lnr5mha7bycj.cloudfront.net/product-image/file/large_8ce51375-a558-4e1c-a9e4-dbe4beda34d3.png,"
Fresh Thyme Market,Fresh Thyme Market Organic Whole Kernel Corn,$1.99 ,,,15 oz,['Organic'],Many in stock,"https://www.instacart.com/image-server/197x197/filters:fill(FFF,true):format(jpg)/d2lnr5mha7bycj.cloudfront.net/product-image/file/large_2399de95-e925-466c-a476-a58c21932892.png,"
Fresh Thyme Market,Original price: $4.09,$3.29 ,,,15 oz,['Organic'],,"https://www.instacart.com/image-server/197x197/filters:fill(FFF,true):format(jpg)/d2lnr5mha7bycj.cloudfront.net/product-image/file/large_72fa0b5d-ecd9-4b92-85ff-9863dd57bc28.png,"
Fresh Thyme Market,Santa Cruz Organic Apple Sauce,$6.29 ,,,6 x 4 oz,['Organic'],,"https://www.instacart.com/image-server/197x197/filters:fill(FFF,true):format(jpg)/d2lnr5mha7bycj.cloudfront.net/product-image/file/large_8dd88faa-f433-4596-b507-136501c3ce95.png,"
Fresh Thyme Market,Del Monte Pear Halves,$2.99 ,,,15.25 oz,[],,"https://www.instacart.com/image-server/197x197/filters:fill(FFF,true):format(jpg)/d2lnr5mha7bycj.cloudfront.net/product-image/file/large_2dedbdbe-f650-4246-bb84-40a7eecf35e1.png,"
Fresh Thyme Market,Fresh Thyme Market Sweet Peas,$1.09 ,,,15 oz,[],Many in stock,"https://www.instacart.com/image-server/197x197/filters:fill(FFF,true):format(jpg)/d2lnr5mha7bycj.cloudfront.net/product-image/file/large_a839213b-d9c9-4e5f-8b44-4edddd11b960.png,"
Fresh Thyme Market,Fresh Thyme Market Unsweetened Organic Applesauce,$3.29 ,,,23 oz,['Organic'],Many in stock,"https://www.instacart.com/image-server/197x197/filters:fill(FFF,true):format(jpg)/d1s8987jlndkbs.cloudfront.net/assets/missing-item-4bbe82b8555e4d1c12626fd482cb2409713e8e30835645ff3650ef66a725d03c.png,"
Fresh Thyme Market,Del Monte Yellow Cling Peach Chunks in Heavy Syrup,$2.99 ,,,15.25 oz,[],,"https://www.instacart.com/image-server/197x197/filters:fill(FFF,true):format(jpg)/d2lnr5mha7bycj.cloudfront.net/product-image/file/large_f84df856-0a2c-45b2-b447-59a7da1519ad.jpg,"
Fresh Thyme Market,Fresh Thyme Market Dark Red Kidney Beans,$1.09 ,,,15 oz,[],Many in stock,"https://www.instacart.com/image-server/197x197/filters:fill(FFF,true):format(jpg)/d2lnr5mha7bycj.cloudfront.net/product-image/file/large_39ded62a-b8a4-4445-b766-8a3bd09a872a.png,"
Fresh Thyme Market,Original price: $2.69,$1.89 ,,,5 oz,[],,"https://www.instacart.com/image-server/197x197/filters:fill(FFF,true):format(jpg)/d2lnr5mha7bycj.cloudfront.net/product-image/file/large_85ee7bb1-c42e-4976-ac53-1d12c2acb803.png,"
Fresh Thyme Market,Fresh Thyme Market Organic Dry Kidney Beans,$1.39 ,,,15 oz,['Organic'],Many in stock,"https://www.instacart.com/image-server/197x197/filters:fill(FFF,true):format(jpg)/d2lnr5mha7bycj.cloudfront.net/product-image/file/large_66af3f89-2cfe-4e8a-bf99-a41ac28ab187.png,"
Fresh Thyme Market,Del Monte FRESH CUT Green Beans Canned Vegetables,$2.39 ,,,14.5 oz,[],,"https://www.instacart.com/image-server/197x197/filters:fill(FFF,true):format(jpg)/d2lnr5mha7bycj.cloudfront.net/product-image/file/large_5870d675-98da-43ee-a4c7-76aad4ca7e24.jpg,"
Fresh Thyme Market,Original price: $3.29,$2.19 ,,,5 oz,[],Many in stock,"https://www.instacart.com/image-server/197x197/filters:fill(FFF,true):format(jpg)/d2lnr5mha7bycj.cloudfront.net/product-image/file/large_1759bd28-507c-40e6-8333-7e39cade7a55.png,"
Fresh Thyme Market,Fresh Thyme Market Great Northern Beans,$1.09 ,,,15 oz,[],Many in stock,"https://www.instacart.com/image-server/197x197/filters:fill(FFF,true):format(jpg)/d2lnr5mha7bycj.cloudfront.net/product-image/file/large_c578f1dd-24c5-4967-89c3-a1979cebb73e.png,"
Fresh Thyme Market,Original price: $1.99,$1.69 ,,,14.5 oz,['Organic'],Many in stock,"https://www.instacart.com/image-server/197x197/filters:fill(FFF,true):format(jpg)/d2lnr5mha7bycj.cloudfront.net/product-image/file/large_c63e170b-74ec-4cdd-afb5-ba98fa71c009.png,"
Fresh Thyme Market,"Del Monte Sliced Peaches, Lite",$2.99 ,,,15 oz,[],,"https://www.instacart.com/image-server/197x197/filters:fill(FFF,true):format(jpg)/d2lnr5mha7bycj.cloudfront.net/product-image/file/large_45203521-f59a-4217-97eb-5f1bf989ce30.jpg,"
Fresh Thyme Market,Fresh Thyme Market Tomato Paste,$1.09 ,,,6 oz,[],Many in stock,"https://www.instacart.com/image-server/197x197/filters:fill(FFF,true):format(jpg)/d2lnr5mha7bycj.cloudfront.net/product-image/file/large_ccb3e559-098c-4ea9-b2e0-e1a3dfb1f987.png,"
Fresh Thyme Market,Fresh Thyme Market Tomato Organic Sauce,$1.99 ,,,15 oz,['Organic'],Many in stock,"https://www.instacart.com/image-server/197x197/filters:fill(FFF,true):format(jpg)/d2lnr5mha7bycj.cloudfront.net/product-image/file/large_5a871221-a218-4e94-a138-29d3e747a3dc.png,"
Fresh Thyme Market,Original price: $2.59,$2.19 ,,,15.25 oz,[],Many in stock,"https://www.instacart.com/image-server/197x197/filters:fill(FFF,true):format(jpg)/d2lnr5mha7bycj.cloudfront.net/product-image/file/large_c2253d80-0969-4f29-b176-b6b74215d5af.png,"
Fresh Thyme Market,"Native Forest Jackfruit, Organic, Original, Young",$5.69 ,,,14 oz can,['Organic'],,"https://www.instacart.com/image-server/197x197/filters:fill(FFF,true):format(jpg)/d2lnr5mha7bycj.cloudfront.net/product-image/file/large_efdfd816-b8c3-4d50-b575-98a4e3bff79e.png,"
Fresh Thyme Market,"Goya Chick Peas, Low Sodium",$2.19 ,,,15.5 oz,['Organic'],Many in stock,"https://www.instacart.com/image-server/197x197/filters:fill(FFF,true):format(jpg)/d2lnr5mha7bycj.cloudfront.net/product-image/file/large_2ccd05f0-3938-425d-b0b6-21ecd7cd3602.png,"
Fresh Thyme Market,Fresh Thyme Market Pinto Organic Beans,$1.39 ,,,15 oz,['Organic'],Many in stock,"https://www.instacart.com/image-server/197x197/filters:fill(FFF,true):format(jpg)/d2lnr5mha7bycj.cloudfront.net/product-image/file/large_59a2f790-790f-4b0f-b496-4f6383c50a83.png,"
Fresh Thyme Market,Fresh Thyme Market 100% Halves Pear In Juice,$1.99 ,,,14.5 fl oz,[],,"https://www.instacart.com/image-server/197x197/filters:fill(FFF,true):format(jpg)/d1s8987jlndkbs.cloudfront.net/assets/missing-item-4bbe82b8555e4d1c12626fd482cb2409713e8e30835645ff3650ef66a725d03c.png,"
Fresh Thyme Market,"Del Monte Pears, Lite, Sliced",$2.99 ,,,15 oz,[],,"https://www.instacart.com/image-server/197x197/filters:fill(FFF,true):format(jpg)/d2lnr5mha7bycj.cloudfront.net/product-image/file/large_25c5a098-67e1-4197-8aaa-d0cfb136880e.png,"
Fresh Thyme Market,Original price: $2.59,$2.19 ,,,14.5 oz,[],,"https://www.instacart.com/image-server/197x197/filters:fill(FFF,true):format(jpg)/d2lnr5mha7bycj.cloudfront.net/product-image/file/large_e0f571b1-5a92-494a-a3fa-0d68e432d3de.png,"
Fresh Thyme Market,Fresh Thyme Market Diced Tomatoes,$1.09 ,,,14.5 oz,[],Many in stock,"https://www.instacart.com/image-server/197x197/filters:fill(FFF,true):format(jpg)/d2lnr5mha7bycj.cloudfront.net/product-image/file/large_7710292e-3990-45d0-9235-f07344a37faa.png,"
Fresh Thyme Market,"Divina Dolmas, Stuffed Grape Leaves",$4.89 ,,,7 oz,[],,"https://www.instacart.com/image-server/197x197/filters:fill(FFF,true):format(jpg)/d2lnr5mha7bycj.cloudfront.net/product-image/file/large_c2f6370d-5596-4a54-98dc-8780f57c5635.jpg,"
Fresh Thyme Market,Take Root Organics No Salt Added Crushed Tomatoes,$4.09 ,,,28 oz,['Organic'],,"https://www.instacart.com/image-server/197x197/filters:fill(FFF,true):format(jpg)/d2lnr5mha7bycj.cloudfront.net/product-image/file/large_0b0eefa2-64a9-4f80-b58f-93d1d4faa2dd.png,"
Fresh Thyme Market,"La Preferida Mild Diced Green Chiles, Roasted & Peeled",$1.89 ,,,4 oz,[],Many in stock,"https://www.instacart.com/image-server/197x197/filters:fill(FFF,true):format(jpg)/d2lnr5mha7bycj.cloudfront.net/product-image/file/large_2e04f379-7a94-4ab4-87c2-5109ec14db3f.png,"
Fresh Thyme Market,Napoleon Co. Marinated Grilled Artichokes,$3.79 ,,,12 x 7 oz,[],Many in stock,"https://www.instacart.com/image-server/197x197/filters:fill(FFF,true):format(jpg)/d2lnr5mha7bycj.cloudfront.net/product-image/file/large_34edaf18-79f0-4d88-bbfe-2c93906d51cc.png,"
Fresh Thyme Market,Original price: $4.69,$2.69 ,,,4.38 oz,[],,"https://www.instacart.com/image-server/197x197/filters:fill(FFF,true):format(jpg)/d2lnr5mha7bycj.cloudfront.net/product-image/file/large_aef5bb71-55d8-4f7e-abd5-debf0d20219d.png,"
Fresh Thyme Market,Divina Sliced Pepperoncini,$5.99 ,,,15.5 oz,[],,"https://www.instacart.com/image-server/197x197/filters:fill(FFF,true):format(jpg)/d2lnr5mha7bycj.cloudfront.net/product-image/file/large_1f1c9a67-d7a4-4967-997d-f5fd1cddc789.jpg,"
Fresh Thyme Market,Fresh Thyme Market Petite Diced Tomatoes,$1.09 ,,,14.5 oz,[],Many in stock,"https://www.instacart.com/image-server/197x197/filters:fill(FFF,true):format(jpg)/d2lnr5mha7bycj.cloudfront.net/product-image/file/large_3f957697-83fe-4b8f-8399-a14e7b2a5528.png,"
Fresh Thyme Market,Original price: $4.89,$3.79 ,,,4.05 oz,[],Many in stock,"https://www.instacart.com/image-server/197x197/filters:fill(FFF,true):format(jpg)/d2lnr5mha7bycj.cloudfront.net/product-image/file/large_cb95587b-a9d3-4587-98c0-150753920507.png,"
Fresh Thyme Market,Original price: $5.39,$4.89 ,,,14 oz,[],Many in stock,"https://www.instacart.com/image-server/197x197/filters:fill(FFF,true):format(jpg)/d2lnr5mha7bycj.cloudfront.net/product-image/file/large_b275acf8-33b5-4a2e-8be1-5cce5ba114ac.png,"
Fresh Thyme Market,Original price: $3.29,$2.89 ,,,15 oz,[],,"https://www.instacart.com/image-server/197x197/filters:fill(FFF,true):format(jpg)/d2lnr5mha7bycj.cloudfront.net/product-image/file/large_ff5155c5-804a-4697-80ab-b66c3b02870c.png,"
Fresh Thyme Market,Fresh Thyme Market Peas,$2.19 ,,,10 oz,[],,"https://www.instacart.com/image-server/197x197/filters:fill(FFF,true):format(jpg)/d2lnr5mha7bycj.cloudfront.net/product-image/file/large_3d0a01cd-9d9d-4e0b-9a97-7301dd04204a.png,"
Fresh Thyme Market,Take Root Organics Diced Tomatoes,$4.09 ,,,28 oz,['Organic'],,"https://www.instacart.com/image-server/197x197/filters:fill(FFF,true):format(jpg)/d2lnr5mha7bycj.cloudfront.net/product-image/file/large_8aecd3fe-803b-4ac7-836c-02ca699b3a14.png,"
Fresh Thyme Market,Original price: $4.29,$2.89 ,,,15 oz can,['Organic'],,"https://www.instacart.com/image-server/197x197/filters:fill(FFF,true):format(jpg)/d2lnr5mha7bycj.cloudfront.net/product-image/file/large_25e0c5ab-3a09-479c-8c04-fe768f0807bd.png,"
Fresh Thyme Market,Original price: $5.09,$4.89 ,,,4.2 oz,[],Many in stock,"https://www.instacart.com/image-server/197x197/filters:fill(FFF,true):format(jpg)/d2lnr5mha7bycj.cloudfront.net/product-image/file/large_c4da6dd5-7e1b-4f3a-8df1-1f0eb50a9813.png,"
Fresh Thyme Market,Original price: $3.79,$2.49 ,,,3.54 oz,[],,"https://www.instacart.com/image-server/197x197/filters:fill(FFF,true):format(jpg)/d2lnr5mha7bycj.cloudfront.net/product-image/file/large_18fe61cd-c304-4008-9c94-7f0d16acad9e.png,"
Fresh Thyme Market,Original price: $4.89,$3.89 ,,,5 oz,[],,"https://www.instacart.com/image-server/197x197/filters:fill(FFF,true):format(jpg)/d2lnr5mha7bycj.cloudfront.net/product-image/file/large_b91e4162-4813-492d-8daa-60d874923536.png,"
Fresh Thyme Market,Original price: $2.59,$1.79 ,,,15 oz,[],,"https://www.instacart.com/image-server/197x197/filters:fill(FFF,true):format(jpg)/d2lnr5mha7bycj.cloudfront.net/product-image/file/large_65915f22-2c0a-442b-b867-153d7c25334f.png,"
Fresh Thyme Market,"Grain Trust Steamed Jasmine Rice, Organic",$6.49 ,,,3 x 30 oz,"['Gluten-Free', 'Vegan']",,"https://www.instacart.com/image-server/197x197/filters:fill(FFF,true):format(jpg)/d2lnr5mha7bycj.cloudfront.net/product-image/file/large_f537cdb4-f829-40d1-b795-a1e3e81fab01.jpg,"
Fresh Thyme Market,"Red's Burrito, Organic, Chicken Cilantro & Lime",$3.29 ,,,4.5 oz,[],,"https://www.instacart.com/image-server/197x197/filters:fill(FFF,true):format(jpg)/d2lnr5mha7bycj.cloudfront.net/product-image/file/large_77d43c95-6ec4-4d3e-96a1-12a107651b2b.png,"
Fresh Thyme Market,Original price: $7.59,$5.99 ,,,9 oz,['Gluten-Free'],,"https://www.instacart.com/image-server/197x197/filters:fill(FFF,true):format(jpg)/d2lnr5mha7bycj.cloudfront.net/product-image/file/large_6ff7c3bb-2622-4deb-a3b0-5fac924fcfd4.png,"
Fresh Thyme Market,"Red's Burrito, Grilled Chicken & Cheddar",$3.29 ,,,5 oz,[],,"https://www.instacart.com/image-server/197x197/filters:fill(FFF,true):format(jpg)/d2lnr5mha7bycj.cloudfront.net/product-image/file/large_1b0465e2-464a-456b-99c1-e763f5d81655.png,"
Fresh Thyme Market,"Red's Burrito, Steak & Cheddar",$3.29 ,,,5 oz,[],,"https://www.instacart.com/image-server/197x197/filters:fill(FFF,true):format(jpg)/d2lnr5mha7bycj.cloudfront.net/product-image/file/large_c2bafdac-4fad-46dc-a894-4c65606f524b.png,"
Fresh Thyme Market,Cappello's Italian Sausage with Roasted Red Pepper Pizza,$12.89 ,,,12 oz,['Gluten-Free'],Many in stock,"https://www.instacart.com/image-server/197x197/filters:fill(FFF,true):format(jpg)/d2lnr5mha7bycj.cloudfront.net/product-image/file/large_e032a518-7557-4ae0-9f70-8bffd1e29cc3.png,"
Fresh Thyme Market,"Red's Burrito, Organic, Bean & Cheese",$3.29 ,,,5 oz,[],,"https://www.instacart.com/image-server/197x197/filters:fill(FFF,true):format(jpg)/d2lnr5mha7bycj.cloudfront.net/product-image/file/large_c0787023-2092-4fe9-946e-484bd02a871b.png,"
Fresh Thyme Market,"Boomerang's Chicken Classic Pie, Frozen Meal",$4.89 ,,,6 oz,[],Many in stock,"https://www.instacart.com/image-server/197x197/filters:fill(FFF,true):format(jpg)/d2lnr5mha7bycj.cloudfront.net/product-image/file/large_cd87703d-1b98-49bc-95fb-ae3e65fa6388.png,"
Fresh Thyme Market,"Red's Burrito, Turkey Sausage",$3.29 ,,,5 oz,[],,"https://www.instacart.com/image-server/197x197/filters:fill(FFF,true):format(jpg)/d2lnr5mha7bycj.cloudfront.net/product-image/file/large_b2a301ec-666f-4699-a936-574a0685df2c.png,"
Fresh Thyme Market,"Evol Gluten Free Fire Grilled Steak, Frozen Meal",$6.49 ,,,9 oz,['Gluten-Free'],,"https://www.instacart.com/image-server/197x197/filters:fill(FFF,true):format(jpg)/d2lnr5mha7bycj.cloudfront.net/product-image/file/large_dcf556f4-d1a4-4e8d-afb6-ef263fb92d72.jpg,"
Fresh Thyme Market,Original price: $5.39,$4.69 ,,,8 oz,[],Many in stock,"https://www.instacart.com/image-server/197x197/filters:fill(FFF,true):format(jpg)/d2lnr5mha7bycj.cloudfront.net/product-image/file/large_315281bf-f372-4210-a80d-ca7892540074.jpg,"
Fresh Thyme Market,Cappello's Uncured Pepperoni Pizza,$12.89 ,,,12 oz,['Gluten-Free'],Many in stock,"https://www.instacart.com/image-server/197x197/filters:fill(FFF,true):format(jpg)/d2lnr5mha7bycj.cloudfront.net/product-image/file/large_6d1ef552-df74-4081-91d7-1f35446f0cf3.png,"
Fresh Thyme Market,Kidfresh Wagon Wheels Mac & Cheese,$6.99 ,,,7.25 oz,[],Many in stock,"https://www.instacart.com/image-server/197x197/filters:fill(FFF,true):format(jpg)/d2lnr5mha7bycj.cloudfront.net/product-image/file/large_722bbda0-fe4d-4857-9762-3501437dae42.png,"
Fresh Thyme Market,"Banza Margherita Pizza - Protein, Gluten Free",$10.79 ,,,11.5 oz,['Gluten-Free'],,"https://www.instacart.com/image-server/197x197/filters:fill(FFF,true):format(jpg)/d2lnr5mha7bycj.cloudfront.net/product-image/file/large_592a62e5-e7a6-4b07-b8ae-a578c001d92b.png,"
Fresh Thyme Market,Amy's Kitchen Roasted Poblano Enchilada,$7.59 ,,,9.15 oz,['Gluten-Free'],Many in stock,"https://www.instacart.com/image-server/197x197/filters:fill(FFF,true):format(jpg)/d2lnr5mha7bycj.cloudfront.net/product-image/file/large_ced7a871-3981-4de2-852f-36ebb3035398.png,"
Fresh Thyme Market,Stouffer's Macaroni & Cheese Frozen Meal,$4.89 ,,,12 oz,[],,"https://www.instacart.com/image-server/197x197/filters:fill(FFF,true):format(jpg)/d2lnr5mha7bycj.cloudfront.net/product-image/file/large_74cbb5a1-3633-4459-b319-d26051db25e1.jpg,"
Fresh Thyme Market,Grain Trust Hibachi Fried Rice,$6.49 ,,,2 x 20 oz,"['Gluten-Free', 'Vegan']",,"https://www.instacart.com/image-server/197x197/filters:fill(FFF,true):format(jpg)/d2lnr5mha7bycj.cloudfront.net/product-image/file/large_5b37baa6-a01c-41f0-ba91-2bd51d5385ab.jpg,"
Fresh Thyme Market,Rao's Penne alla Vodka,$5.99 ,,,9 oz,[],,"https://www.instacart.com/image-server/197x197/filters:fill(FFF,true):format(jpg)/d2lnr5mha7bycj.cloudfront.net/product-image/file/large_444bc525-3160-44cb-b285-5827522e5616.jpg,"
Fresh Thyme Market,Stouffer's Spaghetti With Meat Sauce Frozen Meal,$4.89 ,,,12 oz,[],,"https://www.instacart.com/image-server/197x197/filters:fill(FFF,true):format(jpg)/d2lnr5mha7bycj.cloudfront.net/product-image/file/large_0debb7f4-8bd1-4952-97ce-7054fd17ccfc.jpg,"
Fresh Thyme Market,Amy's Kitchen Pad Thai,$7.59 ,,,9.5 oz,"['Gluten-Free', 'Vegan']",,"https://www.instacart.com/image-server/197x197/filters:fill(FFF,true):format(jpg)/d2lnr5mha7bycj.cloudfront.net/product-image/file/large_aed41112-5425-4970-877e-4c046eff5b13.png,"
Fresh Thyme Market,"Texas Tamale Company Beef Tamales, Gourmet",$12.89 ,,,12 ct,['Gluten-Free'],,"https://www.instacart.com/image-server/197x197/filters:fill(FFF,true):format(jpg)/d2lnr5mha7bycj.cloudfront.net/product-image/file/large_40607376-c9c1-477e-906d-be42f4c42e6e.png,"
Fresh Thyme Market,Stouffer's Classic Meatloaf Frozen Meal,$4.89 ,,,9.88 oz,[],,"https://www.instacart.com/image-server/197x197/filters:fill(FFF,true):format(jpg)/d2lnr5mha7bycj.cloudfront.net/product-image/file/large_4a22ddc6-c453-4f54-ba30-13d038a088a4.jpg,"
Fresh Thyme Market,Feel Good Foods Gluten-Free Pork Potsticker Dumplings,$10.79 ,,,10 oz,['Gluten-Free'],,"https://www.instacart.com/image-server/197x197/filters:fill(FFF,true):format(jpg)/d2lnr5mha7bycj.cloudfront.net/product-image/file/large_43a6be29-6c8d-49b3-9f3f-ed6d5c82ee8c.png,"
Fresh Thyme Market,"Evol Portabella & Goat Cheese Ravioli, Frozen Meal",$6.49 ,,,8.75 oz,[],,"https://www.instacart.com/image-server/197x197/filters:fill(FFF,true):format(jpg)/d2lnr5mha7bycj.cloudfront.net/product-image/file/large_51cace96-0649-4bef-a1d5-cc422563d26b.jpg,"
Fresh Thyme Market,Cappello's Naked Pizza Crust,$9.69 ,,,6 oz,['Gluten-Free'],,"https://www.instacart.com/image-server/197x197/filters:fill(FFF,true):format(jpg)/d2lnr5mha7bycj.cloudfront.net/product-image/file/large_08b25176-198a-4c5b-8cdd-af2644d64984.png,"
Fresh Thyme Market,Original price: $10.79,$9.19 ,,,19.15 oz,[],Many in stock,"https://www.instacart.com/image-server/197x197/filters:fill(FFF,true):format(jpg)/d2lnr5mha7bycj.cloudfront.net/product-image/file/large_238ba7bd-05b8-4961-a7eb-a47b81ebf5e4.png,"
Fresh Thyme Market,Cappello's Five Cheese Ravioli,$12.89 ,,,9.9 oz,['Gluten-Free'],Many in stock,"https://www.instacart.com/image-server/197x197/filters:fill(FFF,true):format(jpg)/d2lnr5mha7bycj.cloudfront.net/product-image/file/large_362fdb93-c625-48f1-8c64-6b52355c8576.png,"
Fresh Thyme Market,Mighty Spark Fajita Seasoned Ground Chicken with Peppers & Onions,$7.59 ,,,16 oz,[],,"https://www.instacart.com/image-server/197x197/filters:fill(FFF,true):format(jpg)/d2lnr5mha7bycj.cloudfront.net/product-image/file/large_1b851eb0-d4c3-432a-8d51-60fde4410c10.jpg,"
Fresh Thyme Market,Original price: $11.89,$10.79 ,,,14.3 oz,['Gluten-Free'],Many in stock,"https://www.instacart.com/image-server/197x197/filters:fill(FFF,true):format(jpg)/d2lnr5mha7bycj.cloudfront.net/product-image/file/large_dc086a88-3b9e-423c-8508-242bf793d058.png,"
Fresh Thyme Market,"Grain Trust Steamed Brown Rice, Organic",$6.49 ,,,3 ct,"['Gluten-Free', 'Vegan']",,"https://www.instacart.com/image-server/197x197/filters:fill(FFF,true):format(jpg)/d2lnr5mha7bycj.cloudfront.net/product-image/file/large_8d6ec8f3-b6e9-4d37-b677-d1b3cf63aa60.jpg,"
Fresh Thyme Market,Original price: $6.49,$5.39 ,,,7.4 oz,[],Many in stock,"https://www.instacart.com/image-server/197x197/filters:fill(FFF,true):format(jpg)/d2lnr5mha7bycj.cloudfront.net/product-image/file/large_68d55473-2bcf-44fd-a3f8-2bd3677e596d.png,"
Fresh Thyme Market,Original price: $11.89,$10.79 ,,,15 oz,['Gluten-Free'],Many in stock,"https://www.instacart.com/image-server/197x197/filters:fill(FFF,true):format(jpg)/d2lnr5mha7bycj.cloudfront.net/product-image/file/large_ece7ec54-084a-41a3-8cdf-8a917a90f587.png,"
Fresh Thyme Market,Original price: $10.79,$9.19 ,,,16.9 oz,[],,"https://www.instacart.com/image-server/197x197/filters:fill(FFF,true):format(jpg)/d2lnr5mha7bycj.cloudfront.net/product-image/file/large_e5922077-fc56-42d4-9a91-e49baf046775.png,"
Fresh Thyme Market,Original price: $11.89,$9.69 ,,,18 oz,['Gluten-Free'],,"https://www.instacart.com/image-server/197x197/filters:fill(FFF,true):format(jpg)/d2lnr5mha7bycj.cloudfront.net/product-image/file/large_c334055c-fda8-4a5b-9fc4-ca1ce4ea07e9.png,"
Fresh Thyme Market,Original price: $6.49,$5.39 ,,,7.8 oz,[],,"https://www.instacart.com/image-server/197x197/filters:fill(FFF,true):format(jpg)/d2lnr5mha7bycj.cloudfront.net/product-image/file/large_0c96effc-bd89-40df-b773-6af625f60293.png,"
Fresh Thyme Market,DiGiorno Original Rising Crust Four Cheese,$10.79 ,,,28.2 oz,[],,"https://www.instacart.com/image-server/197x197/filters:fill(FFF,true):format(jpg)/d2lnr5mha7bycj.cloudfront.net/product-image/file/large_1b039535-93b0-47f9-994d-9ed79b130a11.jpg,"
Fresh Thyme Market,Jack's Original Pepperoni,$5.99 ,,,15.4 oz,[],,"https://www.instacart.com/image-server/197x197/filters:fill(FFF,true):format(jpg)/d2lnr5mha7bycj.cloudfront.net/product-image/file/large_d4620565-7e3e-44ca-a55f-0d5594a81bdd.jpg,"
Fresh Thyme Market,"Sweet Earth Tofu, Vegan, General Tso's",$6.99 ,,,9 oz,['Vegan'],,"https://www.instacart.com/image-server/197x197/filters:fill(FFF,true):format(jpg)/d2lnr5mha7bycj.cloudfront.net/product-image/file/large_50b650dd-2723-4abd-b16f-330e126081f6.jpg,"
Fresh Thyme Market,"Beecher's Handmade Cheese Gluten Free ""World's Best"" Mac & Cheese",$13.99 ,,,18 oz,['Gluten-Free'],Many in stock,"https://www.instacart.com/image-server/197x197/filters:fill(FFF,true):format(jpg)/d2lnr5mha7bycj.cloudfront.net/product-image/file/large_2251070e-b310-4030-961e-559e091b35d1.jpg,"
Fresh Thyme Market,Original price: $9.69,$8.59 ,,,11.6 oz,['Gluten-Free'],,"https://www.instacart.com/image-server/197x197/filters:fill(FFF,true):format(jpg)/d2lnr5mha7bycj.cloudfront.net/product-image/file/large_686c6459-4fb4-4b93-8dcf-02cc5f84e99b.png,"
Fresh Thyme Market,"Feel Good Foods Gluten-Free Mac & Cheese Bites, Three Cheese",$9.69 ,,,8 oz,"['Gluten-Free', 'Keto']",,"https://www.instacart.com/image-server/197x197/filters:fill(FFF,true):format(jpg)/d2lnr5mha7bycj.cloudfront.net/product-image/file/large_ac3c7af8-7962-40a0-803c-3b614cb19412.png,"
Fresh Thyme Market,Healthy Choice Power Bowls Chicken Adobo,$6.49 ,,,9.75 oz,[],,"https://www.instacart.com/image-server/197x197/filters:fill(FFF,true):format(jpg)/d2lnr5mha7bycj.cloudfront.net/product-image/file/large_e8902dc1-e0c4-477e-a0a1-089c52fc8e42.jpg,"
Fresh Thyme Market,Jack's Original Cheese,$5.99 ,,,14.5 oz,[],,"https://www.instacart.com/image-server/197x197/filters:fill(FFF,true):format(jpg)/d2lnr5mha7bycj.cloudfront.net/product-image/file/large_bef44e56-ff0e-4df3-a3a1-adf4b11d98c0.jpg,"
Fresh Thyme Market,"Beecher's Handmade Cheese ""World's Best"" Mac & Cheese",$13.99 ,,,20 oz,[],,"https://www.instacart.com/image-server/197x197/filters:fill(FFF,true):format(jpg)/d2lnr5mha7bycj.cloudfront.net/product-image/file/large_25572e7f-81d3-446a-b00d-b627be6b812b.jpg,"
Fresh Thyme Market,Stouffer's Lasagna With Meat & Sauce Frozen Meal,$4.89 ,,,10.5 oz,[],,"https://www.instacart.com/image-server/197x197/filters:fill(FFF,true):format(jpg)/d2lnr5mha7bycj.cloudfront.net/product-image/file/large_f43382f2-44f7-48c8-8d89-2bdcf803d58d.jpg,"
Fresh Thyme Market,Daiya Dairy Free Fire Roasted Vegetable Gluten Free Pizza,$10.79 ,,,17.4 oz,"['Gluten-Free', 'Vegan']",,"https://www.instacart.com/image-server/197x197/filters:fill(FFF,true):format(jpg)/d2lnr5mha7bycj.cloudfront.net/product-image/file/large_6bec39b9-bad7-4fa6-978a-56c1db44feab.jpg,"
Fresh Thyme Market,Daiya Dairy Free Supreme Gluten Free Pizza,$10.79 ,,,19.4 oz,"['Gluten-Free', 'Vegan']",,"https://www.instacart.com/image-server/197x197/filters:fill(FFF,true):format(jpg)/d2lnr5mha7bycj.cloudfront.net/product-image/file/large_558c3a9b-a8ad-4e2e-b5f9-ab75f5202890.jpg,"
Fresh Thyme Market,Daiya Dairy Free Meatless Meat Lover's Gluten Free Pizza,$10.79 ,,,19.1 oz,"['Gluten-Free', 'Vegan']",,"https://www.instacart.com/image-server/197x197/filters:fill(FFF,true):format(jpg)/d2lnr5mha7bycj.cloudfront.net/product-image/file/large_c6c7d84d-a81f-4cda-8515-430afebc123c.jpg,"
Fresh Thyme Market,Jack's Original Sausage And Pepperoni Frozen Pizza,$5.99 ,,,15 oz,[],,"https://www.instacart.com/image-server/197x197/filters:fill(FFF,true):format(jpg)/d2lnr5mha7bycj.cloudfront.net/product-image/file/large_24cbac7f-80e7-43e4-8f54-bfe2fac362e0.jpg,"
Fresh Thyme Market,Daiya Dairy Free Cheeze Lover's Gluten Free Pizza,$10.79 ,,,12.03 oz,"['Gluten-Free', 'Vegan']",,"https://www.instacart.com/image-server/197x197/filters:fill(FFF,true):format(jpg)/d2lnr5mha7bycj.cloudfront.net/product-image/file/large_eaa07cff-20f4-4db2-bf9a-c6bc1beed944.jpg,"
Fresh Thyme Market,Tasty Bite Organic Madras Lentils,$4.89 ,,,10 oz,['Gluten-Free'],,"https://www.instacart.com/image-server/197x197/filters:fill(FFF,true):format(jpg)/d2lnr5mha7bycj.cloudfront.net/product-image/file/large_4ab52623-83ad-4c49-b0d2-b84b4cc9413e.jpg,"
Fresh Thyme Market,Healthy Choice Power Bowls Spicy Beef Teriyaki With Riced Cauliflower Frozen Meal,$6.49 ,,,9.25 oz,[],,"https://www.instacart.com/image-server/197x197/filters:fill(FFF,true):format(jpg)/d2lnr5mha7bycj.cloudfront.net/product-image/file/large_e3a5d46d-cf09-48bd-b05b-a6c56e23e304.jpg,"
Fresh Thyme Market,"Saffron Road Chicken Biryani, Gluten-Free, Indian Meal, Frozen Dinner",$6.49 ,,,10 oz,['Gluten-Free'],Many in stock,"https://www.instacart.com/image-server/197x197/filters:fill(FFF,true):format(jpg)/d2lnr5mha7bycj.cloudfront.net/product-image/file/large_d4b2e18c-43d1-438a-928a-d1612fb0df4a.jpg,"
Fresh Thyme Market,Reser's Fine Foods Broccoli Cheddar Au Gratin,$4.69 ,,,12 oz,[],,"https://www.instacart.com/image-server/197x197/filters:fill(FFF,true):format(jpg)/d2lnr5mha7bycj.cloudfront.net/product-image/file/large_e94318a3-76b7-4e55-8800-9248aed0a647.png,"
