Store,Item Name,Price,Units,Unit Price,Amount,Tags,In Stock,Image
Giant Eagle,Smucker's Uncrustables Peanut Butter & Grape Jelly Sandwich,$11.89 ,,,10 ct,[],,"https://www.instacart.com/image-server/197x197/filters:fill(FFF,true):format(jpg)/d2lnr5mha7bycj.cloudfront.net/product-image/file/large_e422dc54-cecd-482a-b193-94b3f935304c.jpg,"
Giant Eagle,Stouffer's Roast Turkey,$4.19 ,,,9.63 oz,[],,"https://www.instacart.com/image-server/197x197/filters:fill(FFF,true):format(jpg)/d2lnr5mha7bycj.cloudfront.net/product-image/file/large_cf6f61ff-2020-4856-bb23-b14ac82ae8d6.jpg,"
Giant Eagle,Smucker's Uncrustables Peanut Butter & Grape Jelly Sandwich,$4.79 ,,,4 x 2 oz,[],,"https://www.instacart.com/image-server/197x197/filters:fill(FFF,true):format(jpg)/d2lnr5mha7bycj.cloudfront.net/product-image/file/large_6f7892fd-1522-46f8-98d4-d823594bd706.jpg,"
Giant Eagle,"Hearth & Fire Premium Pizza, The Pepperoni",$14.69 ,,,19.9 oz,[],,"https://www.instacart.com/image-server/197x197/filters:fill(FFF,true):format(jpg)/d2lnr5mha7bycj.cloudfront.net/product-image/file/large_4abd3b4c-6023-4725-9770-a73c9ab5af18.jpg,"
Giant Eagle,Red Baron Frozen Pizza Classic Crust Pepperoni,$7.69 ,,,20.6 oz,[],,"https://www.instacart.com/image-server/197x197/filters:fill(FFF,true):format(jpg)/d2lnr5mha7bycj.cloudfront.net/product-image/file/large_fb80c7a2-efbc-4696-ab3b-89da2b9259be.jpg,"
Giant Eagle,Lean Cuisine Cheese & Spinach Ravioli,$4.19 ,,,8 oz,[],Many in stock,"https://www.instacart.com/image-server/197x197/filters:fill(FFF,true):format(jpg)/d2lnr5mha7bycj.cloudfront.net/product-image/file/large_b4cca3fa-737f-492b-973c-7da2a80e4132.jpg,"
Giant Eagle,Marie Callender's Chicken Pot Pie Frozen Meal,$3.99 ,,,10 oz,[],,"https://www.instacart.com/image-server/197x197/filters:fill(FFF,true):format(jpg)/d2lnr5mha7bycj.cloudfront.net/product-image/file/large_13b42b49-f1c2-46c3-92d2-9350fc0a5540.jpg,"
Giant Eagle,"Hearth & Fire Premium Pizza, The Margherita",$14.69 ,,,17.2 oz,[],,"https://www.instacart.com/image-server/197x197/filters:fill(FFF,true):format(jpg)/d2lnr5mha7bycj.cloudfront.net/product-image/file/large_1733e649-4ba5-4fe3-95b5-4b97f05c0711.jpg,"
Giant Eagle,Stouffer's Creamed Chipped Beef,$4.19 ,,,11 oz,[],,"https://www.instacart.com/image-server/197x197/filters:fill(FFF,true):format(jpg)/d2lnr5mha7bycj.cloudfront.net/product-image/file/large_0fae37f7-6b58-4f18-9d34-e2d270c578b4.jpg,"
Giant Eagle,Mrs. T's Classic Cheddar,$7.39 ,,,32 oz,[],,"https://www.instacart.com/image-server/197x197/filters:fill(FFF,true):format(jpg)/d2lnr5mha7bycj.cloudfront.net/product-image/file/large_3e398771-b625-4b6b-8d6a-d215f5679380.jpg,"
Giant Eagle,"Marie Callender's Classic Chicken Parmigiana Bowl, Frozen Meal",$3.49 ,,,12.5 oz,[],,"https://www.instacart.com/image-server/197x197/filters:fill(FFF,true):format(jpg)/d2lnr5mha7bycj.cloudfront.net/product-image/file/large_2004be75-0ed1-453d-b0e9-b6a188fb1a0b.jpeg,"
Giant Eagle,"Hearth & Fire Premium Pizza, The Mushroom",$14.69 ,,,18.7 oz,[],,"https://www.instacart.com/image-server/197x197/filters:fill(FFF,true):format(jpg)/d2lnr5mha7bycj.cloudfront.net/product-image/file/large_27ac3015-2fae-4886-a63d-2d4d04e7d030.jpg,"
Giant Eagle,Lean Cuisine Features Vermont White Cheddar Mac And Cheese Frozen Entrée,$4.19 ,,,8 oz,[],,"https://www.instacart.com/image-server/197x197/filters:fill(FFF,true):format(jpg)/d2lnr5mha7bycj.cloudfront.net/product-image/file/large_e3f70207-1727-4966-94b7-c724e009a190.jpg,"
Giant Eagle,Red Baron French Bread Singles Pepperoni Pizzas,$4.79 ,,,10.8 oz,[],,"https://www.instacart.com/image-server/197x197/filters:fill(FFF,true):format(jpg)/d2lnr5mha7bycj.cloudfront.net/product-image/file/large_7f36881c-85f0-421d-bb48-2b84a69814a2.jpg,"
Giant Eagle,Stouffer's Classic Meatloaf Frozen Meal,$4.19 ,,,9.88 oz,[],,"https://www.instacart.com/image-server/197x197/filters:fill(FFF,true):format(jpg)/d2lnr5mha7bycj.cloudfront.net/product-image/file/large_4a22ddc6-c453-4f54-ba30-13d038a088a4.jpg,"
Giant Eagle,Birds Eye Voila! Garlic Chicken Frozen Meal,$6.69 ,,,21 oz,[],,"https://www.instacart.com/image-server/197x197/filters:fill(FFF,true):format(jpg)/d2lnr5mha7bycj.cloudfront.net/product-image/file/large_3d9a3fff-fa04-4d7f-955e-96a7c4987541.jpg,"
Giant Eagle,Marie Callender's Garden Tomato Four Cheese Ravioli Bowl Frozen Meal,$3.49 ,,,11 oz,[],,"https://www.instacart.com/image-server/197x197/filters:fill(FFF,true):format(jpg)/d2lnr5mha7bycj.cloudfront.net/product-image/file/large_5a533f71-6c94-4712-acbd-04267f440e0c.jpeg,"
Giant Eagle,Stouffer's Stouffer’S Stuffed Pepper Frozen Dinner,$4.19 ,,,10 oz,[],,"https://www.instacart.com/image-server/197x197/filters:fill(FFF,true):format(jpg)/d2lnr5mha7bycj.cloudfront.net/product-image/file/large_88a41540-6b20-45dd-be79-6c92b18ea98e.jpg,"
Giant Eagle,Stouffer's Lasagna With Meat & Sauce Frozen Meal,$4.19 ,,,10.5 oz,[],,"https://www.instacart.com/image-server/197x197/filters:fill(FFF,true):format(jpg)/d2lnr5mha7bycj.cloudfront.net/product-image/file/large_f43382f2-44f7-48c8-8d89-2bdcf803d58d.jpg,"
Giant Eagle,Birds Eye Voila! Alfredo Chicken Frozen Meal,$6.69 ,,,21 oz,[],,"https://www.instacart.com/image-server/197x197/filters:fill(FFF,true):format(jpg)/d2lnr5mha7bycj.cloudfront.net/product-image/file/large_0c36ac87-cf88-401b-87fa-5b390e4cadad.jpg,"
Giant Eagle,California Pizza Kitchen Margherita Recipe Crispy Thin Crust Frozen Pizza,$10.49 ,,,15.5 oz,[],,"https://www.instacart.com/image-server/197x197/filters:fill(FFF,true):format(jpg)/d2lnr5mha7bycj.cloudfront.net/product-image/file/large_a46bbaba-69d8-40fd-aa3b-4581f05732a4.jpg,"
Giant Eagle,Stouffer's Classics Salisbury Steak Frozen Entrée,$4.19 ,,,9.63 oz,[],,"https://www.instacart.com/image-server/197x197/filters:fill(FFF,true):format(jpg)/d2lnr5mha7bycj.cloudfront.net/product-image/file/large_5bebbb34-b0b7-406b-975b-14be69bc44b4.jpg,"
Giant Eagle,White Castle Cheeseburger Castle Bites,$5.79 ,,,18 oz,[],,"https://www.instacart.com/image-server/197x197/filters:fill(FFF,true):format(jpg)/d2lnr5mha7bycj.cloudfront.net/product-image/file/large_8789022d-7562-48e4-8d3f-2a9d3ba5f04e.png,"
Giant Eagle,Birds Eye Voila! Garlic Chicken Frozen Meal,$10.29 ,,,42 oz,[],,"https://www.instacart.com/image-server/197x197/filters:fill(FFF,true):format(jpg)/d2lnr5mha7bycj.cloudfront.net/product-image/file/large_17fa11f4-1def-40bd-bb1f-32481bcab84f.jpg,"
Giant Eagle,Banquet Chicken Pot Pie Frozen Pot Pie Dinner,$1.59 ,,,7 oz,[],Likely out of stock,"https://www.instacart.com/image-server/197x197/filters:fill(FFF,true):format(jpg)/d2lnr5mha7bycj.cloudfront.net/product-image/file/large_ea1ec8f3-17f8-463d-bda8-3cec7f526817.jpg,"
Giant Eagle,El Monterey Beef & Bean Burrito,$6.69 ,,,2 lb,[],,"https://www.instacart.com/image-server/197x197/filters:fill(FFF,true):format(jpg)/d2lnr5mha7bycj.cloudfront.net/product-image/file/large_6308a0bc-b32b-44e6-a4e1-423a8c3726a2.png,"
Giant Eagle,Boston Market Chicken Pot Pie,$3.99 ,,,16 oz,[],,"https://www.instacart.com/image-server/197x197/filters:fill(FFF,true):format(jpg)/d2lnr5mha7bycj.cloudfront.net/product-image/file/large_0a333153-d6a4-4344-996d-ab73e4ef4843.jpg,"
Giant Eagle,"P.F. Chang's Beef with Broccoli Skillet Meal, Frozen Meal",$9.99 ,,,22 oz,[],,"https://www.instacart.com/image-server/197x197/filters:fill(FFF,true):format(jpg)/d2lnr5mha7bycj.cloudfront.net/product-image/file/large_8e58a3ae-8337-4c1c-abca-486ecf96e3ef.jpg,"
Giant Eagle,Red Baron Classic Crust Four Cheese Pizza,$7.69 ,,,21.06 oz,[],Many in stock,"https://www.instacart.com/image-server/197x197/filters:fill(FFF,true):format(jpg)/d2lnr5mha7bycj.cloudfront.net/product-image/file/large_2e583606-8f38-42ca-bd87-5823152d36ed.jpg,"
Giant Eagle,El Monterey Extra Crunchy Taco Seasoned Beef & Cheese Taquitos,$9.79 ,,,18 each,[],,"https://www.instacart.com/image-server/197x197/filters:fill(FFF,true):format(jpg)/d2lnr5mha7bycj.cloudfront.net/product-image/file/large_c80872f2-5003-49b3-9f83-951eaf69d222.png,"
Giant Eagle,Stouffer's Spaghetti With Meat Sauce Frozen Meal,$4.19 ,,,12 oz,[],,"https://www.instacart.com/image-server/197x197/filters:fill(FFF,true):format(jpg)/d2lnr5mha7bycj.cloudfront.net/product-image/file/large_0debb7f4-8bd1-4952-97ce-7054fd17ccfc.jpg,"
Giant Eagle,"P.F. Chang's Dan Dan Noodle Bowl, Frozen Meal",$6.09 ,,,11 oz,[],Many in stock,"https://www.instacart.com/image-server/197x197/filters:fill(FFF,true):format(jpg)/d2lnr5mha7bycj.cloudfront.net/product-image/file/large_ae597610-7524-42e4-826e-a842c9c4dd89.jpg,"
Giant Eagle,White Castle Original Chicken Rings,$12.09 ,,,20 onz,[],,"https://www.instacart.com/image-server/197x197/filters:fill(FFF,true):format(jpg)/d2lnr5mha7bycj.cloudfront.net/product-image/file/large_f4697478-5e8d-43dc-bc29-a0430d7ca96d.png,"
Giant Eagle,Red Baron Frozen Pizza Brick Oven Pepperoni,$7.69 ,,,17.89 oz,[],,"https://www.instacart.com/image-server/197x197/filters:fill(FFF,true):format(jpg)/d2lnr5mha7bycj.cloudfront.net/product-image/file/large_cf9601ad-1696-4158-aeff-49e53890884c.jpg,"
Giant Eagle,"Deep Indian Kitchen Chicken Curry, Medium Spice",$7.29 ,,,9 oz,['Gluten-Free'],Many in stock,"https://www.instacart.com/image-server/197x197/filters:fill(FFF,true):format(jpg)/d2lnr5mha7bycj.cloudfront.net/product-image/file/large_ebc02c10-cb74-4372-ae51-ec24fd872150.png,"
Giant Eagle,"P.F. Chang's Chicken Lo Mein Skillet Meal, Frozen Meal",$9.99 ,,,22 oz,[],,"https://www.instacart.com/image-server/197x197/filters:fill(FFF,true):format(jpg)/d2lnr5mha7bycj.cloudfront.net/product-image/file/large_17005496-bdc4-4e48-a72a-98d813b79563.jpg,"
Giant Eagle,Healthy Choice Café Stmr Beef Teriyaki Frozen Meal,$3.49 ,,,9.5 oz,[],,"https://www.instacart.com/image-server/197x197/filters:fill(FFF,true):format(jpg)/d2lnr5mha7bycj.cloudfront.net/product-image/file/large_bc4000a4-5e79-4123-8c75-b68938ba07c4.jpg,"
Giant Eagle,"White Castle Sliders, The Original",$7.59 ,,,6 ct,[],Many in stock,"https://www.instacart.com/image-server/197x197/filters:fill(FFF,true):format(jpg)/d2lnr5mha7bycj.cloudfront.net/product-image/file/large_8b8c992a-3820-4131-9394-bc41a53c9635.png,"
Giant Eagle,Tony's Pizzeria Style Crust Pepperoni Pizza,$4.19 ,,,18.56 oz,[],,"https://www.instacart.com/image-server/197x197/filters:fill(FFF,true):format(jpg)/d2lnr5mha7bycj.cloudfront.net/product-image/file/large_64dbfe06-ff6a-430d-9623-2671f251de23.jpg,"
Giant Eagle,"P.F. Chang's Orange Chicken Skillet Meal, Frozen Meal",$9.99 ,,,22 oz,[],,"https://www.instacart.com/image-server/197x197/filters:fill(FFF,true):format(jpg)/d2lnr5mha7bycj.cloudfront.net/product-image/file/large_2b511a07-8856-4bbd-bba5-7255b0bd30d1.jpg,"
Giant Eagle,DiGiorno Frozen Pizza - Five Cheese Pizza - Stuffed Crust Pizza,$12.59 ,,,22.2 oz,[],Many in stock,"https://www.instacart.com/image-server/197x197/filters:fill(FFF,true):format(jpg)/d2lnr5mha7bycj.cloudfront.net/product-image/file/large_2f0fe5fb-3f5c-4cee-9155-401cdbcdfc22.jpg,"
Giant Eagle,Lean Cuisine Handhelds Four Cheese Frozen Pizza,$4.19 ,,,6 oz,[],,"https://www.instacart.com/image-server/197x197/filters:fill(FFF,true):format(jpg)/d2lnr5mha7bycj.cloudfront.net/product-image/file/large_c7eb62de-50b0-45e0-be17-75a8a59f58fa.jpg,"
Giant Eagle,Red Baron French Bread Singles 5 Cheese & Garlic Pizzas,$4.79 ,,,8.8 oz,[],,"https://www.instacart.com/image-server/197x197/filters:fill(FFF,true):format(jpg)/d2lnr5mha7bycj.cloudfront.net/product-image/file/large_63be1f64-8ff1-413f-bc81-128249793c05.jpg,"
Giant Eagle,"P.F. Chang's General Chang's Chicken Skillet Meal, Frozen Meal",$9.99 ,,,22 oz,[],Many in stock,"https://www.instacart.com/image-server/197x197/filters:fill(FFF,true):format(jpg)/d2lnr5mha7bycj.cloudfront.net/product-image/file/large_9366108b-0d50-41a9-a6d3-a577c65772e6.jpg,"
Giant Eagle,Stouffer's Macaroni & Cheese Frozen Meal,$4.19 ,,,12 oz,[],,"https://www.instacart.com/image-server/197x197/filters:fill(FFF,true):format(jpg)/d2lnr5mha7bycj.cloudfront.net/product-image/file/large_74cbb5a1-3633-4459-b319-d26051db25e1.jpg,"
Giant Eagle,White Castle Classic Cheese Sliders,$7.59 ,,,6 x 1.83 oz,[],,"https://www.instacart.com/image-server/197x197/filters:fill(FFF,true):format(jpg)/d2lnr5mha7bycj.cloudfront.net/product-image/file/large_a3b7a8cf-3cf3-4cd1-b98e-aa2083697df3.png,"
Giant Eagle,DiGiorno Ultra Thin Crust Loaded Carnivore Pizza,$7.89 ,,,15 oz,[],,"https://www.instacart.com/image-server/197x197/filters:fill(FFF,true):format(jpg)/d2lnr5mha7bycj.cloudfront.net/product-image/file/large_4e3426a0-2112-4e69-9b89-871f946e8282.jpg,"
Giant Eagle,"P.F. Chang's Sweet and Sour Chicken Skillet Meal, Frozen Meal",$9.99 ,,,22 oz,[],Many in stock,"https://www.instacart.com/image-server/197x197/filters:fill(FFF,true):format(jpg)/d2lnr5mha7bycj.cloudfront.net/product-image/file/large_d3759385-16f3-4b52-bb0c-8bedaaf84e3d.jpg,"
Giant Eagle,Farm Rich Loaded Potato Skins Stuffed with Cheddar Cheese and Bacon,$9.29 ,,,14.3 oz,[],,"https://www.instacart.com/image-server/197x197/filters:fill(FFF,true):format(jpg)/d2lnr5mha7bycj.cloudfront.net/product-image/file/large_1626f8cb-f51b-431d-968c-c95aa24034c4.png,"
Giant Eagle,Stouffer's Cheddar Baked Potatoes Frozen Entrée,$6.69 ,,,24 oz,[],,"https://www.instacart.com/image-server/197x197/filters:fill(FFF,true):format(jpg)/d2lnr5mha7bycj.cloudfront.net/product-image/file/large_a8bf4032-cb58-458e-b4a3-c9ab355866ed.jpg,"
Giant Eagle,Life Cuisine Cauliflower Crust Chicken Bacon Ranch Piada Frozen Entrée,$5.29 ,,,6 oz,['Gluten-Free'],,"https://www.instacart.com/image-server/197x197/filters:fill(FFF,true):format(jpg)/d2lnr5mha7bycj.cloudfront.net/product-image/file/large_218239e0-f193-4ebc-8ffb-6479b7333d96.jpg,"
Giant Eagle,"P.F. Chang's Mongolian Style Beef Skillet Meal, Frozen Meal",$9.99 ,,,22 oz,[],,"https://www.instacart.com/image-server/197x197/filters:fill(FFF,true):format(jpg)/d2lnr5mha7bycj.cloudfront.net/product-image/file/large_99acc079-9f45-4d4f-910b-a166e993e42b.jpg,"
Giant Eagle,Life Cuisine Bowl Frozen Meal Chicken Enchilada,$5.09 ,,,10 oz,[],Many in stock,"https://www.instacart.com/image-server/197x197/filters:fill(FFF,true):format(jpg)/d2lnr5mha7bycj.cloudfront.net/product-image/file/large_af315540-ef2c-4bab-bc1e-8ce99c07e3d5.png,"
Giant Eagle,Blount's Family Kitchen Chicken & Broccoli Alfredo With Penne Microwave Meal,$7.39 ,,,12 oz,[],,"https://www.instacart.com/image-server/197x197/filters:fill(FFF,true):format(jpg)/d2lnr5mha7bycj.cloudfront.net/product-image/file/large_8864a659-27c8-4ff3-b551-5fa7941a598e.png,"
Giant Eagle,California Pizza Kitchen Four Cheese Crispy Thin Crust Frozen Pizza,$10.49 ,,,13.5 oz,[],Many in stock,"https://www.instacart.com/image-server/197x197/filters:fill(FFF,true):format(jpg)/d2lnr5mha7bycj.cloudfront.net/product-image/file/large_a8ba5bbf-b3a9-4135-a696-b3d0b396f435.jpg,"
Giant Eagle,DiGiorno Frozen Pizza - Frozen Pepperoni Pizza - Stuffed Crust Pizza,$12.59 ,,,22.2 oz,[],,"https://www.instacart.com/image-server/197x197/filters:fill(FFF,true):format(jpg)/d2lnr5mha7bycj.cloudfront.net/product-image/file/large_835a9bc8-e2b2-4b4b-8174-36e4d2bb55b1.jpg,"
Giant Eagle,Birds Eye Steamfresh Sauced Cheesy Pasta & Broccoli Frozen Side,$3.19 ,,,10.8 oz,[],,"https://www.instacart.com/image-server/197x197/filters:fill(FFF,true):format(jpg)/d2lnr5mha7bycj.cloudfront.net/product-image/file/large_a0216fed-9d82-4b51-9102-a51feda4bc66.jpeg,"
Giant Eagle,DiGiorno Cheese Stuffed Crust Four Cheese Frozen Pizza,$6.29 ,,,8.5 oz,[],,"https://www.instacart.com/image-server/197x197/filters:fill(FFF,true):format(jpg)/d2lnr5mha7bycj.cloudfront.net/product-image/file/large_b0ee4d53-6957-4a8b-bcb6-8dca1070a4c3.jpg,"
Giant Eagle,DiGiorno Classic Thin Crust Pepperoni,$7.89 ,,,20.6 oz,[],,"https://www.instacart.com/image-server/197x197/filters:fill(FFF,true):format(jpg)/d2lnr5mha7bycj.cloudfront.net/product-image/file/large_577bd8b9-2fa7-40db-884b-581704a25a02.png,"
Giant Eagle,DiGiorno Small Four Cheese Traditional Crust Frozen Pizza,$5.29 ,,,9.2 oz,[],,"https://www.instacart.com/image-server/197x197/filters:fill(FFF,true):format(jpg)/d2lnr5mha7bycj.cloudfront.net/product-image/file/large_97ebc10a-d441-4812-b704-3104115e6b68.jpg,"
Giant Eagle,Life Cuisine Gluten Free Lifestyle Cauliflower Crust Pepperoni Pizza,$5.29 ,,,6 oz,['Gluten-Free'],,"https://www.instacart.com/image-server/197x197/filters:fill(FFF,true):format(jpg)/d2lnr5mha7bycj.cloudfront.net/product-image/file/large_53f8e3b9-f224-42f5-982f-026b85c6f436.jpg,"
Giant Eagle,Birds Eye Buffalo Cauliflower Dip Frozen Appetizer,$4.79 ,,,10 oz,[],,"https://www.instacart.com/image-server/197x197/filters:fill(FFF,true):format(jpg)/d2lnr5mha7bycj.cloudfront.net/product-image/file/large_9a078a88-cc9a-4d1f-a042-433a0c4ce53f.jpg,"
Giant Eagle,California Pizza Kitchen Bbq Recipe Chicken Frozen Pizza Chicken Pizza On A Crispy Thin Crust,$10.49 ,,,14.7 oz,[],Many in stock,"https://www.instacart.com/image-server/197x197/filters:fill(FFF,true):format(jpg)/d2lnr5mha7bycj.cloudfront.net/product-image/file/large_1bf57b3c-309e-4614-a7c8-e21eb8500ffb.jpg,"
Giant Eagle,California Pizza Kitchen Signature Uncured Pepperoni Crispy Thin Crust Pizza,$10.49 ,,,13.6 oz,[],,"https://www.instacart.com/image-server/197x197/filters:fill(FFF,true):format(jpg)/d2lnr5mha7bycj.cloudfront.net/product-image/file/large_36e5fd2f-50a2-48c1-8a86-ae2604895aec.jpg,"
Giant Eagle,Birds Eye Veggie Made Rotini Marinara Vegetable Pasta,$4.79 ,,,10 oz,[],,"https://www.instacart.com/image-server/197x197/filters:fill(FFF,true):format(jpg)/d2lnr5mha7bycj.cloudfront.net/product-image/file/large_c5328170-56d9-4068-b5aa-7d10245196c2.jpeg,"
Giant Eagle,DiGiorno Small Pepperoni Traditional Crust Frozen Pizza,$5.29 ,,,9.3 oz,[],,"https://www.instacart.com/image-server/197x197/filters:fill(FFF,true):format(jpg)/d2lnr5mha7bycj.cloudfront.net/product-image/file/large_853c8f67-fa73-4a2b-aa3f-31ac685e8f5a.jpg,"
Giant Eagle,California Pizza Kitchen Artisanal Style Cheese Frozen Pizza With Cauliflower Pizza Crust,$11.59 ,,,11.8 oz,['Gluten-Free'],,"https://www.instacart.com/image-server/197x197/filters:fill(FFF,true):format(jpg)/d2lnr5mha7bycj.cloudfront.net/product-image/file/large_e30bbafd-3f0a-4f5f-a12b-9433a55ac325.jpg,"
Giant Eagle,Tombstone Pepperoni Frozen Pizza,$6.69 ,,,18.5 oz,[],,"https://www.instacart.com/image-server/197x197/filters:fill(FFF,true):format(jpg)/d2lnr5mha7bycj.cloudfront.net/product-image/file/large_3ac8a82c-b94b-4db5-bbe1-f879dbabcfcd.jpg,"
Giant Eagle,Giant Eagle Original Ripple Potato Chips,$3.19 ,,,8 oz,"['Gluten-Free', 'Vegan']",Many in stock,"https://www.instacart.com/image-server/197x197/filters:fill(FFF,true):format(jpg)/d2lnr5mha7bycj.cloudfront.net/product-image/file/large_11b885bc-5668-41dd-9aaf-21296e82e390.png,"
Giant Eagle,Act II Butter Lovers Butter Lovers Microwave Popcorn,$5.29 ,,,6 x 2.75 oz,['Gluten-Free'],,"https://www.instacart.com/image-server/197x197/filters:fill(FFF,true):format(jpg)/d2lnr5mha7bycj.cloudfront.net/product-image/file/large_44b562e1-c192-40b5-8c2f-a91affe0d76b.jpg,"
Giant Eagle,"Oreo Chocolate Sandwich Cookies, Party Size",$7.39 ,,,26 oz,[],Many in stock,"https://www.instacart.com/image-server/197x197/filters:fill(FFF,true):format(jpg)/d2lnr5mha7bycj.cloudfront.net/product-image/file/large_b7d41a98-f808-4b81-871b-9f42e2d76f65.jpg,"
Giant Eagle,CLIF BAR Chocolate Chip Energy Bars,$17.89 ,,,12 x 28.8 oz,['Organic'],,"https://www.instacart.com/image-server/197x197/filters:fill(FFF,true):format(jpg)/d2lnr5mha7bycj.cloudfront.net/product-image/file/large_45c4e6b4-7aad-4969-b804-cae8b2ad0a67.jpg,"
Giant Eagle,"Oreo Chocolate Sandwich Cookies, Family Size",$5.79 ,,,18 oz,[],Many in stock,"https://www.instacart.com/image-server/197x197/filters:fill(FFF,true):format(jpg)/d2lnr5mha7bycj.cloudfront.net/product-image/file/large_93fedb0f-b831-4ca5-acf6-7088ee5e8184.jpg,"
Giant Eagle,Little Debbie Zebra Cakes,$2.99 ,,,13 oz,[],,"https://www.instacart.com/image-server/197x197/filters:fill(FFF,true):format(jpg)/d2lnr5mha7bycj.cloudfront.net/product-image/file/large_a1059fe8-798c-442d-b5a2-546be348559a.png,"
Giant Eagle,Pillsbury Ready To Bake Reese’s Peanut Butter Cookie Dough,$5.19 ,,,16 oz,[],,"https://www.instacart.com/image-server/197x197/filters:fill(FFF,true):format(jpg)/d2lnr5mha7bycj.cloudfront.net/product-image/file/large_54bbb178-a04b-43c0-9b05-a82fa186dd5a.png,"
Giant Eagle,CLIF BAR Crunchy Peanut Butter Energy Bars,$9.49 ,,,6 x 2.4 oz,['Organic'],,"https://www.instacart.com/image-server/197x197/filters:fill(FFF,true):format(jpg)/d2lnr5mha7bycj.cloudfront.net/product-image/file/large_c7ff31f6-c884-458c-b726-9c76f03d5259.jpg,"
Giant Eagle,Lay's Classic Party Size Potato Chips,$6.49 ,,,13 oz,"['Gluten-Free', 'Vegan']",Many in stock,"https://www.instacart.com/image-server/197x197/filters:fill(FFF,true):format(jpg)/d2lnr5mha7bycj.cloudfront.net/product-image/file/large_c916d1c6-28ee-40b0-b4bb-5c3ce58af2bb.png,"
Giant Eagle,Giant Eagle Saltines Crackers,$1.99 ,,,16 oz,[],Many in stock,"https://www.instacart.com/image-server/197x197/filters:fill(FFF,true):format(jpg)/d2lnr5mha7bycj.cloudfront.net/product-image/file/large_7fafcc71-e72d-4ef6-977b-cbfa9160fd38.png,"
Giant Eagle,Hostess Frosted Mini DONETTES Bag Chocolate Breakfast Treats,$3.69 ,,,10.75 oz,[],,"https://www.instacart.com/image-server/197x197/filters:fill(FFF,true):format(jpg)/d2lnr5mha7bycj.cloudfront.net/product-image/file/large_744c781e-630a-4b02-a618-cd8af401f42e.jpg,"
Giant Eagle,"Ritz Peanut Butter Sandwich Crackers, Snack Packs",$4.79 ,,,8 x 1.38 oz,[],Many in stock,"https://www.instacart.com/image-server/197x197/filters:fill(FFF,true):format(jpg)/d2lnr5mha7bycj.cloudfront.net/product-image/file/large_b6b00077-ae15-4e5d-aff9-579b3f9e75ac.jpg,"
Giant Eagle,"Oreo Double Stuf Chocolate Sandwich Cookies, Party Size",$7.39 ,,,27 oz,[],,"https://www.instacart.com/image-server/197x197/filters:fill(FFF,true):format(jpg)/d2lnr5mha7bycj.cloudfront.net/product-image/file/large_86268f78-af40-4ee6-9417-2c3ed6f8c947.jpg,"
Giant Eagle,"Ritz Original Crackers, Family Size",$5.79 ,,,20 oz,[],Many in stock,"https://www.instacart.com/image-server/197x197/filters:fill(FFF,true):format(jpg)/d2lnr5mha7bycj.cloudfront.net/product-image/file/large_646497ea-c017-4fe9-9629-493edb7afff4.jpg,"
Giant Eagle,"Giant Eagle Tortilla Chip, Dippers",$3.19 ,,,10 oz,['Vegan'],Many in stock,"https://www.instacart.com/image-server/197x197/filters:fill(FFF,true):format(jpg)/d2lnr5mha7bycj.cloudfront.net/product-image/file/large_dda544ae-18fb-4cd1-93c2-5598bce8f70c.png,"
Giant Eagle,CLIF BAR Bar Energy Bars Chocolate Chip - 6 Ct,$9.49 ,,,6 x 2.4 oz,['Organic'],,"https://www.instacart.com/image-server/197x197/filters:fill(FFF,true):format(jpg)/d2lnr5mha7bycj.cloudfront.net/product-image/file/large_920abfdd-119c-42b2-bdc4-09dedb2f95cd.jpg,"
Giant Eagle,Little Debbie Strawberry Shortcake Rolls,$2.99 ,,,6 ct,[],,"https://www.instacart.com/image-server/197x197/filters:fill(FFF,true):format(jpg)/d2lnr5mha7bycj.cloudfront.net/product-image/file/large_8fa3be96-a9bd-4e6c-a064-ff9542dc34dd.png,"
Giant Eagle,Giant Eagle Oyster Crackers,$1.99 ,,,9 oz,[],Many in stock,"https://www.instacart.com/image-server/197x197/filters:fill(FFF,true):format(jpg)/d2lnr5mha7bycj.cloudfront.net/product-image/file/large_0d3b24ff-bedc-4944-a79d-9b76ca7682ec.png,"
Giant Eagle,"Lay's Potato Chips, Classic",$5.29 ,,,8 oz,"['Gluten-Free', 'Vegan']",Many in stock,"https://www.instacart.com/image-server/197x197/filters:fill(FFF,true):format(jpg)/d2lnr5mha7bycj.cloudfront.net/product-image/file/large_627370b5-1bd9-49b8-b288-40db128364f0.png,"
Giant Eagle,"Wheat Thins Original Whole Grain Wheat Crackers, Family Size",$5.79 ,,,14 oz,['Whole Grain'],Many in stock,"https://www.instacart.com/image-server/197x197/filters:fill(FFF,true):format(jpg)/d2lnr5mha7bycj.cloudfront.net/product-image/file/large_909cb969-add8-402c-a711-b82c56e1b209.jpg,"
Giant Eagle,Quest Tortilla Style Protein Chips Chili Lime,$3.19 ,,,1.1 oz,['Gluten-Free'],,"https://www.instacart.com/image-server/197x197/filters:fill(FFF,true):format(jpg)/d2lnr5mha7bycj.cloudfront.net/product-image/file/large_e408e81a-e75a-459e-bfe5-af80fe21b4af.png,"
Giant Eagle,Pepperidge Farm Goldfish Cheddar Cheese Crackers,$3.49 ,,,6.6 oz,[],Many in stock,"https://www.instacart.com/image-server/197x197/filters:fill(FFF,true):format(jpg)/d2lnr5mha7bycj.cloudfront.net/product-image/file/large_01a1b00d-cf73-44e2-a895-2ec4e1c9d350.jpg,"
Giant Eagle,"Nilla Cookies, Vanilla Wafers",$5.79 ,,,11 oz,[],Many in stock,"https://www.instacart.com/image-server/197x197/filters:fill(FFF,true):format(jpg)/d2lnr5mha7bycj.cloudfront.net/product-image/file/large_5c716baf-65a7-4bf7-822b-1de421750c1c.jpg,"
Giant Eagle,"Ritz Fresh Stacks Original Crackers, Family Size",$5.79 ,,,12 ct,[],,"https://www.instacart.com/image-server/197x197/filters:fill(FFF,true):format(jpg)/d2lnr5mha7bycj.cloudfront.net/product-image/file/large_3c28bd85-1b32-48ae-ae21-9314ad9ed8ce.jpg,"
Giant Eagle,Giant Eagle Original Pretzel Stix,$2.49 ,,,16 oz,[],,"https://www.instacart.com/image-server/197x197/filters:fill(FFF,true):format(jpg)/d2lnr5mha7bycj.cloudfront.net/product-image/file/large_4bfadc62-ce4c-4222-b9b3-274a82d7b2a1.png,"
Giant Eagle,Frito Lay Bold Mix,$14.39 ,,,18 each,[],,"https://www.instacart.com/image-server/197x197/filters:fill(FFF,true):format(jpg)/d2lnr5mha7bycj.cloudfront.net/product-image/file/large_431c8759-8eff-4784-a4b0-527233036f00.png,"
Giant Eagle,"Frito Lay Snacks, Family Fun Mix",$14.39 ,,,18 each,[],,"https://www.instacart.com/image-server/197x197/filters:fill(FFF,true):format(jpg)/d2lnr5mha7bycj.cloudfront.net/product-image/file/large_cbe383a5-7fe0-4d5c-af07-7ce372c4135e.png,"
Giant Eagle,Ritz Fresh Stacks Original Crackers,$5.09 ,,,8 x 1.48 oz,[],,"https://www.instacart.com/image-server/197x197/filters:fill(FFF,true):format(jpg)/d2lnr5mha7bycj.cloudfront.net/product-image/file/large_2f87bf55-29b3-44fc-a625-f37c626ab5b2.jpg,"
Giant Eagle,"Cheez-It Cheese Crackers, Baked Snack Crackers, Lunch Snacks, White Cheddar",$5.29 ,,,12.4 oz,['Light Sodium'],,"https://www.instacart.com/image-server/197x197/filters:fill(FFF,true):format(jpg)/d2lnr5mha7bycj.cloudfront.net/product-image/file/large_bd2b7a1a-7303-469d-9c8c-e45ea065d8a2.jpg,"
Giant Eagle,"Cheez-It Cheese Crackers, Baked Snack Crackers, Lunch Snacks, White Cheddar",$7.89 ,,,21 oz,['Light Sodium'],Many in stock,"https://www.instacart.com/image-server/197x197/filters:fill(FFF,true):format(jpg)/d2lnr5mha7bycj.cloudfront.net/product-image/file/large_a5461157-6c2e-48a4-8531-b17bb17e5965.jpg,"
Giant Eagle,Honey Maid Graham Crackers,$5.29 ,,,14.4 oz,['Whole Grain'],Many in stock,"https://www.instacart.com/image-server/197x197/filters:fill(FFF,true):format(jpg)/d2lnr5mha7bycj.cloudfront.net/product-image/file/large_018e27f9-e0b7-4deb-8398-fcbc4e7b8294.jpg,"
Giant Eagle,CLIF BAR White Chocolate Macadamia Nut Flavor Energy Bars,$9.49 ,,,6 x 2.4 oz,['Organic'],,"https://www.instacart.com/image-server/197x197/filters:fill(FFF,true):format(jpg)/d2lnr5mha7bycj.cloudfront.net/product-image/file/large_5dae0e62-283e-486d-acc5-54eaef18cb94.jpg,"
Giant Eagle,Jell-O Strawberry Ready-to-Eat Cheesecake Snack Cups,$3.69 ,,,4 x 3.53 oz,[],Many in stock,"https://www.instacart.com/image-server/197x197/filters:fill(FFF,true):format(jpg)/d2lnr5mha7bycj.cloudfront.net/product-image/file/large_3b3c1e69-b7e9-45aa-9632-5e76bb4ad76e.jpg,"
Giant Eagle,Lay's Dill Pickle Flavored Potato Chips,$5.29 ,,,7.75 oz,[],Many in stock,"https://www.instacart.com/image-server/197x197/filters:fill(FFF,true):format(jpg)/d2lnr5mha7bycj.cloudfront.net/product-image/file/large_0ddb52f9-54c7-4c14-9c89-5c65ee16b874.png,"
Giant Eagle,Wheat Thins Original Whole Grain Wheat Crackers,$4.79 ,,,9 oz,['Whole Grain'],,"https://www.instacart.com/image-server/197x197/filters:fill(FFF,true):format(jpg)/d2lnr5mha7bycj.cloudfront.net/product-image/file/large_d0a649ac-3ab8-4679-a07b-1555db36c1f0.jpg,"
Giant Eagle,"Ritz Cheese Sandwich Crackers, Snack Packs",$4.79 ,,,8 x 1.35 oz,[],Many in stock,"https://www.instacart.com/image-server/197x197/filters:fill(FFF,true):format(jpg)/d2lnr5mha7bycj.cloudfront.net/product-image/file/large_923950e9-65a2-4f06-9ac4-c15c8c91736e.jpg,"
Giant Eagle,Premium Original Soup & Oyster Crackers,$4.79 ,,,8 oz,[],Many in stock,"https://www.instacart.com/image-server/197x197/filters:fill(FFF,true):format(jpg)/d2lnr5mha7bycj.cloudfront.net/product-image/file/large_f0d00638-1172-4429-aa61-60968a52f759.jpg,"
Giant Eagle,Nature Valley Whole Grain Chocolate Peanut Butter Biscuit Sandwiches,$5.09 ,,,6.75 oz,[],,"https://www.instacart.com/image-server/197x197/filters:fill(FFF,true):format(jpg)/d2lnr5mha7bycj.cloudfront.net/product-image/file/large_e4d0273e-0719-441c-9645-20bc310fdd65.png,"
Giant Eagle,Nature Valley Coconut Butter Biscuits Sandwiches,$5.09 ,,,6.75 oz,[],,"https://www.instacart.com/image-server/197x197/filters:fill(FFF,true):format(jpg)/d2lnr5mha7bycj.cloudfront.net/product-image/file/large_104488f8-655a-402a-ac78-82e3c83977ec.png,"
Giant Eagle,CLIF BAR Chocolate Brownie Flavor Energy Bars,$9.49 ,,,6 ct,['Organic'],,"https://www.instacart.com/image-server/197x197/filters:fill(FFF,true):format(jpg)/d2lnr5mha7bycj.cloudfront.net/product-image/file/large_a2bcf438-148e-4dc2-aa58-f467a8332dbc.jpg,"
Giant Eagle,"Lay's Potato Chips, Honey Barbecue Flavored",$5.29 ,,,7.8 oz,[],Many in stock,"https://www.instacart.com/image-server/197x197/filters:fill(FFF,true):format(jpg)/d2lnr5mha7bycj.cloudfront.net/product-image/file/large_2acca9af-2844-4cb3-b037-a0b3de86d056.png,"
Giant Eagle,Cape Cod Kettle Cooked Potato Chips Variety,$12.59 ,,,20 ct,['Gluten-Free'],,"https://www.instacart.com/image-server/197x197/filters:fill(FFF,true):format(jpg)/d2lnr5mha7bycj.cloudfront.net/product-image/file/large_795c1145-5255-4e0e-addc-cc77dadc98bd.jpg,"
Giant Eagle,"Cheez-It Crunchy Cheese Crackers, Snack Crackers, Lunch Snacks, Sharp White Cheddar",$7.89 ,,,17 oz,[],Many in stock,"https://www.instacart.com/image-server/197x197/filters:fill(FFF,true):format(jpg)/d2lnr5mha7bycj.cloudfront.net/product-image/file/large_dbed2d48-1c1d-45dd-ac39-2b3a1243033e.jpg,"
Giant Eagle,CLIF BAR Peanut Butter Banana With Dark Chocolate Flavor Energy Bars,$9.49 ,,,6 ct,['Organic'],,"https://www.instacart.com/image-server/197x197/filters:fill(FFF,true):format(jpg)/d2lnr5mha7bycj.cloudfront.net/product-image/file/large_8effc059-9358-4032-8829-f298b0f74a0a.jpg,"
Giant Eagle,Quest Tortilla Style Protein Chips Nacho Cheese,$3.19 ,,,1.1 oz,['Gluten-Free'],Many in stock,"https://www.instacart.com/image-server/197x197/filters:fill(FFF,true):format(jpg)/d2lnr5mha7bycj.cloudfront.net/product-image/file/large_bf811600-6ca4-4c8b-8cff-d0b6fa2020fe.png,"
Giant Eagle,Jell-O Chocolate Vanilla Swirls Sugar Free Refrigerated Pudding Cup Snacks Value Pack,$3.69 ,,,4 ct,['Zero Sugar'],Many in stock,"https://www.instacart.com/image-server/197x197/filters:fill(FFF,true):format(jpg)/d2lnr5mha7bycj.cloudfront.net/product-image/file/large_81ecca3c-8e34-495d-968a-b121938b82af.jpg,"
Giant Eagle,"Ruffles Original Potato Chips, Party Size",$7.69 ,,,13 oz,"['Gluten-Free', 'Vegan']",,"https://www.instacart.com/image-server/197x197/filters:fill(FFF,true):format(jpg)/d2lnr5mha7bycj.cloudfront.net/product-image/file/large_a22afb97-1896-4726-ab5c-6e2be4a4bd72.png,"
Giant Eagle,"Ritz Original Flavor Crackers, 1 Box",$5.09 ,,,14 oz,[],Many in stock,"https://www.instacart.com/image-server/197x197/filters:fill(FFF,true):format(jpg)/d2lnr5mha7bycj.cloudfront.net/product-image/file/large_764511ee-7451-415b-9d9e-42bd9f0f765b.jpg,"
Giant Eagle,"Nutella Crispy Wafer, B-Ready",$4.19 ,,,6 x 0.7 oz,[],,"https://www.instacart.com/image-server/197x197/filters:fill(FFF,true):format(jpg)/d2lnr5mha7bycj.cloudfront.net/product-image/file/large_9fd72f02-81b2-4484-aff8-a2f057dad7cc.png,"
Giant Eagle,Jell-O Lemon Meringue Ready-to-Eat Pie Snack Cups,$3.69 ,,,4 x 3.35 oz,[],,"https://www.instacart.com/image-server/197x197/filters:fill(FFF,true):format(jpg)/d2lnr5mha7bycj.cloudfront.net/product-image/file/large_e7d850e0-57a7-4d7e-a339-56fbd10c29b0.jpg,"
Giant Eagle,Premium Original Fresh Stacks Saltine Crackers,$4.79 ,,,14 oz,[],,"https://www.instacart.com/image-server/197x197/filters:fill(FFF,true):format(jpg)/d2lnr5mha7bycj.cloudfront.net/product-image/file/large_2fe6cec6-8b14-4bb1-a245-0ece5de87167.jpg,"
Giant Eagle,CLIF BAR Cool Mint Chocolate With Caffeine Energy Bars,$9.49 ,,,6 x 14.4 oz,['Organic'],Many in stock,"https://www.instacart.com/image-server/197x197/filters:fill(FFF,true):format(jpg)/d2lnr5mha7bycj.cloudfront.net/product-image/file/large_f7099047-015b-42a8-b669-d0777e722f4d.jpg,"
Giant Eagle,"AirHeads Candy, Original Fruit, Bites",$4.19 ,,,9 oz,[],Many in stock,"https://www.instacart.com/image-server/197x197/filters:fill(FFF,true):format(jpg)/d2lnr5mha7bycj.cloudfront.net/product-image/file/large_38b575ec-0ead-4c95-82eb-d6230c109b6f.png,"
Giant Eagle,"Wheat Thins Reduced Fat Whole Grain Wheat Crackers, Family Size",$5.79 ,,,13 oz,['Whole Grain'],Many in stock,"https://www.instacart.com/image-server/197x197/filters:fill(FFF,true):format(jpg)/d2lnr5mha7bycj.cloudfront.net/product-image/file/large_480671f7-5670-4ec9-9f31-9d9d378f6bcd.jpg,"
Giant Eagle,"Simple Mills Almond Flour Crackers, Fine Ground Sea Salt",$5.29 ,,,4.25 oz,"['Gluten-Free', 'Vegan']",,"https://www.instacart.com/image-server/197x197/filters:fill(FFF,true):format(jpg)/d2lnr5mha7bycj.cloudfront.net/product-image/file/large_bf8676d7-e7ac-4a78-8e06-5fb0ecb0e3da.png,"
Giant Eagle,Vermont Smoke & Cure Original Beef & Pork Sticks,$6.69 ,,,6 x 0.5 oz,['Gluten-Free'],,"https://www.instacart.com/image-server/197x197/filters:fill(FFF,true):format(jpg)/d2lnr5mha7bycj.cloudfront.net/product-image/file/large_3102353d-91e3-49cf-91b8-8b31d41d6a96.jpg,"
Giant Eagle,Triscuit Cracked Pepper & Olive Oil Whole Grain Wheat Crackers,$4.79 ,,,9 oz,"['Whole Grain', 'Vegan']",,"https://www.instacart.com/image-server/197x197/filters:fill(FFF,true):format(jpg)/d2lnr5mha7bycj.cloudfront.net/product-image/file/large_0f3543e5-d514-4b71-9919-46baadab8c54.jpg,"
Giant Eagle,Triscuit Rosemary & Olive Oil Whole Grain Wheat Crackers,$4.79 ,,,8.5 oz,['Whole Grain'],,"https://www.instacart.com/image-server/197x197/filters:fill(FFF,true):format(jpg)/d2lnr5mha7bycj.cloudfront.net/product-image/file/large_8459e552-9a7f-4747-8a20-aa777952c0d5.jpg,"
Giant Eagle,KIND Dark Chocolate Chunk,$5.09 ,,,5 ct,['Gluten-Free'],,"https://www.instacart.com/image-server/197x197/filters:fill(FFF,true):format(jpg)/d2lnr5mha7bycj.cloudfront.net/product-image/file/large_878d4e1c-cd6c-4cc0-be52-b8a79d25f86c.png,"
Giant Eagle,Stauffer's SNAPS Ginger,$4.09 ,,,14 oz,[],,"https://www.instacart.com/image-server/197x197/filters:fill(FFF,true):format(jpg)/d2lnr5mha7bycj.cloudfront.net/product-image/file/large_1d7e7e3c-ce31-44d9-b4ff-c8a42e1447ca.png,"
Giant Eagle,Cheetos Simply Puffs White Cheddar Cheese Flavored Snacks,$5.29 ,,,8 oz,['Gluten-Free'],Many in stock,"https://www.instacart.com/image-server/197x197/filters:fill(FFF,true):format(jpg)/d2lnr5mha7bycj.cloudfront.net/product-image/file/large_6bac7465-47d9-4541-9a42-f79c6f47353c.png,"
Giant Eagle,Entenmann's Little Bites Party Cake Mini Muffins,$6.09 ,,,20 ct,[],Many in stock,"https://www.instacart.com/image-server/197x197/filters:fill(FFF,true):format(jpg)/d2lnr5mha7bycj.cloudfront.net/product-image/file/large_071d291d-2ae5-451d-be98-70d7a06ab0d8.png,"
Giant Eagle,"UNREAL Dark Chocolate Caramel, Peanut Nougat Bars",$6.29 ,,,3.4 oz,[],,"https://www.instacart.com/image-server/197x197/filters:fill(FFF,true):format(jpg)/d2lnr5mha7bycj.cloudfront.net/product-image/file/large_44fcd2db-6f8a-4f71-9848-2eacc57ac59f.png,"
Giant Eagle,"Doritos Tortilla Chips, Nacho Cheese Flavored, Party Size",$7.69 ,,,14.5 oz,[],,"https://www.instacart.com/image-server/197x197/filters:fill(FFF,true):format(jpg)/d2lnr5mha7bycj.cloudfront.net/product-image/file/large_fdf670de-d20b-47f2-9702-efcf897f7d50.png,"
Giant Eagle,"Ruffles Potato Chips, Cheddar & Sour Cream Flavored, Party Size",$7.69 ,,,12.5 oz,[],,"https://www.instacart.com/image-server/197x197/filters:fill(FFF,true):format(jpg)/d2lnr5mha7bycj.cloudfront.net/product-image/file/large_2699e412-3602-4ce8-8082-baa5f7d97af1.png,"
Giant Eagle,"PopCorners Popped-Corn Snack, Sweet Chili",$5.09 ,,,7 oz,[],,"https://www.instacart.com/image-server/197x197/filters:fill(FFF,true):format(jpg)/d2lnr5mha7bycj.cloudfront.net/product-image/file/large_03a606f4-a75b-4aa6-8027-8e5171454280.png,"
Giant Eagle,"PopCorners Popped-Corn Snack, Sweet & Salty Kettle Corn Flavored",$5.09 ,,,7 oz,['Gluten-Free'],,"https://www.instacart.com/image-server/197x197/filters:fill(FFF,true):format(jpg)/d2lnr5mha7bycj.cloudfront.net/product-image/file/large_29f3e61e-ac7e-4535-8097-7a7e866aca47.png,"
Giant Eagle,KIND Oats & Honey with Coconut,$5.09 ,,,5 x 1.2 oz,['Gluten-Free'],,"https://www.instacart.com/image-server/197x197/filters:fill(FFF,true):format(jpg)/d2lnr5mha7bycj.cloudfront.net/product-image/file/large_fc9101b4-8fab-4dbf-b033-45dffd7cc62b.png,"
Giant Eagle,Banana,$0.27 ,each (est.),$0.69 / lb,About 0.4 lb each,[],,"https://www.instacart.com/image-server/197x197/filters:fill(FFF,true):format(jpg)/d2lnr5mha7bycj.cloudfront.net/product-image/file/large_0b26bdb1-2ad3-497d-870b-78f32c258b24.png,"
Giant Eagle,Cucumber,$1.59 ,,,,[],Many in stock,"https://www.instacart.com/image-server/197x197/filters:fill(FFF,true):format(jpg)/d2lnr5mha7bycj.cloudfront.net/product-image/file/large_53eecb9e-2fe4-41be-829c-683347049db8.png,"
Giant Eagle,"Maruchan Ramen Noodle Soup, Chicken Flavor, 12 Pack",$3.99 ,,,12 x 3 oz,[],,"https://www.instacart.com/image-server/197x197/filters:fill(FFF,true):format(jpg)/d2lnr5mha7bycj.cloudfront.net/product-image/file/large_db42e49a-ba3f-4d5b-9a54-c201dd5c34d9.png,"
Giant Eagle,Stur Drinks Strawberry Watermelon Liquid Water Enhancer,$4.79 ,,,1.62 fl oz,"['Zero Calories', 'Zero Sugar']",,"https://www.instacart.com/image-server/197x197/filters:fill(FFF,true):format(jpg)/d2lnr5mha7bycj.cloudfront.net/product-image/file/large_07ea7561-c6a1-41dc-b4a7-395f16ab4c50.png,"
Giant Eagle,Glad Press'n Seal Plastic Food Wrap,$4.79 ,,,70 sq ft,[],Many in stock,"https://www.instacart.com/image-server/197x197/filters:fill(FFF,true):format(jpg)/d2lnr5mha7bycj.cloudfront.net/product-image/file/large_95eede61-a4af-40af-b48a-c970b3ef248f.jpg,"
Giant Eagle,Green Bell Pepper,$2.30 ,each (est.),$4.19 / lb,About 0.55 lb each,[],,"https://www.instacart.com/image-server/197x197/filters:fill(FFF,true):format(jpg)/d2lnr5mha7bycj.cloudfront.net/product-image/file/large_24885fb0-4aba-4b4a-acf0-a98eb1b70ed7.png,"
Giant Eagle,Giant Eagle 2% Reduced Fat Milk,$3.19 ,,,1 gal,[],Many in stock,"https://www.instacart.com/image-server/197x197/filters:fill(FFF,true):format(jpg)/d2lnr5mha7bycj.cloudfront.net/product-image/file/large_758f0c97-ffd3-41a8-95b1-49f969b2156d.png,"
Giant Eagle,Giant Eagle Cold Rotisserie Chicken,$7.39 ,,,1 each,[],,"https://www.instacart.com/image-server/197x197/filters:fill(FFF,true):format(jpg)/d2lnr5mha7bycj.cloudfront.net/product-image/file/large_30001f45-b555-4643-8972-1e981dafbd55.png,"
Giant Eagle,"Glad Drawstring Bags, Tall Kitchen, Lavender Scent, 13 Gallon",$11.59 ,,,40 ct,[],,"https://www.instacart.com/image-server/197x197/filters:fill(FFF,true):format(jpg)/d2lnr5mha7bycj.cloudfront.net/product-image/file/large_e4b343d3-57f1-4303-8d4c-d53277aca34f.jpg,"
Giant Eagle,Charmin Ultra Strong Toilet Paper Mega Rolls,$9.99 ,,,6 ct,[],,"https://www.instacart.com/image-server/197x197/filters:fill(FFF,true):format(jpg)/d2lnr5mha7bycj.cloudfront.net/product-image/file/large_e22fb7bd-31a7-4312-a605-b5fddfa26007.png,"
Giant Eagle,Giant Eagle Purified Water,$3.99 ,,,24 x 16.9 fl oz,[],Many in stock,"https://www.instacart.com/image-server/197x197/filters:fill(FFF,true):format(jpg)/d2lnr5mha7bycj.cloudfront.net/product-image/file/large_a2bc4717-0b60-4064-96b9-241964930d45.png,"
Giant Eagle,Heluva Good! French Onion Dip,$2.49 ,,,12 oz,[],Many in stock,"https://www.instacart.com/image-server/197x197/filters:fill(FFF,true):format(jpg)/d2lnr5mha7bycj.cloudfront.net/product-image/file/large_70dccdd5-fd4c-4ced-a27b-9c7103e23aa1.jpg,"
Giant Eagle,"Bounty Select-A-Size Paper Towels, White, 6 Big Rolls = 8 Regular Rolls",$7.29 ,,,6 ct,[],,"https://www.instacart.com/image-server/197x197/filters:fill(FFF,true):format(jpg)/d2lnr5mha7bycj.cloudfront.net/product-image/file/large_7f74104b-3b0f-438b-990e-8feccfd683e0.png,"
Giant Eagle,"Colgate Cavity Protection Fluoride Toothpaste, Mint",$4.99 ,,,2 x 6 oz,['Whitening'],Many in stock,"https://www.instacart.com/image-server/197x197/filters:fill(FFF,true):format(jpg)/d2lnr5mha7bycj.cloudfront.net/product-image/file/large_d569df08-395e-4b74-9641-5c19aa18350f.jpg,"
Giant Eagle,"Two Good Strawberry Banana Smoothie, Yogurt-Cultured Smoothie Drink, Less Sugar",$1.79 ,,,7 fl oz,[],,"https://www.instacart.com/image-server/197x197/filters:fill(FFF,true):format(jpg)/d2lnr5mha7bycj.cloudfront.net/product-image/file/large_c9b3d07e-7784-420e-a1ea-fd8b4db84d6e.jpg,"
Giant Eagle,Smucker's Uncrustables Peanut Butter & Strawberry Jam Sandwich,$11.89 ,,,10 ct,[],Many in stock,"https://www.instacart.com/image-server/197x197/filters:fill(FFF,true):format(jpg)/d2lnr5mha7bycj.cloudfront.net/product-image/file/large_805548d8-d4d5-4047-8562-258706b0737f.jpg,"
Giant Eagle,Giant Eagle White Enriched King Size Bread,$1.79 ,,,20 oz,[],Many in stock,"https://www.instacart.com/image-server/197x197/filters:fill(FFF,true):format(jpg)/d2lnr5mha7bycj.cloudfront.net/product-image/file/large_3b1c9fa3-ad4f-4609-b1d1-a590348bea6b.png,"
Giant Eagle,Sargento Natural String Cheese Snacks,$5.59 ,,,12 ct,['Keto'],Many in stock,"https://www.instacart.com/image-server/197x197/filters:fill(FFF,true):format(jpg)/d2lnr5mha7bycj.cloudfront.net/product-image/file/large_a04b5b2b-a149-48b4-b6fc-c771a906b7d4.jpg,"
Giant Eagle,"Vicks VapoShower, Dissolvable Shower Tablets, Soothing Non-Medicated Vapors",$7.89 ,,,3 ct,['FSA/HSA'],,"https://www.instacart.com/image-server/197x197/filters:fill(FFF,true):format(jpg)/d2lnr5mha7bycj.cloudfront.net/product-image/file/large_3b043505-8930-4d39-b8cc-1bc9dc84c003.png,"
Giant Eagle,Giant Eagle Heavy Whipping Cream,$3.89 ,,,1 pt,[],Many in stock,"https://www.instacart.com/image-server/197x197/filters:fill(FFF,true):format(jpg)/d2lnr5mha7bycj.cloudfront.net/product-image/file/large_db66c500-41ab-4207-8725-3bf4560fa5aa.png,"
Giant Eagle,Nature's Basket All Natural Boneless Skinless Chicken Breast,$14.58 ,/pkg (est.),$7.29 / lb,About 2.0 lb / package,['Breast'],,"https://www.instacart.com/image-server/197x197/filters:fill(FFF,true):format(jpg)/d2lnr5mha7bycj.cloudfront.net/product-image/file/large_92941a93-4fbd-4dd0-96db-6cf68c750b7a.png,"
Giant Eagle,Heinz Tomato Ketchup,$5.29 ,,,32 oz,[],Many in stock,"https://www.instacart.com/image-server/197x197/filters:fill(FFF,true):format(jpg)/d2lnr5mha7bycj.cloudfront.net/product-image/file/large_9353ca97-b2cf-4df1-b216-201b686a5f0b.jpg,"
Giant Eagle,Neutrogena Makeup Remover Wipes & Facial Cleansing Towelettes,$7.59 ,,,25 ct,[],Many in stock,"https://www.instacart.com/image-server/197x197/filters:fill(FFF,true):format(jpg)/d2lnr5mha7bycj.cloudfront.net/product-image/file/large_9c5997f2-3213-49cb-bf69-2a3d7376e2a6.jpg,"
Giant Eagle,"Freshpet Dog Food, Chicken Recipe, Bite-Size, Small Dog",$8.79 ,,,1 lb,[],,"https://www.instacart.com/image-server/197x197/filters:fill(FFF,true):format(jpg)/d2lnr5mha7bycj.cloudfront.net/product-image/file/large_9642f444-81aa-4716-a3b5-c4e7e2e99f38.png,"
Giant Eagle,Giant Eagle Grade A Cage Free Large White Eggs,$3.19 ,,,12 oz,['Cage-Free'],,"https://www.instacart.com/image-server/197x197/filters:fill(FFF,true):format(jpg)/d2lnr5mha7bycj.cloudfront.net/product-image/file/large_c6bb7fc6-20fe-46ca-81d6-713278f353aa.png,"
Giant Eagle,"Minute Maid Fruit Punch, Made W/ Real Fruit Juice",$2.59 ,,,59 fl oz • 2 options,[],,"https://www.instacart.com/image-server/197x197/filters:fill(FFF,true):format(jpg)/d2lnr5mha7bycj.cloudfront.net/product-image/file/large_6f6de70d-54b3-4929-b9e8-2a8cde7eb10a.jpg,"
Giant Eagle,Daisy Sour Cream,$3.19 ,,,16 oz,[],Many in stock,"https://www.instacart.com/image-server/197x197/filters:fill(FFF,true):format(jpg)/d2lnr5mha7bycj.cloudfront.net/product-image/file/large_bf4217b6-d7fd-46fe-8f63-4dc612524250.png,"
Giant Eagle,"StarKist Chunk Light Tuna in Water, Pouch",$1.79 ,,,2.6 oz,[],,"https://www.instacart.com/image-server/197x197/filters:fill(FFF,true):format(jpg)/d2lnr5mha7bycj.cloudfront.net/product-image/file/large_b452d2d8-7752-4010-8a97-967266753952.png,"
Giant Eagle,"Fabuloso Multi-Purpose Cleaner, 2X Concentrated Formula, Lavender",$5.79 ,,,56 fl oz,[],Many in stock,"https://www.instacart.com/image-server/197x197/filters:fill(FFF,true):format(jpg)/d2lnr5mha7bycj.cloudfront.net/product-image/file/large_8c742f9d-5b5f-40d2-b638-75b3f137bb05.jpg,"
Giant Eagle,"Giant Eagle Finely Shredded Iceberg Lettuce For Tacos, Sandwiches & Salads",$3.19 ,,,8 oz,[],,"https://www.instacart.com/image-server/197x197/filters:fill(FFF,true):format(jpg)/d2lnr5mha7bycj.cloudfront.net/product-image/file/large_eca88e41-b44f-46b0-93a3-e9351f387fe7.png,"
Giant Eagle,Jif Peanut Butter Spreads,$3.59 ,,,16 oz,[],Many in stock,"https://www.instacart.com/image-server/197x197/filters:fill(FFF,true):format(jpg)/d2lnr5mha7bycj.cloudfront.net/product-image/file/large_3eed3100-5e7a-4a66-9380-05a786702414.jpg,"
Giant Eagle,Giant Eagle 100% Pure Granulated Sugar,$4.19 ,,,4 lb,[],Many in stock,"https://www.instacart.com/image-server/197x197/filters:fill(FFF,true):format(jpg)/d2lnr5mha7bycj.cloudfront.net/product-image/file/large_6ac8188c-2f8e-4e4d-84a6-0e62681269c2.png,"
Giant Eagle,Lipton Tea Bags Black Tea,$5.29 ,,,100 ct,[],Many in stock,"https://www.instacart.com/image-server/197x197/filters:fill(FFF,true):format(jpg)/d2lnr5mha7bycj.cloudfront.net/product-image/file/large_49705147-5822-478a-8f1e-bcd92f6420d3.jpg,"
Giant Eagle,TAZO Tea Tea Concentrate Skinny Chai Latte,$7.29 ,,,32 oz,[],Many in stock,"https://www.instacart.com/image-server/197x197/filters:fill(FFF,true):format(jpg)/d2lnr5mha7bycj.cloudfront.net/product-image/file/large_71ac2638-196f-40f7-8f1a-45ce23a8a69e.png,"
Giant Eagle,Land O Lakes Salted Butter Sticks,$7.19 ,,,1 lb,[],Many in stock,"https://www.instacart.com/image-server/197x197/filters:fill(FFF,true):format(jpg)/d2lnr5mha7bycj.cloudfront.net/product-image/file/large_38fe7401-62a1-4509-abb2-73902a791877.png,"
Giant Eagle,Giant Eagle Enriched Sliced Hamburger Buns,$1.79 ,,,12 oz,[],Many in stock,"https://www.instacart.com/image-server/197x197/filters:fill(FFF,true):format(jpg)/d2lnr5mha7bycj.cloudfront.net/product-image/file/large_edf28ad3-01e8-48e2-9ee8-b91e8b0bd654.png,"
Giant Eagle,Isaly’s Chopped Ham,$5.29 ,/lb,,$0.33/oz,[],,"https://www.instacart.com/image-server/197x197/filters:fill(FFF,true):format(jpg)/d2lnr5mha7bycj.cloudfront.net/product-image/file/large_9c99ba56-12e7-49f6-beb3-514b04e2b444.png,"
Giant Eagle,"P.F. Chang's Chicken Egg Rolls, Frozen Appetizers",$5.09 ,,,8.8 oz,[],Many in stock,"https://www.instacart.com/image-server/197x197/filters:fill(FFF,true):format(jpg)/d2lnr5mha7bycj.cloudfront.net/product-image/file/large_8c0d809a-b32f-40e3-b252-fa8f43dcc49f.jpg,"
Giant Eagle,Gerber Lil Crunchies Mild Cheddar Clean Label Project,$3.09 ,,,1.48 oz,[],Many in stock,"https://www.instacart.com/image-server/197x197/filters:fill(FFF,true):format(jpg)/d2lnr5mha7bycj.cloudfront.net/product-image/file/large_d7ac534a-02cc-46e2-8cde-0aee908186da.jpg,"
Giant Eagle,Canada Dry Ginger Ale,$10.29 ,,,12 x 12 fl oz • 4 options,[],Many in stock,"https://www.instacart.com/image-server/197x197/filters:fill(FFF,true):format(jpg)/d2lnr5mha7bycj.cloudfront.net/product-image/file/large_f40d5265-801a-447b-822b-57e899a75ba1.png,"
Giant Eagle,Mission Super Soft Soft Taco Flour Tortillas,$4.19 ,,,10 ct,[],Many in stock,"https://www.instacart.com/image-server/197x197/filters:fill(FFF,true):format(jpg)/d2lnr5mha7bycj.cloudfront.net/product-image/file/large_6fdc69a7-f605-4d6c-94ea-1ef33a699dce.jpg,"
Giant Eagle,Giant Eagle Sharp Cheddar Finely Shredded Cheese,$2.99 ,,,8 oz,[],,"https://www.instacart.com/image-server/197x197/filters:fill(FFF,true):format(jpg)/d2lnr5mha7bycj.cloudfront.net/product-image/file/large_d0e94ce0-1f08-4aa5-8780-f6da142a1b94.png,"
Giant Eagle,"Just Crack an Egg Protein Packed Scramble Breakfast Bowl Kit, for a Low Carb Lifestyle",$2.99 ,,,2.25 oz,[],,"https://www.instacart.com/image-server/197x197/filters:fill(FFF,true):format(jpg)/d2lnr5mha7bycj.cloudfront.net/product-image/file/large_3dcd951a-d3f2-4dab-b4a2-2f059ca077ef.jpg,"
Giant Eagle,"Gatorade Frost Glacier Freeze Thirst Quencher, Sports Drink",$10.49 ,,,8 x 20 fl oz • 3 options,[],,"https://www.instacart.com/image-server/197x197/filters:fill(FFF,true):format(jpg)/d2lnr5mha7bycj.cloudfront.net/product-image/file/large_811eb5e0-1339-4c5e-9bd0-dabb0f13bb93.png,"
Giant Eagle,Kraft Original Mac & Cheese Easy Microwavable Dinner,$6.29 ,,,4 x 2.05 oz,[],Many in stock,"https://www.instacart.com/image-server/197x197/filters:fill(FFF,true):format(jpg)/d2lnr5mha7bycj.cloudfront.net/product-image/file/large_cc37e9f5-8423-467c-ac99-65fd25751f66.jpg,"
Giant Eagle,Thomas’ Original English Muffins,$5.59 ,,,6 ct,[],Many in stock,"https://www.instacart.com/image-server/197x197/filters:fill(FFF,true):format(jpg)/d2lnr5mha7bycj.cloudfront.net/product-image/file/large_b5729225-1409-4eb5-958d-1f410ec4a466.jpg,"
Giant Eagle,Philadelphia Original Cream Cheese,$4.19 ,,,8 oz,[],Many in stock,"https://www.instacart.com/image-server/197x197/filters:fill(FFF,true):format(jpg)/d2lnr5mha7bycj.cloudfront.net/product-image/file/large_6b54c5a5-0a10-4a07-93e9-6e1c9207123b.jpg,"
Giant Eagle,"Kellogg’s Eggo Frozen Pancake Bites, Frozen Breakfast, Breakfast Food, Chocolatey Chip",$4.79 ,,,5 ct,[],Many in stock,"https://www.instacart.com/image-server/197x197/filters:fill(FFF,true):format(jpg)/d2lnr5mha7bycj.cloudfront.net/product-image/file/large_dd8d4f64-df1d-4bbc-8f0f-d3837bd12bda.jpg,"
Giant Eagle,"fairlife 2% Chocolate Ultra-Filtered Milk, Lactose Free",$5.79 ,,,52 fl oz,[],,"https://www.instacart.com/image-server/197x197/filters:fill(FFF,true):format(jpg)/d2lnr5mha7bycj.cloudfront.net/product-image/file/large_5801ef66-cafe-4d38-8c96-55cb962f3c02.jpg,"
Giant Eagle,Ore-Ida Extra Crispy Fast Food French Fries Fried Food Snacks Frozen Potatoes,$5.29 ,,,26 oz,"['Vegan', 'Gluten-Free']",,"https://www.instacart.com/image-server/197x197/filters:fill(FFF,true):format(jpg)/d2lnr5mha7bycj.cloudfront.net/product-image/file/large_279caefe-d445-4a0c-a23d-6f815986a9fd.jpg,"
Giant Eagle,"Core Power Complete Protein By , 26G Chocolate Protein Shake",$3.99 ,,,14 oz,[],,"https://www.instacart.com/image-server/197x197/filters:fill(FFF,true):format(jpg)/d2lnr5mha7bycj.cloudfront.net/product-image/file/large_c9131469-9514-45a0-9b52-de0acbae5427.png,"
Giant Eagle,Listerine Cool Mint Antiseptic Mouthwash For Bad Breath,$4.89 ,,,8.5 fl oz,[],,"https://www.instacart.com/image-server/197x197/filters:fill(FFF,true):format(jpg)/d2lnr5mha7bycj.cloudfront.net/product-image/file/large_c9af69d9-9562-4427-b919-1b5e6049e976.jpg,"
Giant Eagle,"Poppi Prebiotic Soda, Raspberry Rose",$2.69 ,,,12 fl oz,[],,"https://www.instacart.com/image-server/197x197/filters:fill(FFF,true):format(jpg)/d2lnr5mha7bycj.cloudfront.net/product-image/file/large_7b445b17-9e64-477f-8259-eebcdcaf288f.jpg,"
Giant Eagle,Birds Eye Steamfresh Super Sweet Corn Frozen Vegetables,$1.89 ,,,10 oz,[],,"https://www.instacart.com/image-server/197x197/filters:fill(FFF,true):format(jpg)/d2lnr5mha7bycj.cloudfront.net/product-image/file/large_d86f3175-dcb1-4b60-ae2a-7132120dce4b.jpg,"
Giant Eagle,"Softsoap Antibacterial Liquid Hand Soap, Crisp Clean",$3.19 ,,,11.25 fl oz,[],Many in stock,"https://www.instacart.com/image-server/197x197/filters:fill(FFF,true):format(jpg)/d2lnr5mha7bycj.cloudfront.net/product-image/file/large_f702899c-499f-4590-a24f-59245dfdf8e5.jpg,"
Giant Eagle,"Country Crock Vegetable Oil Spread, Original",$4.79 ,,,15 oz,[],Many in stock,"https://www.instacart.com/image-server/197x197/filters:fill(FFF,true):format(jpg)/d2lnr5mha7bycj.cloudfront.net/product-image/file/large_202a06cb-873c-4f0b-bcf0-257868e35755.png,"
Giant Eagle,Gary's QuickSteak 100% Sirloin Beef,$8.39 ,,,10.8 oz,['Gluten-Free'],Many in stock,"https://www.instacart.com/image-server/197x197/filters:fill(FFF,true):format(jpg)/d2lnr5mha7bycj.cloudfront.net/product-image/file/large_e7139bb3-2054-4e78-9a79-e00b9b0755c6.png,"
Giant Eagle,"Gain Liquid Laundry Detergent, Original Scent",$7.39 ,,,46 fl oz,['Original'],Many in stock,"https://www.instacart.com/image-server/197x197/filters:fill(FFF,true):format(jpg)/d2lnr5mha7bycj.cloudfront.net/product-image/file/large_8be6635d-9c9e-48f0-b861-f2d45340469c.png,"
Giant Eagle,"Lysol Disinfectant, Multi-Surface Antibacterial Cleaning Wipes, Lemon & Lime Blossom",$8.99 ,,,80 ct,[],Many in stock,"https://www.instacart.com/image-server/197x197/filters:fill(FFF,true):format(jpg)/d2lnr5mha7bycj.cloudfront.net/product-image/file/large_37976706-38c8-4eaf-8938-3a64a203401e.jpg,"
Giant Eagle,Entenmann's Little Bites Chocolate Chip Mini Muffins,$6.09 ,,,8.25 oz,[],Many in stock,"https://www.instacart.com/image-server/197x197/filters:fill(FFF,true):format(jpg)/d2lnr5mha7bycj.cloudfront.net/product-image/file/large_f0e5fdf0-4b22-4911-b045-1a706470bf75.jpg,"
Giant Eagle,Almond Breeze Unsweetened Original Almondmilk Non Dairy Milk Alternative,$4.19 ,,,64 fl oz,[],Many in stock,"https://www.instacart.com/image-server/197x197/filters:fill(FFF,true):format(jpg)/d2lnr5mha7bycj.cloudfront.net/product-image/file/large_da08b082-b406-420d-b9d8-ca6b8dd49e01.jpg,"
Giant Eagle,"Quaker Instant Oatmeal, Maple & Brown Sugar - Pack",$5.29 ,,,8 x 1.51 oz,[],,"https://www.instacart.com/image-server/197x197/filters:fill(FFF,true):format(jpg)/d2lnr5mha7bycj.cloudfront.net/product-image/file/large_4399e8cc-5bc4-4bfd-8158-1b6696522a5b.jpg,"
Giant Eagle,"Tostitos Queso Blanco Dip, Medium",$5.39 ,,,15 oz,[],Many in stock,"https://www.instacart.com/image-server/197x197/filters:fill(FFF,true):format(jpg)/d2lnr5mha7bycj.cloudfront.net/product-image/file/large_41a8b2b3-b415-4261-adc3-ae77f6d01d74.png,"
Giant Eagle,"fairlife 2% Reduced Fat Ultra-Filtered Milk, Lactose Free",$5.79 ,,,52 fl oz,[],Many in stock,"https://www.instacart.com/image-server/197x197/filters:fill(FFF,true):format(jpg)/d2lnr5mha7bycj.cloudfront.net/product-image/file/large_01b8f636-9039-4813-9c6a-9bf0da6fe58f.jpg,"
Giant Eagle,"Tide PODS Liquid Laundry Detergent Pacs, Spring Meadow Scent",$14.69 ,,,42 ct,[],Many in stock,"https://www.instacart.com/image-server/197x197/filters:fill(FFF,true):format(jpg)/d2lnr5mha7bycj.cloudfront.net/product-image/file/large_0e916f34-7d6a-4157-a689-db5d016e3559.png,"
Giant Eagle,Annie's Organic Chocolate Chip Chewy Granola Bars,$5.79 ,,,6 each,['Organic'],,"https://www.instacart.com/image-server/197x197/filters:fill(FFF,true):format(jpg)/d2lnr5mha7bycj.cloudfront.net/product-image/file/large_40dd72fc-5b9b-4b31-bf32-8cc99c08bcbe.png,"
Giant Eagle,Ore-Ida Golden Tater Tots Seasoned Shredded Potatoes Frozen Food Snacks,$6.69 ,,,32 oz,['Gluten-Free'],,"https://www.instacart.com/image-server/197x197/filters:fill(FFF,true):format(jpg)/d2lnr5mha7bycj.cloudfront.net/product-image/file/large_8bbcf97e-ea62-47e5-a516-09d445fc1353.jpg,"
Giant Eagle,"Bounce Dryer Sheets, Outdoor Fresh",$12.59 ,,,240 ct,[],Many in stock,"https://www.instacart.com/image-server/197x197/filters:fill(FFF,true):format(jpg)/d2lnr5mha7bycj.cloudfront.net/product-image/file/large_4c4ad5ce-9502-440a-a742-7ee78abb2e60.png,"
Giant Eagle,"Reynolds Slow Cooker Liner, Fits 3-8 Quarts, Regular Size",$3.39 ,,,4 ct,[],,"https://www.instacart.com/image-server/197x197/filters:fill(FFF,true):format(jpg)/d2lnr5mha7bycj.cloudfront.net/product-image/file/large_6544eb4b-6ca1-4610-a9e3-1b027d6af9ed.png,"
Giant Eagle,"Cacique Cheese, Part Skim Milk, Queso Fresco",$4.19 ,,,10 oz,['Cow Milk'],,"https://www.instacart.com/image-server/197x197/filters:fill(FFF,true):format(jpg)/d2lnr5mha7bycj.cloudfront.net/product-image/file/large_24565561-7553-4e1c-be70-c90b492c73eb.png,"
Giant Eagle,"Bear Naked Granola Cereal, Fiber Snacks, Breakfast Snacks, Vanilla Almond Crisp",$5.69 ,,,12 oz,[],,"https://www.instacart.com/image-server/197x197/filters:fill(FFF,true):format(jpg)/d2lnr5mha7bycj.cloudfront.net/product-image/file/large_42503f5a-7047-4973-bed7-2058f3e30130.jpg,"
Giant Eagle,"Tropicana 100% Orange Juice, No Pulp, Original, Pure Premium",$4.89 ,,,52 fl oz,[],Many in stock,"https://www.instacart.com/image-server/197x197/filters:fill(FFF,true):format(jpg)/d2lnr5mha7bycj.cloudfront.net/product-image/file/large_d7fd9a71-3212-4fd9-bc93-cbd47a99f69e.png,"
Giant Eagle,Minute Maid Berry Punch Flavored Fruit Juice,$2.59 ,,,59 fl oz,[],,"https://www.instacart.com/image-server/197x197/filters:fill(FFF,true):format(jpg)/d2lnr5mha7bycj.cloudfront.net/product-image/file/large_b33df5f8-8a04-42d9-97d0-f34ac77f953a.jpg,"
Giant Eagle,Suja Organic Citrus Immunity Cold-Pressed Juice 1,$4.59 ,,,12 fl oz,['Organic'],,"https://www.instacart.com/image-server/197x197/filters:fill(FFF,true):format(jpg)/d2lnr5mha7bycj.cloudfront.net/product-image/file/large_314e2b71-84b6-48c0-adf6-1b7e7eb8c00d.jpg,"
Giant Eagle,Minute Maid Tropical Punch Carton,$2.59 ,,,59 fl oz,[],Many in stock,"https://www.instacart.com/image-server/197x197/filters:fill(FFF,true):format(jpg)/d2lnr5mha7bycj.cloudfront.net/product-image/file/large_e24fd56a-3652-45ea-8e9a-ce4213f67026.jpg,"
Giant Eagle,"Tropicana 100% Juice, Orange, Original",$7.99 ,,,89 fl oz • 4 options,['No Sugar Added'],,"https://www.instacart.com/image-server/197x197/filters:fill(FFF,true):format(jpg)/d2lnr5mha7bycj.cloudfront.net/product-image/file/large_26134ee4-262e-46d8-9460-e81517bbc755.png,"
Giant Eagle,"Minute Maid Strawberry Lemonade, Fruit Drink",$2.59 ,,,59 fl oz,[],,"https://www.instacart.com/image-server/197x197/filters:fill(FFF,true):format(jpg)/d2lnr5mha7bycj.cloudfront.net/product-image/file/large_c240c04a-24f7-4756-8c2d-fd362536fdfb.jpg,"
Giant Eagle,R.W. Knudsen Family Organic Cherry Juice,$9.29 ,,,32 fl oz,['Organic'],,"https://www.instacart.com/image-server/197x197/filters:fill(FFF,true):format(jpg)/d2lnr5mha7bycj.cloudfront.net/product-image/file/large_0e8175fc-3acb-4577-ae2e-1daf8364c355.png,"
Giant Eagle,"Minute Maid Orange Juice Pulp Free, Fruit Juice Drink",$3.89 ,,,59 fl oz,[],Many in stock,"https://www.instacart.com/image-server/197x197/filters:fill(FFF,true):format(jpg)/d2lnr5mha7bycj.cloudfront.net/product-image/file/large_c8a664c3-ecc0-44a6-9511-2b74dc715748.jpg,"
Giant Eagle,"Tropicana Drink, Strawberry Peach Paradise",$3.59 ,,,52 fl oz,['No Sugar Added'],Many in stock,"https://www.instacart.com/image-server/197x197/filters:fill(FFF,true):format(jpg)/d2lnr5mha7bycj.cloudfront.net/product-image/file/large_a9948cca-91b5-4164-b669-74b0baaf097c.png,"
Giant Eagle,Giant Eagle 100% Orange Juice with Calcium,$4.19 ,,,64 fl oz,[],Many in stock,"https://www.instacart.com/image-server/197x197/filters:fill(FFF,true):format(jpg)/d2lnr5mha7bycj.cloudfront.net/product-image/file/large_3123c51c-8f78-4bf0-97d5-3e512ec96a14.png,"
Giant Eagle,"Naked Juice, Strawberry Banana",$4.79 ,,,15.2 fl oz,['No Sugar Added'],,"https://www.instacart.com/image-server/197x197/filters:fill(FFF,true):format(jpg)/d2lnr5mha7bycj.cloudfront.net/product-image/file/large_7dcccd47-a4a5-415c-831f-18c570ca8f2d.png,"
Giant Eagle,Giant Eagle Apple 100% Juice from Concentrate,$2.79 ,,,64 fl oz,[],Many in stock,"https://www.instacart.com/image-server/197x197/filters:fill(FFF,true):format(jpg)/d2lnr5mha7bycj.cloudfront.net/product-image/file/large_00cc3df6-e7f1-48ed-bb02-23c9be3766de.png,"
Giant Eagle,Kool-Aid Bursts Tropical Punch,$1.89 ,,,6 x 6.75 fl oz,[],Many in stock,"https://www.instacart.com/image-server/197x197/filters:fill(FFF,true):format(jpg)/d2lnr5mha7bycj.cloudfront.net/product-image/file/large_02fae320-8323-4217-92d6-bb274b30015f.jpg,"
Giant Eagle,Kool-Aid Jammers Tropical Punch Flavored Kids 0% Juice Drink Pouches,$3.99 ,,,10 x 6 fl oz,[],Many in stock,"https://www.instacart.com/image-server/197x197/filters:fill(FFF,true):format(jpg)/d2lnr5mha7bycj.cloudfront.net/product-image/file/large_19576617-e2c4-4771-9f7e-cd3dcf4491ba.jpg,"
Giant Eagle,"Naked Juice, Superfood Machine",$4.79 ,,,15.2 fl oz,[],,"https://www.instacart.com/image-server/197x197/filters:fill(FFF,true):format(jpg)/d2lnr5mha7bycj.cloudfront.net/product-image/file/large_c1f02d01-c268-4e8d-ac52-1e1636ec1d72.jpg,"
Giant Eagle,"Simply Lemonade, All Natural Non-Gmo",$3.69 ,,,52 fl oz • 4 options,[],Many in stock,"https://www.instacart.com/image-server/197x197/filters:fill(FFF,true):format(jpg)/d2lnr5mha7bycj.cloudfront.net/product-image/file/large_5e4b0302-ce91-4b53-800a-44843245f1ac.jpg,"
Giant Eagle,Kool-Aid Blue Berry Blue Bursts,$1.89 ,,,6 x 6.75 fl oz,[],,"https://www.instacart.com/image-server/197x197/filters:fill(FFF,true):format(jpg)/d2lnr5mha7bycj.cloudfront.net/product-image/file/large_430e070c-7c57-456f-a520-e111a0acc956.jpg,"
Giant Eagle,Ocean Spray White Cran-Strawberry Juice Drink,$4.19 ,,,64 fl oz,[],Many in stock,"https://www.instacart.com/image-server/197x197/filters:fill(FFF,true):format(jpg)/d2lnr5mha7bycj.cloudfront.net/product-image/file/large_711b3ff4-71f5-4733-85d4-5ad23a9bf985.jpg,"
Giant Eagle,"Naked Juice, Pina Colada",$4.79 ,,,15.2 fl oz,['No Sugar Added'],,"https://www.instacart.com/image-server/197x197/filters:fill(FFF,true):format(jpg)/d2lnr5mha7bycj.cloudfront.net/product-image/file/large_f4f50da1-3419-466d-b974-a04ea3910c6a.png,"
Giant Eagle,"Simply Lemonade With Raspberry, All Natural Non-Gmo",$3.69 ,,,52 fl oz • 2 options,[],Many in stock,"https://www.instacart.com/image-server/197x197/filters:fill(FFF,true):format(jpg)/d2lnr5mha7bycj.cloudfront.net/product-image/file/large_bdf76f7e-9989-4c85-890e-677a079b2d72.jpg,"
Giant Eagle,Simply Lemonade,$5.09 ,,,89 fl oz • 4 options,[],Many in stock,"https://www.instacart.com/image-server/197x197/filters:fill(FFF,true):format(jpg)/d2lnr5mha7bycj.cloudfront.net/product-image/file/large_346d9830-f4ca-4507-89f1-718030310766.jpg,"
Giant Eagle,Simply Orange Pulp Free Juice Bottles,$4.79 ,,,4 x 8 fl oz • 4 options,[],,"https://www.instacart.com/image-server/197x197/filters:fill(FFF,true):format(jpg)/d2lnr5mha7bycj.cloudfront.net/product-image/file/large_91c2163e-de25-4a70-a35f-81290b4e4e7c.png,"
Giant Eagle,"Naked 100% Orange Juice, O-J",$5.79 ,,,64 fl oz,[],,"https://www.instacart.com/image-server/197x197/filters:fill(FFF,true):format(jpg)/d2lnr5mha7bycj.cloudfront.net/product-image/file/large_279ffe94-de51-4dc3-99cd-a6add6a2bca5.png,"
Giant Eagle,"Tropicana Juice, Pineapple Mango Splash",$3.59 ,,,52 fl oz,[],,"https://www.instacart.com/image-server/197x197/filters:fill(FFF,true):format(jpg)/d2lnr5mha7bycj.cloudfront.net/product-image/file/large_8db7e402-1a67-43a6-840b-746f6e1a7d67.png,"
Giant Eagle,Mott's 100% Original Apple Juice,$4.19 ,,,6 x 8 fl oz • 4 options,['No Sugar Added'],Many in stock,"https://www.instacart.com/image-server/197x197/filters:fill(FFF,true):format(jpg)/d2lnr5mha7bycj.cloudfront.net/product-image/file/large_ca2d54c3-a6a0-4088-9ed7-12926aadb110.jpg,"
Giant Eagle,Giant Eagle 100% Orange Juice With Calcium,$7.89 ,,,1 gal,[],,"https://www.instacart.com/image-server/197x197/filters:fill(FFF,true):format(jpg)/d2lnr5mha7bycj.cloudfront.net/product-image/file/large_9e169d70-d380-4ce6-97d3-30a951f75879.png,"
Giant Eagle,"Naked 100% Juice, Blue Machine",$4.79 ,,,15.2 fl oz,[],,"https://www.instacart.com/image-server/197x197/filters:fill(FFF,true):format(jpg)/d2lnr5mha7bycj.cloudfront.net/product-image/file/large_640f3fd6-6473-4666-a2f5-a568d0daba91.png,"
Giant Eagle,Ocean Spray White Cran-Peach,$4.19 ,,,64 fl oz,[],,"https://www.instacart.com/image-server/197x197/filters:fill(FFF,true):format(jpg)/d2lnr5mha7bycj.cloudfront.net/product-image/file/large_46f90525-89c4-4d18-b34a-e4cacd76e890.jpg,"
Giant Eagle,Tropicana No Pulp with Calcium & Vitamin D 100% Orange Juice,$7.99 ,,,89 fl oz • 2 options,[],Many in stock,"https://www.instacart.com/image-server/197x197/filters:fill(FFF,true):format(jpg)/d2lnr5mha7bycj.cloudfront.net/product-image/file/large_d1be7e24-9817-4c1b-b4d5-066ea5d99372.png,"
Giant Eagle,Simply Orange Pulp Free,$5.29 ,,,52 fl oz • 4 options,[],,"https://www.instacart.com/image-server/197x197/filters:fill(FFF,true):format(jpg)/d2lnr5mha7bycj.cloudfront.net/product-image/file/large_821e7e87-daaa-4655-9d91-e012d6d53e8f.png,"
Giant Eagle,"Naked Juice, Strawberry Banana",$10.49 ,,,64 fl oz,['No Sugar Added'],,"https://www.instacart.com/image-server/197x197/filters:fill(FFF,true):format(jpg)/d2lnr5mha7bycj.cloudfront.net/product-image/file/large_a8d18fc3-6e81-4355-9007-d8968bc1be25.png,"
Giant Eagle,"Tropicana 100% Juice, Orange, No Pulp",$4.89 ,,,52 fl oz • 2 options,[],Many in stock,"https://www.instacart.com/image-server/197x197/filters:fill(FFF,true):format(jpg)/d2lnr5mha7bycj.cloudfront.net/product-image/file/large_c6b9b178-2f4a-499e-9c30-5551ca77555a.png,"
Giant Eagle,Gold Peak Lemonade Flavored Iced Tea Drink,$2.99 ,,,52 fl oz,[],Many in stock,"https://www.instacart.com/image-server/197x197/filters:fill(FFF,true):format(jpg)/d2lnr5mha7bycj.cloudfront.net/product-image/file/large_23b048c3-706b-43a0-aa68-93fb39c536a3.jpg,"
Giant Eagle,Simply Orange Juice With Calcium,$5.29 ,,,52 fl oz • 3 options,[],Many in stock,"https://www.instacart.com/image-server/197x197/filters:fill(FFF,true):format(jpg)/d2lnr5mha7bycj.cloudfront.net/product-image/file/large_a3b400ca-16b7-4313-b122-cacb9d65145d.jpg,"
Giant Eagle,"Naked 100% Juice, Rainbow Machine",$10.49 ,,,64 fl oz,[],,"https://www.instacart.com/image-server/197x197/filters:fill(FFF,true):format(jpg)/d2lnr5mha7bycj.cloudfront.net/product-image/file/large_f8778a17-3a93-4f2c-842b-74a7537dd534.png,"
Giant Eagle,Simply Orange Pulp Free Orange Juice,$2.49 ,,,11.5 fl oz • 4 options,[],Many in stock,"https://www.instacart.com/image-server/197x197/filters:fill(FFF,true):format(jpg)/d2lnr5mha7bycj.cloudfront.net/product-image/file/large_77daecf3-5d9a-4bc5-963e-e60b3b069162.jpg,"
Giant Eagle,"Dole 100% Juice, Pineapple",$5.29 ,,,6 x 6 fl oz • 2 options,[],,"https://www.instacart.com/image-server/197x197/filters:fill(FFF,true):format(jpg)/d2lnr5mha7bycj.cloudfront.net/product-image/file/large_d29e0ad0-e19b-42c5-a674-5bfd55f82189.png,"
Giant Eagle,Ocean Spray Cran-Pineapple Juice Drink,$4.19 ,,,64 fl oz,[],,"https://www.instacart.com/image-server/197x197/filters:fill(FFF,true):format(jpg)/d2lnr5mha7bycj.cloudfront.net/product-image/file/large_7f69131f-9e9f-4d5f-aae5-6e69caa323c3.jpg,"
Giant Eagle,"Jumex Nectar, Strawberry-Banana",$1.39 ,,,11.3 fl oz,[],,"https://www.instacart.com/image-server/197x197/filters:fill(FFF,true):format(jpg)/d2lnr5mha7bycj.cloudfront.net/product-image/file/large_f74f9675-af3b-42a5-8c4e-ed5a8fbfd305.png,"
Giant Eagle,Ocean Spray Cran-Grape Juice Drink,$6.29 ,,,3 L • 3 options,[],,"https://www.instacart.com/image-server/197x197/filters:fill(FFF,true):format(jpg)/d2lnr5mha7bycj.cloudfront.net/product-image/file/large_bc2fe16c-9df1-410a-9039-a1faf3b09789.jpg,"
Giant Eagle,Ocean Spray 100% Juice Cranberry Juice Blend,$5.59 ,,,64 fl oz • 3 options,['No Sugar Added'],Many in stock,"https://www.instacart.com/image-server/197x197/filters:fill(FFF,true):format(jpg)/d2lnr5mha7bycj.cloudfront.net/product-image/file/large_ed470d0c-c87d-4248-bbfc-a01a75328505.png,"
Giant Eagle,Capri Sun Fruit Punch Naturally Flavored Kids Juice Blend Drink Pouches,$5.09 ,,,10 x 6 fl oz • 2 options,[],Many in stock,"https://www.instacart.com/image-server/197x197/filters:fill(FFF,true):format(jpg)/d2lnr5mha7bycj.cloudfront.net/product-image/file/large_46ac4f12-cc8d-4fd5-a458-3ce52494fd73.jpg,"
Giant Eagle,"Lemon Perfect Lemon Water, Zero Sugar, Coconut, Hydrating",$2.49 ,,,15.2 fl oz,"['Organic', 'Zero Sugar']",,"https://www.instacart.com/image-server/197x197/filters:fill(FFF,true):format(jpg)/d2lnr5mha7bycj.cloudfront.net/product-image/file/large_9a13cce3-4a41-45a6-bed8-cd854ab51b88.png,"
Giant Eagle,Bolthouse Farms Amazing Mango®,$8.99 ,,,52 fl oz,[],,"https://www.instacart.com/image-server/197x197/filters:fill(FFF,true):format(jpg)/d2lnr5mha7bycj.cloudfront.net/product-image/file/large_d9ef2d41-f54b-4d1f-87df-128e8bdafb42.jpg,"
Giant Eagle,Giant Eagle Gala Style Apple 100% Juice,$3.99 ,,,64 fl oz,[],,"https://www.instacart.com/image-server/197x197/filters:fill(FFF,true):format(jpg)/d2lnr5mha7bycj.cloudfront.net/product-image/file/large_f93ec0d6-f498-4905-bb58-44f73c3c669a.png,"
Giant Eagle,Ocean Spray 100% Juice Cranberry Juice Blend,$6.69 ,,,6 x 10 fl oz • 3 options,['No Sugar Added'],Many in stock,"https://www.instacart.com/image-server/197x197/filters:fill(FFF,true):format(jpg)/d2lnr5mha7bycj.cloudfront.net/product-image/file/large_cbf807ba-47b0-45c6-a176-526ecd3d875c.jpg,"
Giant Eagle,"Naked Juice, Mighty Mango",$4.79 ,,,15.2 fl oz,[],,"https://www.instacart.com/image-server/197x197/filters:fill(FFF,true):format(jpg)/d2lnr5mha7bycj.cloudfront.net/product-image/file/large_bd23ac11-4a7e-4a23-9d8a-de264f61d1ba.png,"
Giant Eagle,Ocean Spray White Cranberry Juice Drink,$4.19 ,,,64 fl oz,[],,"https://www.instacart.com/image-server/197x197/filters:fill(FFF,true):format(jpg)/d2lnr5mha7bycj.cloudfront.net/product-image/file/large_1587cf23-f4c5-4c9c-a822-5b65a417f0c7.jpg,"
Giant Eagle,"Tropicana 100% Orange Juice, No Pulp",$2.59 ,,,12 fl oz • 4 options,[],Many in stock,"https://www.instacart.com/image-server/197x197/filters:fill(FFF,true):format(jpg)/d2lnr5mha7bycj.cloudfront.net/product-image/file/large_132601b8-c17c-4e3a-8e87-9e8e8fbe7a7f.png,"
Giant Eagle,Ocean Spray Cranberry Juice Cocktail,$4.19 ,,,64 fl oz • 3 options,[],,"https://www.instacart.com/image-server/197x197/filters:fill(FFF,true):format(jpg)/d2lnr5mha7bycj.cloudfront.net/product-image/file/large_504f027b-40a9-41a9-85cb-e91848e11145.jpg,"
Giant Eagle,"Lemon Perfect Lemon Water, Zero Sugar, Dragon Fruit Mango, Hydrating",$2.49 ,,,15.2 fl oz,"['Organic', 'Zero Sugar']",,"https://www.instacart.com/image-server/197x197/filters:fill(FFF,true):format(jpg)/d2lnr5mha7bycj.cloudfront.net/product-image/file/large_1ac3e144-2b04-43e1-9138-e9f632c91da4.png,"
Giant Eagle,Mott's Flying Fruit Punch Juice,$4.79 ,,,64 fl oz • 2 options,[],,"https://www.instacart.com/image-server/197x197/filters:fill(FFF,true):format(jpg)/d2lnr5mha7bycj.cloudfront.net/product-image/file/large_32b99b0c-ad12-4651-8ae9-9ae2bb9625e8.jpg,"
Giant Eagle,"Jumex Nectar, from Concentrate, Mango",$1.39 ,,,11.3 fl oz,[],,"https://www.instacart.com/image-server/197x197/filters:fill(FFF,true):format(jpg)/d2lnr5mha7bycj.cloudfront.net/product-image/file/large_a9f0fe35-5d26-4979-b694-e05c48f1f0b4.png,"
Giant Eagle,"Lemon Perfect Lemon Water, Zero Sugar, Blueberry, Hydrating",$2.49 ,,,15.2 fl oz,"['Organic', 'Zero Sugar']",,"https://www.instacart.com/image-server/197x197/filters:fill(FFF,true):format(jpg)/d2lnr5mha7bycj.cloudfront.net/product-image/file/large_5f86cc0f-ae2e-4b70-b77c-bd4c9aa54f89.png,"
Giant Eagle,Iceberg Lettuce,$2.09 ,,,,[],Many in stock,"https://www.instacart.com/image-server/197x197/filters:fill(FFF,true):format(jpg)/d2lnr5mha7bycj.cloudfront.net/product-image/file/large_2a09f7f3-3b64-42ab-aa66-dc58f3409329.png,"
Giant Eagle,Yellow Onion,$1.97 ,each (est.),$2.49 / lb,About 0.79 lb each,[],,"https://www.instacart.com/image-server/197x197/filters:fill(FFF,true):format(jpg)/d2lnr5mha7bycj.cloudfront.net/product-image/file/large_500d9bec-341f-48e0-8086-08c4b24e4b96.png,"
Giant Eagle,Greenhouse Roma Tomato,$0.73 ,each (est.),$3.19 / lb,About 0.23 lb each,[],,"https://www.instacart.com/image-server/197x197/filters:fill(FFF,true):format(jpg)/d2lnr5mha7bycj.cloudfront.net/product-image/file/large_1496b104-dde8-4208-b901-ba4a197ac22e.png,"
Giant Eagle,Green Onions (Scallions) Bunch,$2.09 ,,,per lb,[],Many in stock,"https://www.instacart.com/image-server/197x197/filters:fill(FFF,true):format(jpg)/d2lnr5mha7bycj.cloudfront.net/product-image/file/large_a4b4a569-eef0-4529-a77f-51d8417ce66e.png,"
Giant Eagle,Garlic,$0.58 ,each (est.),$5.29 / lb,About 0.11 lb each,[],,"https://www.instacart.com/image-server/197x197/filters:fill(FFF,true):format(jpg)/d2lnr5mha7bycj.cloudfront.net/product-image/file/large_5d7f9a60-704b-4181-8bab-bca1f40bb201.png,"
Giant Eagle,Celery Bunch,$2.69 ,,,1 lb bunch,[],Many in stock,"https://www.instacart.com/image-server/197x197/filters:fill(FFF,true):format(jpg)/d2lnr5mha7bycj.cloudfront.net/product-image/file/large_4540c65f-aff1-4d82-832f-a36929dee56f.png,"
Giant Eagle,Sweet Onion,$1.89 ,each (est.),$1.89 / lb,About 1.0 lb each,[],,"https://www.instacart.com/image-server/197x197/filters:fill(FFF,true):format(jpg)/d2lnr5mha7bycj.cloudfront.net/product-image/file/large_a020ac40-4d3c-4df4-95dc-7228235ee38d.png,"
Giant Eagle,Tomato,$1.46 ,each (est.),$1.89 / lb,About 0.77 lb each,[],,"https://www.instacart.com/image-server/197x197/filters:fill(FFF,true):format(jpg)/d2lnr5mha7bycj.cloudfront.net/product-image/file/large_6f393322-3025-4a8f-bc69-08910018db25.png,"
Giant Eagle,Giant Eagle Russet Potatoes,$5.29 ,,,5 lb,[],,"https://www.instacart.com/image-server/197x197/filters:fill(FFF,true):format(jpg)/d2lnr5mha7bycj.cloudfront.net/product-image/file/large_ddfa172e-da47-43df-90ce-c9c2803217e3.png,"
Giant Eagle,Yellow Onion Bag,$4.19 ,,,1 ct,[],Many in stock,"https://www.instacart.com/image-server/197x197/filters:fill(FFF,true):format(jpg)/d2lnr5mha7bycj.cloudfront.net/product-image/file/large_867fd183-99a5-4e72-a9fc-7ca88404e0c3.png,"
Giant Eagle,Cilantro Bunch,$2.69 ,,,1 bunch,[],Many in stock,"https://www.instacart.com/image-server/197x197/filters:fill(FFF,true):format(jpg)/d2lnr5mha7bycj.cloudfront.net/product-image/file/large_7c1d0032-d041-4b23-a470-c07e96afbde2.png,"
Giant Eagle,Red Bell Pepper,$2.86 ,each (est.),$5.29 / lb,About 0.54 lb each,[],,"https://www.instacart.com/image-server/197x197/filters:fill(FFF,true):format(jpg)/d2lnr5mha7bycj.cloudfront.net/product-image/file/large_4447fda0-0797-40c3-acb6-5d41558a0a1b.png,"
Giant Eagle,Baby Seedless Cucumbers,$4.19 ,,,14 oz,[],,"https://www.instacart.com/image-server/197x197/filters:fill(FFF,true):format(jpg)/d2lnr5mha7bycj.cloudfront.net/product-image/file/large_059c50f0-f0ff-4a3a-85d2-2b7b293903b6.png,"
Giant Eagle,Produce Mini Slim Carrots,$3.49 ,,,12 oz,['In season'],,"https://www.instacart.com/image-server/197x197/filters:fill(FFF,true):format(jpg)/d2lnr5mha7bycj.cloudfront.net/product-image/file/large_fbad25fc-006c-47d6-ac58-ff39eaff4506.png,"
Giant Eagle,English Seedless Cucumber,$2.69 ,,,1 ct,[],Many in stock,"https://www.instacart.com/image-server/197x197/filters:fill(FFF,true):format(jpg)/d2lnr5mha7bycj.cloudfront.net/product-image/file/large_7e073980-2b56-44af-8ed7-4d46df53a874.png,"
Giant Eagle,"Life's Getting Fresher Celery Sticks, Fresh",$3.19 ,,,8 oz,['Non-GMO'],Many in stock,"https://www.instacart.com/image-server/197x197/filters:fill(FFF,true):format(jpg)/d2lnr5mha7bycj.cloudfront.net/product-image/file/large_6a5d2fa6-d73d-464c-b89a-f32e1e5df808.png,"
Giant Eagle,Tomato,$2.77 ,each (est.),$3.69 / lb,About 0.75 lb each,[],,"https://www.instacart.com/image-server/197x197/filters:fill(FFF,true):format(jpg)/d2lnr5mha7bycj.cloudfront.net/product-image/file/large_7f72d668-0f54-47b2-8d27-78caee0e9b55.png,"
Giant Eagle,Broccoli Crown,$3.60 ,each (est.),$5.29 / lb,About 0.68 lb each,[],,"https://www.instacart.com/image-server/197x197/filters:fill(FFF,true):format(jpg)/d2lnr5mha7bycj.cloudfront.net/product-image/file/large_96baef12-e833-4767-86ea-6a14ea4c492f.png,"
Giant Eagle,Giant Eagle Spinach,$3.19 ,,,8 oz,[],,"https://www.instacart.com/image-server/197x197/filters:fill(FFF,true):format(jpg)/d2lnr5mha7bycj.cloudfront.net/product-image/file/large_f1dfff39-2b3d-49f7-a4b1-d8115e3d316a.png,"
Giant Eagle,Giant Eagle Baby-cut Carrots,$5.29 ,,,32 oz,"['In season', 'Non-GMO']",,"https://www.instacart.com/image-server/197x197/filters:fill(FFF,true):format(jpg)/d2lnr5mha7bycj.cloudfront.net/product-image/file/large_295a6163-8fb0-44af-9767-55f421b2fc09.png,"
Giant Eagle,Red Onion,$2.46 ,each (est.),$3.19 / lb,About 0.77 lb each,[],,"https://www.instacart.com/image-server/197x197/filters:fill(FFF,true):format(jpg)/d2lnr5mha7bycj.cloudfront.net/product-image/file/large_631bc424-29c5-4dda-a64d-de5ec3fa9a7e.png,"
Giant Eagle,Red Grape Tomato Package,$4.19 ,,,1 lb container,[],,"https://www.instacart.com/image-server/197x197/filters:fill(FFF,true):format(jpg)/d2lnr5mha7bycj.cloudfront.net/product-image/file/large_97d485e7-16b0-4433-907d-83a659310406.png,"
Giant Eagle,Green Cabbage,$3.67 ,each (est.),$1.09 / lb,About 3.37 lb each,['In season'],,"https://www.instacart.com/image-server/197x197/filters:fill(FFF,true):format(jpg)/d2lnr5mha7bycj.cloudfront.net/product-image/file/large_82f62cce-e0cc-4d65-aa21-bb2e61c3dafb.png,"
Giant Eagle,Giant Eagle Baby Bella Sliced Mushrooms,$3.99 ,,,8 oz,['Non-GMO'],Many in stock,"https://www.instacart.com/image-server/197x197/filters:fill(FFF,true):format(jpg)/d2lnr5mha7bycj.cloudfront.net/product-image/file/large_fc2c5104-7f87-48c8-9912-acd08f185a07.png,"
Giant Eagle,Kale Bunch,$0.60 ,each (est.),$1.09 / lb,About 0.55 lb each,[],,"https://www.instacart.com/image-server/197x197/filters:fill(FFF,true):format(jpg)/d2lnr5mha7bycj.cloudfront.net/product-image/file/large_25e49b35-1fdd-44d0-9051-55921cd4aecd.png,"
Giant Eagle,Giant Eagle Restaurant Size Potatoes,$8.39 ,,,5 lb,['Non-GMO'],Many in stock,"https://www.instacart.com/image-server/197x197/filters:fill(FFF,true):format(jpg)/d2lnr5mha7bycj.cloudfront.net/product-image/file/large_fd577b4b-92e6-4d3c-96d4-189f974a4bb6.png,"
Giant Eagle,Giant Eagle Long Celery Sticks,$4.19 ,,,16 oz,['Non-GMO'],Many in stock,"https://www.instacart.com/image-server/197x197/filters:fill(FFF,true):format(jpg)/d2lnr5mha7bycj.cloudfront.net/product-image/file/large_38c130ce-35ee-498f-bb73-2071ab9e2ba0.png,"
Giant Eagle,Giant Eagle Baby Spinach,$3.19 ,,,5 oz,[],,"https://www.instacart.com/image-server/197x197/filters:fill(FFF,true):format(jpg)/d2lnr5mha7bycj.cloudfront.net/product-image/file/large_70284ca3-7d76-4b70-a34f-22baa4c3c178.png,"
Giant Eagle,Zucchini Squash,$1.40 ,each (est.),$3.19 / lb,About 0.44 lb each,[],,"https://www.instacart.com/image-server/197x197/filters:fill(FFF,true):format(jpg)/d2lnr5mha7bycj.cloudfront.net/product-image/file/large_9c57296e-1ad6-4119-b2ec-cd8e5c3589ae.png,"
Giant Eagle,Green Giant Golden Potatoes,$7.39 ,,,5 lb,[],,"https://www.instacart.com/image-server/197x197/filters:fill(FFF,true):format(jpg)/d2lnr5mha7bycj.cloudfront.net/product-image/file/large_c897bb64-526c-470d-9111-94baade33609.png,"
Giant Eagle,Giant Eagle Carrots,$5.29 ,,,32 oz,"['In season', 'Non-GMO']",Many in stock,"https://www.instacart.com/image-server/197x197/filters:fill(FFF,true):format(jpg)/d2lnr5mha7bycj.cloudfront.net/product-image/file/large_8553acd9-35a6-49c9-b22f-da8d6a3a7f87.png,"
Giant Eagle,Carrot,$0.66 ,each (est.),$2.69 / lb,About 0.25 lb each,"['In season', 'Non-GMO']",,"https://www.instacart.com/image-server/197x197/filters:fill(FFF,true):format(jpg)/d2lnr5mha7bycj.cloudfront.net/product-image/file/large_451a94d2-50e9-4c64-ace2-471b0a82e97a.png,"
Giant Eagle,Orange Bell Pepper,$2.80 ,each (est.),$5.29 / lb,About 0.53 lb each,[],,"https://www.instacart.com/image-server/197x197/filters:fill(FFF,true):format(jpg)/d2lnr5mha7bycj.cloudfront.net/product-image/file/large_752d23e9-5f70-4fb0-9ce3-fcdeff9d3bbf.png,"
Giant Eagle,Yellow Bell Pepper,$2.80 ,each (est.),$5.29 / lb,About 0.53 lb each,[],,"https://www.instacart.com/image-server/197x197/filters:fill(FFF,true):format(jpg)/d2lnr5mha7bycj.cloudfront.net/product-image/file/large_4196440f-30e0-407a-9742-b6c65675074b.png,"
Giant Eagle,Giant Eagle Green Beans,$7.39 ,,,32 oz,['Non-GMO'],Many in stock,"https://www.instacart.com/image-server/197x197/filters:fill(FFF,true):format(jpg)/d2lnr5mha7bycj.cloudfront.net/product-image/file/large_9d7303a2-aa4e-4e1c-8035-ed7016d7b139.png,"
Giant Eagle,Celery Root (Knob),$5.29 ,,,,[],,"https://www.instacart.com/image-server/197x197/filters:fill(FFF,true):format(jpg)/d2lnr5mha7bycj.cloudfront.net/product-image/file/large_96602561-3193-420d-af19-8efd39fb7da9.png,"
Giant Eagle,Italian Parsley Bunch,$2.09 ,,,1 bunch,[],,"https://www.instacart.com/image-server/197x197/filters:fill(FFF,true):format(jpg)/d2lnr5mha7bycj.cloudfront.net/product-image/file/large_41f527d4-6b7d-4d6c-b3c8-cca8c933ad94.png,"
Giant Eagle,Nature's Basket Organic Broccoli And Cauliflower,$2.49 ,,,10 oz,"['Non-GMO', 'Organic']",,"https://www.instacart.com/image-server/197x197/filters:fill(FFF,true):format(jpg)/d2lnr5mha7bycj.cloudfront.net/product-image/file/large_37411656-0ca3-4864-b0a6-33fd6e1c6b25.png,"
Giant Eagle,"Interstate Produce Jalapeno Pepper, Organic",$6.29 ,,,6 x 6 oz,['Organic'],,"https://www.instacart.com/image-server/197x197/filters:fill(FFF,true):format(jpg)/d2lnr5mha7bycj.cloudfront.net/product-image/file/large_c2177835-958a-42b0-a119-63226fbcd5c0.png,"
Giant Eagle,Organic Bananas,$0.33 ,each (est.),$0.89 / lb,About 0.37 lb each,"['Organic', 'Non-GMO']",,"https://www.instacart.com/image-server/197x197/filters:fill(FFF,true):format(jpg)/d2lnr5mha7bycj.cloudfront.net/product-image/file/large_50e1bddb-1ab3-4ef3-8b55-a821d4ee1b1b.png,"
Giant Eagle,Clementine Bag,$5.29 ,,,1 ct,[],Many in stock,"https://www.instacart.com/image-server/197x197/filters:fill(FFF,true):format(jpg)/d2lnr5mha7bycj.cloudfront.net/product-image/file/large_cea6a943-191e-4e02-af3c-bae9f3cade39.png,"
Giant Eagle,Driscoll's Sweetest Batch Blackberries,$7.39 ,,,10 oz,[],,"https://www.instacart.com/image-server/197x197/filters:fill(FFF,true):format(jpg)/d2lnr5mha7bycj.cloudfront.net/product-image/file/large_123f3656-b120-4ab9-8871-72b83d47d2af.jpg,"
Giant Eagle,Avocado,$1.39 ,,,,[],Many in stock,"https://www.instacart.com/image-server/197x197/filters:fill(FFF,true):format(jpg)/d2lnr5mha7bycj.cloudfront.net/product-image/file/large_f34caec5-cad3-4661-948d-f7358d71d276.png,"
Giant Eagle,Blueberries Package,$7.39 ,,,1 lb container,[],,"https://www.instacart.com/image-server/197x197/filters:fill(FFF,true):format(jpg)/d2lnr5mha7bycj.cloudfront.net/product-image/file/large_2e90a46e-e76b-4806-a6ff-25d10501fa21.png,"
Giant Eagle,Giant Eagle Lemon,$0.99 ,,,1 each,[],Many in stock,"https://www.instacart.com/image-server/197x197/filters:fill(FFF,true):format(jpg)/d2lnr5mha7bycj.cloudfront.net/product-image/file/large_4189d128-4f1f-4d5e-ae11-a85610bf49b4.png,"
Giant Eagle,Sumo Citrus Mandarins,$7.39 ,,,32 oz,[],,"https://www.instacart.com/image-server/197x197/filters:fill(FFF,true):format(jpg)/d2lnr5mha7bycj.cloudfront.net/product-image/file/large_70b761aa-d61f-4cde-b006-a880e32c5de6.png,"
Giant Eagle,Autumncrisp Green Seedless Grapes,$6.29 ,,,32 oz,[],,"https://www.instacart.com/image-server/197x197/filters:fill(FFF,true):format(jpg)/d2lnr5mha7bycj.cloudfront.net/product-image/file/large_60d2410f-7578-4f72-a9c3-96ba7952b307.jpg,"
Giant Eagle,Giant Eagle Green Seedless Grapes,$8.59 ,/pkg (est.),$4.19 / lb,About 2.05 lb / package,[],,"https://www.instacart.com/image-server/197x197/filters:fill(FFF,true):format(jpg)/d2lnr5mha7bycj.cloudfront.net/product-image/file/large_52a20ad4-4690-466b-a891-cf165d55c6e8.png,"
Giant Eagle,Seedless Watermelon,$6.29 ,,,,[],,"https://www.instacart.com/image-server/197x197/filters:fill(FFF,true):format(jpg)/d2lnr5mha7bycj.cloudfront.net/product-image/file/large_4f79ab8d-3485-4fee-8e94-1597ecf719c8.jpg,"
Giant Eagle,Sunkist Cara Cara oranges,$4.19 ,,,2 lb,[],,"https://www.instacart.com/image-server/197x197/filters:fill(FFF,true):format(jpg)/d2lnr5mha7bycj.cloudfront.net/product-image/file/large_dabf4305-26e0-4623-b85a-3ce08afad73c.png,"
Giant Eagle,Organic Strawberries Package,$8.39 ,,,1 lb Container,"['Organic', 'Non-GMO']",,"https://www.instacart.com/image-server/197x197/filters:fill(FFF,true):format(jpg)/d2lnr5mha7bycj.cloudfront.net/product-image/file/large_6d12d6ed-4168-480f-bb94-3ed06b9533fd.jpg,"
Giant Eagle,Red Seedless Grapes Package,$10.39 ,/pkg (est.),$4.19 / lb,About 2.48 lb / package,[],,"https://www.instacart.com/image-server/197x197/filters:fill(FFF,true):format(jpg)/d2lnr5mha7bycj.cloudfront.net/product-image/file/large_991344b0-c653-4ce8-875b-495d9e477e50.png,"
Giant Eagle,Giant Eagle Pineapple Chunks,$5.79 ,,,16 oz,[],Many in stock,"https://www.instacart.com/image-server/197x197/filters:fill(FFF,true):format(jpg)/d2lnr5mha7bycj.cloudfront.net/product-image/file/large_c8728171-74de-4ab3-b7fb-d7812ab75ef8.png,"
Giant Eagle,Mission Hass Avocados Bag,$5.29 ,,,4 count bag,[],,"https://www.instacart.com/image-server/197x197/filters:fill(FFF,true):format(jpg)/d2lnr5mha7bycj.cloudfront.net/product-image/file/large_68815b79-4ecd-4980-b2ce-6121cdbfb1e6.png,"
Giant Eagle,Blueberries,$4.19 ,,,1 pt,[],Many in stock,"https://www.instacart.com/image-server/197x197/filters:fill(FFF,true):format(jpg)/d2lnr5mha7bycj.cloudfront.net/product-image/file/large_e3004da1-4f2b-4639-8698-5b95cdd770af.jpg,"
Giant Eagle,Market District Greenhouse Grown Strawberries,$6.29 ,,,12 oz,[],,"https://www.instacart.com/image-server/197x197/filters:fill(FFF,true):format(jpg)/d2lnr5mha7bycj.cloudfront.net/product-image/file/large_a0ec5ca0-6995-439d-820a-766d8ed5fbd7.png,"
Giant Eagle,Golden Pineapple,$4.19 ,,,1 each,[],,"https://www.instacart.com/image-server/197x197/filters:fill(FFF,true):format(jpg)/d2lnr5mha7bycj.cloudfront.net/product-image/file/large_9dd00383-20ee-4530-b873-1ce20f8b6313.png,"
Giant Eagle,Market District Green Seedless Grapes,$5.29 ,,,16 oz,[],,"https://www.instacart.com/image-server/197x197/filters:fill(FFF,true):format(jpg)/d2lnr5mha7bycj.cloudfront.net/product-image/file/large_61ba3610-fadc-4384-9fe5-2b7216ef9e3e.png,"
Giant Eagle,Organic Raspberries Package,$5.29 ,,,1 lb container,"['Organic', 'Non-GMO']",,"https://www.instacart.com/image-server/197x197/filters:fill(FFF,true):format(jpg)/d2lnr5mha7bycj.cloudfront.net/product-image/file/large_9afdc1ed-9ba0-436d-80e1-60911ee6a33b.png,"
Giant Eagle,Limes,$0.99 ,,,,[],Many in stock,"https://www.instacart.com/image-server/197x197/filters:fill(FFF,true):format(jpg)/d2lnr5mha7bycj.cloudfront.net/product-image/file/large_dc9eedba-f294-4ae1-9c62-600a1940eae4.png,"
Giant Eagle,Organic Blueberries Package,$6.29 ,,,1 lb container,"['Organic', 'Non-GMO']",,"https://www.instacart.com/image-server/197x197/filters:fill(FFF,true):format(jpg)/d2lnr5mha7bycj.cloudfront.net/product-image/file/large_cd4e7afd-4529-4eea-86ec-51a2d10c4e97.png,"
Giant Eagle,Honeycrisp Apple,$1.50 ,each (est.),$3.69 / lb,About 0.41 lb each,[],,"https://www.instacart.com/image-server/197x197/filters:fill(FFF,true):format(jpg)/d2lnr5mha7bycj.cloudfront.net/product-image/file/large_88a397f7-5b33-4d5f-9ea7-da4997eb6586.png,"
Giant Eagle,Giant Eagle Honeycrisp Apples,$8.39 ,,,48 oz,[],Many in stock,"https://www.instacart.com/image-server/197x197/filters:fill(FFF,true):format(jpg)/d2lnr5mha7bycj.cloudfront.net/product-image/file/large_a929911a-c81c-4f3b-a048-579371a92084.png,"
Giant Eagle,Sunkist Lemons,$4.19 ,,,2 lb,[],,"https://www.instacart.com/image-server/197x197/filters:fill(FFF,true):format(jpg)/d2lnr5mha7bycj.cloudfront.net/product-image/file/large_91d5cbd7-3805-4ff0-8cc6-c3c7c59e702c.png,"
Giant Eagle,"Wonderful Mandarins, California",$9.49 ,,,5 lb,['Non-GMO'],,"https://www.instacart.com/image-server/197x197/filters:fill(FFF,true):format(jpg)/d2lnr5mha7bycj.cloudfront.net/product-image/file/large_830817e2-100d-4349-b968-836eff43ee3c.png,"
Giant Eagle,Giant Eagle Fresh Raspberries,$4.19 ,,,6 oz,[],,"https://www.instacart.com/image-server/197x197/filters:fill(FFF,true):format(jpg)/d2lnr5mha7bycj.cloudfront.net/product-image/file/large_6586f859-97d4-4fca-9e7b-6d44177fbb5d.png,"
Giant Eagle,Gala Apple,$1.24 ,each (est.),$2.69 / lb,About 0.46 lb each,[],,"https://www.instacart.com/image-server/197x197/filters:fill(FFF,true):format(jpg)/d2lnr5mha7bycj.cloudfront.net/product-image/file/large_a687e1f5-05b3-4a6f-953c-b64552b3d969.png,"
Giant Eagle,Giant Eagle Baby Seedless Watermelon,$5.29 ,,,1 each,[],,"https://www.instacart.com/image-server/197x197/filters:fill(FFF,true):format(jpg)/d2lnr5mha7bycj.cloudfront.net/product-image/file/large_b1354b15-6565-4668-be64-b23ba681ffb6.png,"
Giant Eagle,Giant Eagle Mango Chunks,$6.89 ,,,16 oz,[],Many in stock,"https://www.instacart.com/image-server/197x197/filters:fill(FFF,true):format(jpg)/d2lnr5mha7bycj.cloudfront.net/product-image/file/large_21352c33-54c3-42e7-a06e-f6bc430959cd.png,"
Giant Eagle,Giant Eagle Melon Medley,$5.79 ,,,16 oz,[],Many in stock,"https://www.instacart.com/image-server/197x197/filters:fill(FFF,true):format(jpg)/d2lnr5mha7bycj.cloudfront.net/product-image/file/large_04370377-5a8d-4d7f-9504-bf96fbabe237.png,"
Giant Eagle,Ocean Spray Strawberries,$7.39 ,,,32 oz,[],,"https://www.instacart.com/image-server/197x197/filters:fill(FFF,true):format(jpg)/d2lnr5mha7bycj.cloudfront.net/product-image/file/large_08eb0030-c24c-4b85-9c29-b23d1d828e64.png,"
Giant Eagle,Giant Eagle Produce Bartlett Pear,$1.56 ,each (est.),$3.19 / lb,About 0.49 lb each,[],,"https://www.instacart.com/image-server/197x197/filters:fill(FFF,true):format(jpg)/d2lnr5mha7bycj.cloudfront.net/product-image/file/large_12341c46-846f-4691-abaa-d295bb0b4680.png,"
Giant Eagle,Red Mango,$2.09 ,,,,[],,"https://www.instacart.com/image-server/197x197/filters:fill(FFF,true):format(jpg)/d2lnr5mha7bycj.cloudfront.net/product-image/file/large_1a05774d-7a02-45e4-94f3-389f39860918.png,"
Giant Eagle,"Honeycrisp Apples, Organic",$5.29 ,,,2 lb,"['Non-GMO', 'Organic']",,"https://www.instacart.com/image-server/197x197/filters:fill(FFF,true):format(jpg)/d2lnr5mha7bycj.cloudfront.net/product-image/file/large_6211a73b-8283-40fc-a167-ab18cc2df7bc.png,"
Giant Eagle,Cantaloupe,$5.29 ,,,,[],Many in stock,"https://www.instacart.com/image-server/197x197/filters:fill(FFF,true):format(jpg)/d2lnr5mha7bycj.cloudfront.net/product-image/file/large_f96b5500-1e0b-4043-b130-aa2b48d0362e.png,"
Giant Eagle,"Wonderful Naturally Seedless, Non-GMO",$6.29 ,,,2 lb,['Non-GMO'],,"https://www.instacart.com/image-server/197x197/filters:fill(FFF,true):format(jpg)/d2lnr5mha7bycj.cloudfront.net/product-image/file/large_b746cb0e-8d3f-4a68-b9d2-133c1ee43b13.png,"
Giant Eagle,Apple,$1.60 ,each (est.),$3.19 / lb,About 0.5 lb each,[],,"https://www.instacart.com/image-server/197x197/filters:fill(FFF,true):format(jpg)/d2lnr5mha7bycj.cloudfront.net/product-image/file/large_63388854-7916-428b-812c-ac8fe220d04f.png,"
Giant Eagle,Navel Orange,$1.39 ,,,,[],Many in stock,"https://www.instacart.com/image-server/197x197/filters:fill(FFF,true):format(jpg)/d2lnr5mha7bycj.cloudfront.net/product-image/file/large_951e27f8-c10f-48ed-9b60-bda5f465eee5.png,"
Giant Eagle,Giant Eagle Fuji Apples,$5.29 ,,,3 lb,[],Many in stock,"https://www.instacart.com/image-server/197x197/filters:fill(FFF,true):format(jpg)/d2lnr5mha7bycj.cloudfront.net/product-image/file/large_1f161998-494e-4225-8354-26596b82baed.png,"
Giant Eagle,"Diamond Blues Blueberries, Fresh Cultivated",$5.29 ,,,1 pt,[],,"https://www.instacart.com/image-server/197x197/filters:fill(FFF,true):format(jpg)/d2lnr5mha7bycj.cloudfront.net/product-image/file/large_600a0e92-c240-42f0-ab6d-69b0ca423236.png,"
Giant Eagle,Market District Cara Cara Oranges,$9.49 ,,,128 oz,[],,"https://www.instacart.com/image-server/197x197/filters:fill(FFF,true):format(jpg)/d2lnr5mha7bycj.cloudfront.net/product-image/file/large_7c084c5e-b5d9-4d32-9021-414bd9aae384.png,"
Giant Eagle,Giant Eagle Mashed Potatoes,$4.19 ,,,24 oz,[],,"https://www.instacart.com/image-server/197x197/filters:fill(FFF,true):format(jpg)/d2lnr5mha7bycj.cloudfront.net/product-image/file/large_f55b0299-fc26-4165-9849-936ba2453d4e.png,"
Giant Eagle,Giant Eagle Caesar Supreme Salad Kit,$4.19 ,,,10.5 oz,[],,"https://www.instacart.com/image-server/197x197/filters:fill(FFF,true):format(jpg)/d2lnr5mha7bycj.cloudfront.net/product-image/file/large_47cb1984-95c2-453f-8a94-b0e5463d3153.png,"
Giant Eagle,Grandma’s Macaroni Salad,$9.49 ,,,32 oz,[],Many in stock,"https://www.instacart.com/image-server/197x197/filters:fill(FFF,true):format(jpg)/d2lnr5mha7bycj.cloudfront.net/product-image/file/large_d8dc1a12-ba5f-4791-9c87-6128d47c6f9d.png,"
Giant Eagle,Taylor Farms Steakhouse Wedge Chopped Salad Kit,$4.19 ,,,12.87 oz,[],,"https://www.instacart.com/image-server/197x197/filters:fill(FFF,true):format(jpg)/d2lnr5mha7bycj.cloudfront.net/product-image/file/large_66a73cf1-03d6-445d-a5d6-72a625877f48.png,"
Giant Eagle,Taylor Farms Maple Bourbon Bacon Chopped Salad Kit,$4.19 ,,,12.8 oz,[],,"https://www.instacart.com/image-server/197x197/filters:fill(FFF,true):format(jpg)/d2lnr5mha7bycj.cloudfront.net/product-image/file/large_ce776b58-2c8a-4862-954d-a2e8c20ef8f2.png,"
Giant Eagle,Giant Eagle Fruit Tray,$11.59 ,,,40 oz,[],Many in stock,"https://www.instacart.com/image-server/197x197/filters:fill(FFF,true):format(jpg)/d2lnr5mha7bycj.cloudfront.net/product-image/file/large_16c064b1-bbae-4f7a-8f4b-10f768e935a1.png,"
Giant Eagle,Grandma’s Potato Salad with Egg,$6.29 ,,,16 oz,[],Many in stock,"https://www.instacart.com/image-server/197x197/filters:fill(FFF,true):format(jpg)/d2lnr5mha7bycj.cloudfront.net/product-image/file/large_ff5dbb98-6fa6-429b-9fed-9e2d3bf63bf4.png,"
Giant Eagle,Giant Eagle Spring Mix Of Baby Lettuce And Greens Salad,$3.19 ,,,5 oz,[],Many in stock,"https://www.instacart.com/image-server/197x197/filters:fill(FFF,true):format(jpg)/d2lnr5mha7bycj.cloudfront.net/product-image/file/large_e48febd8-5b16-4038-9d76-a2f6a6338ec8.png,"
Giant Eagle,Philadelphia Strawberry Cheesecake Desserts with Graham Crumble,$5.09 ,,,2 ct,[],Many in stock,"https://www.instacart.com/image-server/197x197/filters:fill(FFF,true):format(jpg)/d2lnr5mha7bycj.cloudfront.net/product-image/file/large_c344d88e-9eee-4b8a-b49d-f2c7b80d3386.jpg,"
Giant Eagle,Bob Evans Farms Original Mashed Potatoes,$6.99 ,,,32 oz,[],,"https://www.instacart.com/image-server/197x197/filters:fill(FFF,true):format(jpg)/d2lnr5mha7bycj.cloudfront.net/product-image/file/large_f033df08-2f6c-4468-a63a-a63808433a6d.png,"
Giant Eagle,Blount's Family Kitchen Macaroni and Beef In Tomato Sauce Microwave Meal,$7.39 ,,,12 oz,[],,"https://www.instacart.com/image-server/197x197/filters:fill(FFF,true):format(jpg)/d2lnr5mha7bycj.cloudfront.net/product-image/file/large_85ef63e8-202d-47fe-8faf-03c32f663f55.png,"
Giant Eagle,Panera Bread Broccoli Cheddar Soup Cup,$14.19 ,,,32 oz,[],,"https://www.instacart.com/image-server/197x197/filters:fill(FFF,true):format(jpg)/d2lnr5mha7bycj.cloudfront.net/product-image/file/large_ffb1410b-cebc-4363-b568-177924882ef0.png,"
Giant Eagle,Giant Eagle Chef Salad,$4.19 ,,,7.75 oz,[],,"https://www.instacart.com/image-server/197x197/filters:fill(FFF,true):format(jpg)/d2lnr5mha7bycj.cloudfront.net/product-image/file/large_4bca204a-7f01-468f-be3c-590462816592.png,"
Giant Eagle,Giant Eagle Vegetable Tray,$9.49 ,,,24 oz,[],,"https://www.instacart.com/image-server/197x197/filters:fill(FFF,true):format(jpg)/d2lnr5mha7bycj.cloudfront.net/product-image/file/large_1f2ae65e-2036-455c-a9c3-21ec40a10591.png,"
Giant Eagle,Grandma’s Cole Slaw,$6.29 ,,,16 oz,[],,"https://www.instacart.com/image-server/197x197/filters:fill(FFF,true):format(jpg)/d2lnr5mha7bycj.cloudfront.net/product-image/file/large_4fa3fd8d-d8a0-405c-9d8b-0600a1e6117e.png,"
Giant Eagle,Giant Eagle Sweet Butter Green Butter Lettuce And Red Leaf Lettuce Salad,$3.19 ,,,6 oz,[],Many in stock,"https://www.instacart.com/image-server/197x197/filters:fill(FFF,true):format(jpg)/d2lnr5mha7bycj.cloudfront.net/product-image/file/large_6af3e7d0-030d-4fdd-b6bd-b7c2929f5bb7.png,"
Giant Eagle,Taylor Farms Everything Chopped Salad Kit,$4.19 ,,,11.57 oz,[],,"https://www.instacart.com/image-server/197x197/filters:fill(FFF,true):format(jpg)/d2lnr5mha7bycj.cloudfront.net/product-image/file/large_38556e5e-1605-409e-bd0f-d6681e239cec.png,"
Giant Eagle,Bob Evans Farms Macaroni & Cheese,$5.59 ,,,20 oz,[],,"https://www.instacart.com/image-server/197x197/filters:fill(FFF,true):format(jpg)/d2lnr5mha7bycj.cloudfront.net/product-image/file/large_d053618e-a908-4433-8fba-4d128c42a06f.png,"
Giant Eagle,Grandma’s Cole Slaw,$9.49 ,,,32 oz,[],,"https://www.instacart.com/image-server/197x197/filters:fill(FFF,true):format(jpg)/d2lnr5mha7bycj.cloudfront.net/product-image/file/large_c448d67c-014b-4a45-9347-473d883d2890.png,"
Giant Eagle,"Marzetti Caramel Dip, Classic, Singles",$5.79 ,,,6 x 1.7 oz,[],,"https://www.instacart.com/image-server/197x197/filters:fill(FFF,true):format(jpg)/d2lnr5mha7bycj.cloudfront.net/product-image/file/large_ca554429-24d1-41b0-9814-9ff82f3b1c88.png,"
Giant Eagle,"Reser’s Main St Bistro Scalloped Potatoes, Baked",$6.29 ,,,20 oz,[],,"https://www.instacart.com/image-server/197x197/filters:fill(FFF,true):format(jpg)/d2lnr5mha7bycj.cloudfront.net/product-image/file/large_e69108d4-1d55-41c3-a36f-55c14c786424.png,"
Giant Eagle,Combo California Special Sushi,$10.49 ,,,,[],,"https://www.instacart.com/image-server/197x197/filters:fill(FFF,true):format(jpg)/d2lnr5mha7bycj.cloudfront.net/product-image/file/large_ac423401-a9f4-4fbc-b067-9f8d456299e5.png,"
Giant Eagle,Grandma’s Potato Salad with Egg,$9.49 ,,,32 oz,[],Many in stock,"https://www.instacart.com/image-server/197x197/filters:fill(FFF,true):format(jpg)/d2lnr5mha7bycj.cloudfront.net/product-image/file/large_38c650ea-3161-4997-ac05-bfc54eb8b86b.png,"
Giant Eagle,Reser’s Main St Bistro Mashed Potatoes Steakhouse Yukon Gold,$5.29 ,,,20 oz,[],,"https://www.instacart.com/image-server/197x197/filters:fill(FFF,true):format(jpg)/d2lnr5mha7bycj.cloudfront.net/product-image/file/large_a9ea5687-6ef8-45a8-b186-d95042ffdf54.png,"
Giant Eagle,"Giant Eagle Blt With Chicken And Bacon Romaine Lettuce, Grape Tomatoes, White Chicken Meat, Bacon, Mild Cheddar Cheese, Red Cabbage, Carrots With Avocado Ranch Dressing Salad Bowl",$4.19 ,,,6.5 oz,[],,"https://www.instacart.com/image-server/197x197/filters:fill(FFF,true):format(jpg)/d2lnr5mha7bycj.cloudfront.net/product-image/file/large_b3255a90-b0cd-4021-aeb2-21f4c7d0260b.png,"
Giant Eagle,"P3 Portable Protein Snack Pack with Turkey, Almonds & Cheese, Low Carb Lifestyle",$2.89 ,,,2 oz,[],,"https://www.instacart.com/image-server/197x197/filters:fill(FFF,true):format(jpg)/d2lnr5mha7bycj.cloudfront.net/product-image/file/large_31b99e07-72ff-41ff-b04f-38ae0f54c4e3.jpg,"
Giant Eagle,"Bob Evans Farms Mashed Potatoes, Original",$5.59 ,,,24 oz,[],,"https://www.instacart.com/image-server/197x197/filters:fill(FFF,true):format(jpg)/d2lnr5mha7bycj.cloudfront.net/product-image/file/large_5c816279-c279-4782-bc82-4492f68065af.png,"
Giant Eagle,Grandma’s Macaroni Salad,$6.29 ,,,16 oz,[],Many in stock,"https://www.instacart.com/image-server/197x197/filters:fill(FFF,true):format(jpg)/d2lnr5mha7bycj.cloudfront.net/product-image/file/large_601d643a-f232-4750-90f7-f4d9a2f0a4d8.png,"
Giant Eagle,Sushic Shaggy Dog Roll,$10.49 ,,,10 each,[],,"https://www.instacart.com/image-server/197x197/filters:fill(FFF,true):format(jpg)/d2lnr5mha7bycj.cloudfront.net/product-image/file/large_2b33abf6-c882-4db3-bd91-f2274134c391.png,"
Giant Eagle,"P3 Portable Protein Snack Pack Lunch with Turkey, Ham & Cheddar Cheese",$2.89 ,,,2.3 oz,[],,"https://www.instacart.com/image-server/197x197/filters:fill(FFF,true):format(jpg)/d2lnr5mha7bycj.cloudfront.net/product-image/file/large_3a15506c-008f-4cf8-8fd6-19b760dc94b3.jpg,"
Giant Eagle,"Cracker Barrel Cracker Cuts Pepper Jack, Cheddar Jack, Asiago & Extra Sharp Cheddar Cheese",$11.29 ,,,48 ct,[],Many in stock,"https://www.instacart.com/image-server/197x197/filters:fill(FFF,true):format(jpg)/d2lnr5mha7bycj.cloudfront.net/product-image/file/large_c4ecd420-0b37-48ea-85c8-34144a37e7b2.jpg,"
Giant Eagle,"Sushic Sushi, California Roll, Crunchy",$8.39 ,,,10 each,[],,"https://www.instacart.com/image-server/197x197/filters:fill(FFF,true):format(jpg)/d2lnr5mha7bycj.cloudfront.net/product-image/file/large_044dd70e-1060-41b1-87ed-68bf6091b193.png,"
Giant Eagle,Bob Evans Farms Glazed Apples,$5.59 ,,,14 oz,[],,"https://www.instacart.com/image-server/197x197/filters:fill(FFF,true):format(jpg)/d2lnr5mha7bycj.cloudfront.net/product-image/file/large_c0f78a28-baf2-4e6f-97c2-ae74814b8bf5.png,"
Giant Eagle,"P3 Protein Snack & Protein Plate with Turkey, Cashews, Cheddar Cheese & Cranberries",$3.99 ,,,3.2 oz,[],,"https://www.instacart.com/image-server/197x197/filters:fill(FFF,true):format(jpg)/d2lnr5mha7bycj.cloudfront.net/product-image/file/large_6eb25300-b286-4841-a233-6db13d13e49a.jpg,"
Giant Eagle,Bob Evans Farms Sour Cream & Chives Mashed Potatoes,$5.59 ,,,24 oz,[],,"https://www.instacart.com/image-server/197x197/filters:fill(FFF,true):format(jpg)/d2lnr5mha7bycj.cloudfront.net/product-image/file/large_b5b0679d-e786-4da8-8ca5-c02113cc7928.png,"
Giant Eagle,Giant Eagle Coleslaw Green Cabbage And Carrots,$3.19 ,,,16 oz,[],Many in stock,"https://www.instacart.com/image-server/197x197/filters:fill(FFF,true):format(jpg)/d2lnr5mha7bycj.cloudfront.net/product-image/file/large_634b975e-e497-485c-a211-03325bb02e4d.png,"
Giant Eagle,Taylor Farms Sweet Kale Chopped Salad Kit,$4.19 ,,,12 oz,[],,"https://www.instacart.com/image-server/197x197/filters:fill(FFF,true):format(jpg)/d2lnr5mha7bycj.cloudfront.net/product-image/file/large_690619f0-fdf2-41b7-8cd7-8844ebf4a566.png,"
Giant Eagle,Blount Clam Shack Gluten Free New England Clam Chowder Soup,$11.59 ,,,30 oz,[],,"https://www.instacart.com/image-server/197x197/filters:fill(FFF,true):format(jpg)/d2lnr5mha7bycj.cloudfront.net/product-image/file/large_9a59c653-1a45-49cd-92dc-5fae063ad9e3.png,"
Giant Eagle,Bob Evans Farms Original Mashed Potatoes,$5.59 ,,,12 oz,[],,"https://www.instacart.com/image-server/197x197/filters:fill(FFF,true):format(jpg)/d2lnr5mha7bycj.cloudfront.net/product-image/file/large_ed8d4e56-16b2-4a36-bf6b-e94aea0263d8.png,"
Giant Eagle,"Bob Evans Farms Macaroni & Cheese, Family Size",$6.99 ,,,28 oz,[],,"https://www.instacart.com/image-server/197x197/filters:fill(FFF,true):format(jpg)/d2lnr5mha7bycj.cloudfront.net/product-image/file/large_7d1e2df8-76f8-4939-bf1a-3c15c24c89f2.png,"
Giant Eagle,Bob Evans Farms All Natural Homestyle Classic Mashed Potatoes,$5.59 ,,,20 oz,[],,"https://www.instacart.com/image-server/197x197/filters:fill(FFF,true):format(jpg)/d2lnr5mha7bycj.cloudfront.net/product-image/file/large_1d1f2742-a36c-4543-9069-042d8854e244.png,"
Giant Eagle,Blount Clam Shack Lobster Bisque Soup,$11.59 ,,,30 oz,[],,"https://www.instacart.com/image-server/197x197/filters:fill(FFF,true):format(jpg)/d2lnr5mha7bycj.cloudfront.net/product-image/file/large_ef0a72e5-d2f4-4919-89fa-efd01c1c31f3.png,"
Giant Eagle,Lunchables Nachos Cheese Dip & Salsa Kids Lunch Snack Kit,$3.19 ,,,4.4 oz,[],,"https://www.instacart.com/image-server/197x197/filters:fill(FFF,true):format(jpg)/d2lnr5mha7bycj.cloudfront.net/product-image/file/large_763bfdee-25c2-4f84-a723-c81a0bd6a6ae.jpg,"
Giant Eagle,Bob Evans Farms Buttermilk Red Skin Mashed Potatoes,$5.59 ,,,20 oz,[],,"https://www.instacart.com/image-server/197x197/filters:fill(FFF,true):format(jpg)/d2lnr5mha7bycj.cloudfront.net/product-image/file/large_db5a91ec-f735-4da7-b01e-01947647d426.png,"
Giant Eagle,Lunchables Extra Cheesy Pizza Kids Lunch Snack Kit,$3.19 ,,,4.2 oz,[],,"https://www.instacart.com/image-server/197x197/filters:fill(FFF,true):format(jpg)/d2lnr5mha7bycj.cloudfront.net/product-image/file/large_2e530123-8c72-4fb8-9e35-3b574a6fac3e.jpg,"
Giant Eagle,Bob Evans Farms Garlic Mashed Potatoes,$5.59 ,,,24 oz,[],,"https://www.instacart.com/image-server/197x197/filters:fill(FFF,true):format(jpg)/d2lnr5mha7bycj.cloudfront.net/product-image/file/large_81f4883f-ff8f-4198-9842-f07c512c8f8e.png,"
Giant Eagle,Lunchables Pepperoni Pizza Kids Lunch Meal Kit Snack with Capri Sun & Crunch Candy Bar,$3.99 ,,,4.7 oz,[],,"https://www.instacart.com/image-server/197x197/filters:fill(FFF,true):format(jpg)/d2lnr5mha7bycj.cloudfront.net/product-image/file/large_b866bfb7-8023-464d-b3da-ff3ed340d872.jpg,"
Giant Eagle,"Bob Evans Farms Mashed Potatoes, Sour Cream & Chives",$5.59 ,,,12 oz,[],Many in stock,"https://www.instacart.com/image-server/197x197/filters:fill(FFF,true):format(jpg)/d2lnr5mha7bycj.cloudfront.net/product-image/file/large_2120a64f-8044-4f1c-8dda-df89720f4c8b.png,"
Giant Eagle,Reser’s Main St Bistro Baked Four Cheese Macaroni,$6.29 ,,,20 oz,[],,"https://www.instacart.com/image-server/197x197/filters:fill(FFF,true):format(jpg)/d2lnr5mha7bycj.cloudfront.net/product-image/file/large_27b0384c-c303-4ecf-87da-0f3da5e55c1b.png,"
Giant Eagle,"Bob Evans Farms Mashed Cauliflower, Parmesan & Chives",$5.59 ,,,12 oz,[],Many in stock,"https://www.instacart.com/image-server/197x197/filters:fill(FFF,true):format(jpg)/d2lnr5mha7bycj.cloudfront.net/product-image/file/large_5416fe13-fcbe-4e06-9852-d61cc1ed1e0e.png,"
Giant Eagle,Grandma’s Mustard Potato Salad,$9.49 ,,,32 oz,[],Many in stock,"https://www.instacart.com/image-server/197x197/filters:fill(FFF,true):format(jpg)/d2lnr5mha7bycj.cloudfront.net/product-image/file/large_23216d49-aeed-4706-89c6-ecceb8f1eba8.png,"
Giant Eagle,MamaMancini's Beef Meatballs in Italian Style Sauce,$8.39 ,,,16 oz,[],,"https://www.instacart.com/image-server/197x197/filters:fill(FFF,true):format(jpg)/d2lnr5mha7bycj.cloudfront.net/product-image/file/large_93c23ddd-ed88-4dd0-9ce7-6550e77eebd0.png,"
Giant Eagle,"Reser’s Main St Bistro Macaroni & Cheese, Baked",$6.29 ,,,20 oz,[],,"https://www.instacart.com/image-server/197x197/filters:fill(FFF,true):format(jpg)/d2lnr5mha7bycj.cloudfront.net/product-image/file/large_155e1909-7c21-4ed3-9507-7c83fcd2201a.png,"
Giant Eagle,Lunchables Ham & American Cheese Cracker Stackers Kids Lunch Snack Meal Kit with Capri Sun,$3.99 ,,,9.1 oz,[],,"https://www.instacart.com/image-server/197x197/filters:fill(FFF,true):format(jpg)/d2lnr5mha7bycj.cloudfront.net/product-image/file/large_4df16245-5cf3-4d25-8343-ef6b6f9e645e.jpg,"
Giant Eagle,Lunchables Turkey & Cheddar Cheese Sub Sandwich Kids Lunch Snack Meal Kit & Kool-Aid,$5.59 ,,,15 oz,[],,"https://www.instacart.com/image-server/197x197/filters:fill(FFF,true):format(jpg)/d2lnr5mha7bycj.cloudfront.net/product-image/file/large_ec1d9c24-c925-49cc-8287-cffff66d15e4.jpg,"
Giant Eagle,Lunchables Turkey & American Cheese Cracker Stackers Kids Lunch Snack Meal Kit & Capri Sun,$3.99 ,,,8.9 oz,[],,"https://www.instacart.com/image-server/197x197/filters:fill(FFF,true):format(jpg)/d2lnr5mha7bycj.cloudfront.net/product-image/file/large_6e018395-fa3d-41fa-abd0-4f3f387ca96f.jpg,"
Giant Eagle,Lunchables Ultimate Deep Dish Pepperoni Pizza Kids Lunch Snack Meal Kit with Kool-Aid,$5.59 ,,,14.7 oz,[],,"https://www.instacart.com/image-server/197x197/filters:fill(FFF,true):format(jpg)/d2lnr5mha7bycj.cloudfront.net/product-image/file/large_c6810bb4-fa33-4513-9371-e2ce14466c3b.jpg,"
Giant Eagle,Lunchables Chicken Dunks Meal Kit Kids Lunch Snack with Chocolate Sandwich Cookies,$3.19 ,,,4.2 oz,[],,"https://www.instacart.com/image-server/197x197/filters:fill(FFF,true):format(jpg)/d2lnr5mha7bycj.cloudfront.net/product-image/file/large_4fea1b1c-47c4-4a16-8c0b-7d06470c7105.jpg,"
Giant Eagle,"Reser’s Main St Bistro Macaroni & Cheese, White Cheddar Parmesan",$4.79 ,,,20 oz,[],,"https://www.instacart.com/image-server/197x197/filters:fill(FFF,true):format(jpg)/d2lnr5mha7bycj.cloudfront.net/product-image/file/large_dd4f4b08-79a3-476c-b7f0-00f6327cbbd4.png,"
Giant Eagle,"Lunchables Lunch Combinations, Nachos Grande",$5.19 ,,,,[],,"https://www.instacart.com/image-server/197x197/filters:fill(FFF,true):format(jpg)/d2lnr5mha7bycj.cloudfront.net/product-image/file/large_11642cd9-82ce-4189-87ae-2a680b8e49f6.jpg,"
Giant Eagle,Columbus Charcuterie Sampler,$17.89 ,,,12 oz,[],,"https://www.instacart.com/image-server/197x197/filters:fill(FFF,true):format(jpg)/d2lnr5mha7bycj.cloudfront.net/product-image/file/large_376d974a-f4a8-42a6-accb-92ce9b231c2b.jpg,"
Giant Eagle,Giant Eagle 7% Fat 93% Lean Beef Ground,$9.16 ,/pkg (est.),$7.39 / lb,About 1.24 lb / package,[],,"https://www.instacart.com/image-server/197x197/filters:fill(FFF,true):format(jpg)/d2lnr5mha7bycj.cloudfront.net/product-image/file/large_b2c5b36a-1a39-48c7-913b-ccc58f19653f.png,"
Giant Eagle,"Giant Eagle Beef Ground, 80% Lean, 20% Fat",$8.18 ,/pkg (est.),$6.29 / lb,About 1.3 lb / package,[],,"https://www.instacart.com/image-server/197x197/filters:fill(FFF,true):format(jpg)/d2lnr5mha7bycj.cloudfront.net/product-image/file/large_7d753525-35e9-4bed-9fff-8e0e42aa84ee.png,"
Giant Eagle,Market District 85% Lean 15% Fat Ground Beef,$8.34 ,/pkg (est.),$6.89 / lb,About 1.21 lb / package,[],,"https://www.instacart.com/image-server/197x197/filters:fill(FFF,true):format(jpg)/d2lnr5mha7bycj.cloudfront.net/product-image/file/large_41291c25-e5cf-4d54-bb36-92022f495a4f.png,"
Giant Eagle,Giant Eagle 80% Lean 20% Fat Beef Ground Value Pack,$18.82 ,/pkg (est.),$5.79 / lb,About 3.25 lb / package,[],,"https://www.instacart.com/image-server/197x197/filters:fill(FFF,true):format(jpg)/d2lnr5mha7bycj.cloudfront.net/product-image/file/large_8f1c6118-d669-4bb6-8e32-a726122aa942.png,"
Giant Eagle,Certified Angus Beef Beef Stew Meat,$15.56 ,/pkg (est.),$9.49 / lb,About 1.64 lb / package,[],,"https://www.instacart.com/image-server/197x197/filters:fill(FFF,true):format(jpg)/d2lnr5mha7bycj.cloudfront.net/product-image/file/large_56f63f15-72e0-49f5-9eff-659fc6d66072.png,"
Giant Eagle,Market District Certified Angus Beef Value Pack Lean Beef Stew Meat,$19.59 ,/pkg (est.),$8.39 / lb,About 2.34 lb / package,[],,"https://www.instacart.com/image-server/197x197/filters:fill(FFF,true):format(jpg)/d2lnr5mha7bycj.cloudfront.net/product-image/file/large_d8b7994a-9c52-41a5-8f4c-a96e192a8aad.png,"
Giant Eagle,Market District 93% Lean 7% Fat Beef Ground Value Pack,$21.91 ,/pkg (est.),$6.89 / lb,About 3.18 lb / package,[],,"https://www.instacart.com/image-server/197x197/filters:fill(FFF,true):format(jpg)/d2lnr5mha7bycj.cloudfront.net/product-image/file/large_1480ad25-b488-4108-8b28-aa6d32ad7aa6.png,"
Giant Eagle,"Giant Eagle 96% Lean, 4% Fat Beef Ground",$9.47 ,/pkg (est.),$7.89 / lb,About 1.2 lb / package,[],,"https://www.instacart.com/image-server/197x197/filters:fill(FFF,true):format(jpg)/d2lnr5mha7bycj.cloudfront.net/product-image/file/large_baa3775e-69f8-4394-ab1a-5369aa2eb483.png,"
Giant Eagle,Market District Certified Angus Beef Boneless Beef Strip Steak,$11.75 ,/pkg (est.),$16.79 / lb,About 0.7 lb / package,['Strip Steak'],,"https://www.instacart.com/image-server/197x197/filters:fill(FFF,true):format(jpg)/d2lnr5mha7bycj.cloudfront.net/product-image/file/large_888f6754-00e6-46fc-8082-d6cb8e90b559.png,"
Giant Eagle,Giant Eagle 85% Lean 15% Fat Beef Ground,$18.87 ,/pkg (est.),$6.29 / lb,About 3.0 lb / package,[],,"https://www.instacart.com/image-server/197x197/filters:fill(FFF,true):format(jpg)/d2lnr5mha7bycj.cloudfront.net/product-image/file/large_959e9c8c-8e12-4eec-8fde-1b86aa2e0cec.png,"
Giant Eagle,Giant Eagle 73% Lean 27% Fat Ground Beef,$6.61 ,/pkg (est.),$5.29 / lb,About 1.25 lb / package,[],,"https://www.instacart.com/image-server/197x197/filters:fill(FFF,true):format(jpg)/d2lnr5mha7bycj.cloudfront.net/product-image/file/large_4d34f67c-e745-414a-8245-780851d4f092.png,"
Giant Eagle,Giant Eagle Pick 5 80% Lean 20% Fat Ground Beef,$8.05 ,/pkg (est.),$6.29 / lb,About 1.28 lb / package,[],,"https://www.instacart.com/image-server/197x197/filters:fill(FFF,true):format(jpg)/d2lnr5mha7bycj.cloudfront.net/product-image/file/large_b8103475-95cd-4379-affd-ed344a9dfb88.png,"
Giant Eagle,"Thomas Farms Organic Grass Fed Ground Beef, 93% Lean 7% Fat",$9.49 ,,,16 oz,"['Organic', 'Grass-Fed']",,"https://www.instacart.com/image-server/197x197/filters:fill(FFF,true):format(jpg)/d2lnr5mha7bycj.cloudfront.net/product-image/file/large_d9bde381-59eb-405b-b809-07759b7ba8cb.jpg,"
Giant Eagle,Certified Angus Beef Beef Boneless Bottom Round Roast,$22.82 ,each (est.),$8.39 / lb,About 2.72 lb each,['Roast'],,"https://www.instacart.com/image-server/197x197/filters:fill(FFF,true):format(jpg)/d2lnr5mha7bycj.cloudfront.net/product-image/file/large_b3902b83-864c-4c6d-acfa-868720936a56.png,"
Giant Eagle,"Thomas Farms Organic Grass Fed Ground Beef, 85% Lean 15% Fat",$8.39 ,,,1 lb,"['Organic', 'Grass-Fed']",,"https://www.instacart.com/image-server/197x197/filters:fill(FFF,true):format(jpg)/d2lnr5mha7bycj.cloudfront.net/product-image/file/large_383697ba-3c30-4998-a3d8-f6f8150f8753.jpg,"
Giant Eagle,Market District Certified Angus Beef Semi-Boneless Strip Steak,$10.80 ,/pkg (est.),$14.69 / lb,About 0.74 lb / package,['Strip Steak'],,"https://www.instacart.com/image-server/197x197/filters:fill(FFF,true):format(jpg)/d2lnr5mha7bycj.cloudfront.net/product-image/file/large_c619f652-cbe0-49d9-b332-d4235133b7f9.png,"
Giant Eagle,Beef Oxtail Jointed,$10.99 ,each (est.),$10.99 / lb,About 1.0 lb each,['Oxtail'],,"https://www.instacart.com/image-server/197x197/filters:fill(FFF,true):format(jpg)/d1s8987jlndkbs.cloudfront.net/assets/missing-item-4bbe82b8555e4d1c12626fd482cb2409713e8e30835645ff3650ef66a725d03c.png,"
Giant Eagle,Certified Angus Beef Beef Boneless Chuck Roast,$22.59 ,/pkg (est.),$8.79 / lb,About 2.57 lb / package,['Roast'],,"https://www.instacart.com/image-server/197x197/filters:fill(FFF,true):format(jpg)/d2lnr5mha7bycj.cloudfront.net/product-image/file/large_aa7029cb-539a-4bc6-a7b3-65528d411543.png,"
Giant Eagle,Certified Angus Beef Beef Boneless Cube Steak Value Pack,$14.56 ,/pkg (est.),$8.39 / lb,About 1.74 lb / package,[],,"https://www.instacart.com/image-server/197x197/filters:fill(FFF,true):format(jpg)/d2lnr5mha7bycj.cloudfront.net/product-image/file/large_e775e6ec-0626-4db7-a08b-be15d464b43d.png,"
Giant Eagle,Market District Certified Angus Beef Beef Top Round Roast,$23.49 ,each (est.),$8.39 / lb,About 2.8 lb each,['Roast'],,"https://www.instacart.com/image-server/197x197/filters:fill(FFF,true):format(jpg)/d2lnr5mha7bycj.cloudfront.net/product-image/file/large_89876b1a-d382-4e3b-b2f4-9ed9a8e0da4c.png,"
Giant Eagle,Pre PRE® Ribeye Steak- 100% Grass Fed Fresh Beef,$14.69 ,,,10 oz,"['Grass-Fed', 'Non-GMO']",,"https://www.instacart.com/image-server/197x197/filters:fill(FFF,true):format(jpg)/d2lnr5mha7bycj.cloudfront.net/product-image/file/large_5ce3d771-b409-4c24-a376-7385da24856e.png,"
Giant Eagle,Certified Angus Beef Beef Petite Top Sirloin Steak,$12.59 ,/pkg (est.),$12.59 / lb,About 1.0 lb / package,['Sirloin'],,"https://www.instacart.com/image-server/197x197/filters:fill(FFF,true):format(jpg)/d2lnr5mha7bycj.cloudfront.net/product-image/file/large_5e50e3e8-ead1-4667-a36f-b74bfba992a5.png,"
Giant Eagle,Certified Angus Beef Value Pack Beef Boneless Strip Steak,$47.37 ,/pkg (est.),$15.79 / lb,About 3.0 lb / package,['Strip Steak'],,"https://www.instacart.com/image-server/197x197/filters:fill(FFF,true):format(jpg)/d2lnr5mha7bycj.cloudfront.net/product-image/file/large_ed6817b1-5f5d-44cc-9344-c1ddb8b32baf.png,"
Giant Eagle,Certified Angus Beef Beef T-Bone Steak,$16.29 ,/pkg (est.),$16.29 / lb,About 1.0 lb / package,['T-Bone'],,"https://www.instacart.com/image-server/197x197/filters:fill(FFF,true):format(jpg)/d2lnr5mha7bycj.cloudfront.net/product-image/file/large_1ac34638-d9c1-4b66-b874-ff6eb60ea580.png,"
Giant Eagle,Certified Angus Beef Beef Filet Mignon Steak,$27.29 ,each (est.),$27.29 / lb,About 1.0 lb each,['Filet Mignon'],,"https://www.instacart.com/image-server/197x197/filters:fill(FFF,true):format(jpg)/d2lnr5mha7bycj.cloudfront.net/product-image/file/large_f71bac84-83e9-4373-9f8f-80e783703853.png,"
Giant Eagle,Giant Eagle 80% Lean 20% Fat Pick 5 Choice Beef Ground Burger Patty,$8.18 ,/pkg (est.),$6.29 / lb,About 1.3 lb / package,[],,"https://www.instacart.com/image-server/197x197/filters:fill(FFF,true):format(jpg)/d2lnr5mha7bycj.cloudfront.net/product-image/file/large_6986fb23-88a1-4289-88e1-2b724df1971c.png,"
Giant Eagle,Market District Certified Angus Beef Sirloin Tip Steak,$17.58 ,/pkg (est.),$8.79 / lb,About 2.0 lb / package,['Sirloin'],,"https://www.instacart.com/image-server/197x197/filters:fill(FFF,true):format(jpg)/d2lnr5mha7bycj.cloudfront.net/product-image/file/large_73bbb28e-0d5a-488d-9d94-058ddf3ee19a.png,"
Giant Eagle,Catelli Brothers Deluxe Veal Stew Meat,$10.99 ,/pkg (est.),$8.79 / lb,About 1.25 lb / package,[],,"https://www.instacart.com/image-server/197x197/filters:fill(FFF,true):format(jpg)/d2lnr5mha7bycj.cloudfront.net/product-image/file/large_0756cedf-fe95-4541-8504-ec410c9133a0.png,"
Giant Eagle,Certified Angus Beef Beef Top Round Steak,$14.68 ,/pkg (est.),$9.79 / lb,About 1.5 lb / package,['Round Steak'],,"https://www.instacart.com/image-server/197x197/filters:fill(FFF,true):format(jpg)/d2lnr5mha7bycj.cloudfront.net/product-image/file/large_9ef70481-57ce-4237-8460-75f3a9303e91.png,"
Giant Eagle,Giant Eagle Boneless Pork Loin Ribeye Center Roast,$10.13 ,/pkg (est.),$5.79 / lb,About 1.75 lb / package,['Roast'],,"https://www.instacart.com/image-server/197x197/filters:fill(FFF,true):format(jpg)/d2lnr5mha7bycj.cloudfront.net/product-image/file/large_345e92bb-b48f-49dd-8ef2-73f2783ea100.png,"
Giant Eagle,Certified Angus Beef Beef Delmonico Steak,$23.61 ,each (est.),$18.89 / lb,About 1.25 lb each,[],,"https://www.instacart.com/image-server/197x197/filters:fill(FFF,true):format(jpg)/d2lnr5mha7bycj.cloudfront.net/product-image/file/large_5c745646-f4c3-4700-8124-6b494e6219c4.png,"
Giant Eagle,Certified Angus Beef Bone-In Beef Ribeye Steak,$21.47 ,/pkg (est.),$17.89 / lb,About 1.2 lb / package,[],,"https://www.instacart.com/image-server/197x197/filters:fill(FFF,true):format(jpg)/d2lnr5mha7bycj.cloudfront.net/product-image/file/large_4ed476b6-16f5-474d-b9ad-2161401a3974.png,"
Giant Eagle,Certified Angus Beef Beef Top Sirloin Strip Steaks,$18.88 ,/pkg (est.),$12.59 / lb,About 1.5 lb / package,['Strip Steak'],,"https://www.instacart.com/image-server/197x197/filters:fill(FFF,true):format(jpg)/d2lnr5mha7bycj.cloudfront.net/product-image/file/large_82ddef6f-ed71-4312-90bd-6cf497750db1.png,"
Giant Eagle,Market District Certified Angus Beef Meatballs,$7.69 ,/pkg (est.),$7.69 / lb,About 1.0 lb / package,[],,"https://www.instacart.com/image-server/197x197/filters:fill(FFF,true):format(jpg)/d2lnr5mha7bycj.cloudfront.net/product-image/file/large_6b39825a-6b42-4450-9454-b0c7ccdf16ca.png,"
Giant Eagle,Market District Pick 5 Angus Beef Bottom Round Steak,$9.49 ,,,1 lb,['Round Steak'],,"https://www.instacart.com/image-server/197x197/filters:fill(FFF,true):format(jpg)/d2lnr5mha7bycj.cloudfront.net/product-image/file/large_6b080e82-7d8d-4c17-babb-ec131f8569a8.png,"
Giant Eagle,Market District Certified Angus Beef Chuck Eye Steak,$10.39 ,,,1 lb,[],,"https://www.instacart.com/image-server/197x197/filters:fill(FFF,true):format(jpg)/d2lnr5mha7bycj.cloudfront.net/product-image/file/large_1afd7760-8a09-4c43-b5ff-a10c08347337.png,"
Giant Eagle,Certified Angus Beef Beef Flat Iron Filet,$29.38 ,/pkg (est.),$14.69 / lb,About 2.0 lb / package,['Flat Iron'],,"https://www.instacart.com/image-server/197x197/filters:fill(FFF,true):format(jpg)/d2lnr5mha7bycj.cloudfront.net/product-image/file/large_bfd7928e-839a-4643-bcbd-73080adf5d88.png,"
Giant Eagle,Market District Beef Oxtail,$15.76 ,/pkg (est.),$9.79 / lb,About 1.61 lb / package,['Oxtail'],,"https://www.instacart.com/image-server/197x197/filters:fill(FFF,true):format(jpg)/d2lnr5mha7bycj.cloudfront.net/product-image/file/large_5159b7bd-7dfd-45d7-9a55-2550acb609a6.png,"
Giant Eagle,Schweid & Sons CAB The Signature Blend,$12.09 ,,,4 x 5.3 oz,[],,"https://www.instacart.com/image-server/197x197/filters:fill(FFF,true):format(jpg)/d2lnr5mha7bycj.cloudfront.net/product-image/file/large_6211e6c7-9d40-4fba-a180-9963daa6760e.jpg,"
Giant Eagle,Holten's Chop House Steak Burgers Certified Angus Beef,$14.69 ,,,32 oz,[],,"https://www.instacart.com/image-server/197x197/filters:fill(FFF,true):format(jpg)/d2lnr5mha7bycj.cloudfront.net/product-image/file/large_0d2c479e-8815-4f0a-8c39-5a5648f8cf37.png,"
Giant Eagle,Kraft Original Mac & Cheese Macaroni and Cheese Dinner,$1.89 ,,,7.25 oz,[],Many in stock,"https://www.instacart.com/image-server/197x197/filters:fill(FFF,true):format(jpg)/d2lnr5mha7bycj.cloudfront.net/product-image/file/large_efde23dc-06fc-4607-a41e-ab159d3066ff.jpg,"
Giant Eagle,Kraft Original Mac & Cheese Macaroni and Cheese Dinner,$7.89 ,,,5 x 7.25 oz,[],Many in stock,"https://www.instacart.com/image-server/197x197/filters:fill(FFF,true):format(jpg)/d2lnr5mha7bycj.cloudfront.net/product-image/file/large_f7f70aa8-ba2b-4d67-a347-5de24fb3040b.jpg,"
Giant Eagle,"Hamburger Helper Pasta & Cheesy Sauce Mix, Deluxe Cheeseburger Macaroni, Rich & Creamy",$2.89 ,,,5.5 oz,[],,"https://www.instacart.com/image-server/197x197/filters:fill(FFF,true):format(jpg)/d2lnr5mha7bycj.cloudfront.net/product-image/file/large_bf657073-9f84-405b-9866-496c1fc81d7b.png,"
Giant Eagle,VELVEETA Shells & Cheese Original Mac & Cheese Meal,$4.29 ,,,12 oz,[],Many in stock,"https://www.instacart.com/image-server/197x197/filters:fill(FFF,true):format(jpg)/d2lnr5mha7bycj.cloudfront.net/product-image/file/large_e3b4976a-5ee7-4571-9054-472560485bec.jpg,"
Giant Eagle,VELVEETA Shells & Cheese Original Microwavable Mac & Cheese Cups,$6.29 ,,,4 x 2.39 oz,[],Many in stock,"https://www.instacart.com/image-server/197x197/filters:fill(FFF,true):format(jpg)/d2lnr5mha7bycj.cloudfront.net/product-image/file/large_cd49430a-2be6-45bf-ad79-32787736f102.jpg,"
Giant Eagle,Knorr Pasta Sides Cheddar Broccoli Fusilli,$1.59 ,,,4.3 oz,[],,"https://www.instacart.com/image-server/197x197/filters:fill(FFF,true):format(jpg)/d2lnr5mha7bycj.cloudfront.net/product-image/file/large_50e2426f-309a-4555-aa53-ed39ce01aa78.png,"
Giant Eagle,"Cheetos Mac 'N Cheese, Four Cheesy Flavor",$2.29 ,,,5.9 oz,[],Many in stock,"https://www.instacart.com/image-server/197x197/filters:fill(FFF,true):format(jpg)/d2lnr5mha7bycj.cloudfront.net/product-image/file/large_e375c63f-c7a3-4119-a164-c8574e055072.jpg,"
Giant Eagle,Idahoan® Four Cheese Mashed Potatoes,$1.89 ,,,4 oz,['Gluten-Free'],Many in stock,"https://www.instacart.com/image-server/197x197/filters:fill(FFF,true):format(jpg)/d2lnr5mha7bycj.cloudfront.net/product-image/file/large_bcf4c450-0fcf-4380-9d66-099b927e3645.jpg,"
Giant Eagle,"Rice-A-Roni Rice, Creamy Four Cheese Flavor",$1.89 ,,,2.2 oz,[],Many in stock,"https://www.instacart.com/image-server/197x197/filters:fill(FFF,true):format(jpg)/d2lnr5mha7bycj.cloudfront.net/product-image/file/large_ee6d4efe-f7ad-4314-83e8-ef0b83f7d387.png,"
Giant Eagle,Kraft Thick 'n Creamy Mac & Cheese Macaroni and Cheese Dinner,$2.09 ,,,7.25 oz,[],Many in stock,"https://www.instacart.com/image-server/197x197/filters:fill(FFF,true):format(jpg)/d2lnr5mha7bycj.cloudfront.net/product-image/file/large_8452ed8d-234b-49a9-8f9e-dddc1ce31188.jpg,"
Giant Eagle,Annie's Real Aged Cheddar Microwave Mac and Cheese Cups,$8.39 ,,,8.04 oz,[],Many in stock,"https://www.instacart.com/image-server/197x197/filters:fill(FFF,true):format(jpg)/d2lnr5mha7bycj.cloudfront.net/product-image/file/large_e9329489-4740-4951-9b65-8e1fb28d824e.png,"
Giant Eagle,Ben's Original Spanish Style Flavored Rice Easy Dinner Side,$2.99 ,,,8.8 oz,[],Many in stock,"https://www.instacart.com/image-server/197x197/filters:fill(FFF,true):format(jpg)/d2lnr5mha7bycj.cloudfront.net/product-image/file/large_06e90a14-ebd8-4de8-b44e-43f5ffbace0c.jpg,"
Giant Eagle,Kraft Original Cheddar Macaroni & Cheese Dinner,$4.29 ,,,14 oz,[],Many in stock,"https://www.instacart.com/image-server/197x197/filters:fill(FFF,true):format(jpg)/d2lnr5mha7bycj.cloudfront.net/product-image/file/large_973ad8d6-fb39-4f8d-a07a-6ee917d775e3.jpg,"
Giant Eagle,Kraft Gluten Free Original Mac & Cheese Macaroni and Cheese Dinner,$3.69 ,,,6 oz,['Gluten-Free'],Many in stock,"https://www.instacart.com/image-server/197x197/filters:fill(FFF,true):format(jpg)/d2lnr5mha7bycj.cloudfront.net/product-image/file/large_c941cc9f-81f0-420f-bd12-0cae7e519db9.jpg,"
Giant Eagle,Annie's Aged Cheddar & Organic Pasta Deluxe Mac N Cheese,$6.79 ,,,11 oz,[],Many in stock,"https://www.instacart.com/image-server/197x197/filters:fill(FFF,true):format(jpg)/d2lnr5mha7bycj.cloudfront.net/product-image/file/large_308a6b80-71dd-42d7-901d-b21f22441e4e.png,"
Giant Eagle,Zatarain's Dirty Rice Dinner Mix,$3.99 ,,,8 oz,['Gluten-Free'],,"https://www.instacart.com/image-server/197x197/filters:fill(FFF,true):format(jpg)/d2lnr5mha7bycj.cloudfront.net/product-image/file/large_22c6b05d-fc4d-42cf-b13f-5f79bed66ad4.jpg,"
Giant Eagle,Kraft Stove Top Stuffing Mix for Chicken,$3.19 ,,,6 oz,[],Many in stock,"https://www.instacart.com/image-server/197x197/filters:fill(FFF,true):format(jpg)/d2lnr5mha7bycj.cloudfront.net/product-image/file/large_287b2393-932f-465a-9b1e-bb35d6bab174.jpg,"
Giant Eagle,Kraft Mac & Cheese Easy Microwavable Dinner with Nickelodeon Paw Patrol Pasta Shapes,$6.29 ,,,4 x 1.9 oz,[],,"https://www.instacart.com/image-server/197x197/filters:fill(FFF,true):format(jpg)/d2lnr5mha7bycj.cloudfront.net/product-image/file/large_2b1e6533-fd1b-4e6b-b968-67b935b3bac1.jpg,"
Giant Eagle,Annie's White Cheddar Microwave Cheddar Mac and Cheese Cups,$8.39 ,,,8.04 oz,[],,"https://www.instacart.com/image-server/197x197/filters:fill(FFF,true):format(jpg)/d2lnr5mha7bycj.cloudfront.net/product-image/file/large_f95b0532-20b9-4e92-8f3a-28b87c05cee5.png,"
Giant Eagle,Kraft Deluxe Mac & Cheese Macaroni and Cheese Microwaveable Dinner,$6.29 ,,,4 x 2.39 oz,[],Many in stock,"https://www.instacart.com/image-server/197x197/filters:fill(FFF,true):format(jpg)/d2lnr5mha7bycj.cloudfront.net/product-image/file/large_a392c6ab-1d2e-434e-bbb4-a66d080d3382.jpg,"
Giant Eagle,Rice-A-Roni Cheddar Broccoli Rice Mix,$1.89 ,,,2.1 oz,[],Many in stock,"https://www.instacart.com/image-server/197x197/filters:fill(FFF,true):format(jpg)/d2lnr5mha7bycj.cloudfront.net/product-image/file/large_edab531e-2554-448d-8df4-9619a590398e.png,"
Giant Eagle,Goodles Cheddy Mac Creamy Mac & Cheese,$4.19 ,,,6 oz,[],Many in stock,"https://www.instacart.com/image-server/197x197/filters:fill(FFF,true):format(jpg)/d2lnr5mha7bycj.cloudfront.net/product-image/file/large_08e415db-f007-4d60-887e-d6377ae9ab55.png,"
Giant Eagle,Annie's Macaroni Classic Cheddar Organic Mac and Cheese Dinner with Organic Pasta,$5.29 ,,,6 oz,[],Many in stock,"https://www.instacart.com/image-server/197x197/filters:fill(FFF,true):format(jpg)/d2lnr5mha7bycj.cloudfront.net/product-image/file/large_62ebf26e-9cd8-47e8-bdc0-b65d293cb3fe.png,"
Giant Eagle,Kraft Triple Cheese Mac & Cheese Easy Microwavable Dinner,$6.29 ,,,4 x 2.05 oz,[],Many in stock,"https://www.instacart.com/image-server/197x197/filters:fill(FFF,true):format(jpg)/d2lnr5mha7bycj.cloudfront.net/product-image/file/large_f46e233c-420e-4999-9ebe-b427bb182539.jpg,"
Giant Eagle,Knorr Rice Sides Taco Rice,$1.59 ,,,5.4 oz,[],,"https://www.instacart.com/image-server/197x197/filters:fill(FFF,true):format(jpg)/d2lnr5mha7bycj.cloudfront.net/product-image/file/large_771b1fda-e780-4448-9230-03989cfc7ab3.png,"
Giant Eagle,Giant Eagle Original Cheddar Deluxe Mac & Cheese Dinner,$2.69 ,,,14 oz,[],Many in stock,"https://www.instacart.com/image-server/197x197/filters:fill(FFF,true):format(jpg)/d2lnr5mha7bycj.cloudfront.net/product-image/file/large_38551aab-0eb5-48ea-8b27-4eb0b64d5090.png,"
Giant Eagle,Knorr Rice Cup 3 Cheese Mushroom Risotto,$3.69 ,,,2.6 oz,[],,"https://www.instacart.com/image-server/197x197/filters:fill(FFF,true):format(jpg)/d2lnr5mha7bycj.cloudfront.net/product-image/file/large_1c2bcc7f-0149-4227-9bd1-0d5147315eed.png,"
Giant Eagle,"DeLallo Acini Di Pepe, No. 70",$2.89 ,,,16 oz,['Vegan'],,"https://www.instacart.com/image-server/197x197/filters:fill(FFF,true):format(jpg)/d2lnr5mha7bycj.cloudfront.net/product-image/file/large_fca6cdc7-cafd-47e2-b1e9-52399caa810a.png,"
Giant Eagle,Annie's Real Aged Cheddar Shells Macaroni and Cheese Dinner with Organic Pasta,$2.99 ,,,6 oz,[],Many in stock,"https://www.instacart.com/image-server/197x197/filters:fill(FFF,true):format(jpg)/d2lnr5mha7bycj.cloudfront.net/product-image/file/large_f5fa589a-36f4-4ed5-bd29-6e45e849a796.png,"
Giant Eagle,Kraft Mac & Cheese Macaroni and Cheese Dinner Nickelodeon Paw Patrol,$2.09 ,,,5.5 oz,[],,"https://www.instacart.com/image-server/197x197/filters:fill(FFF,true):format(jpg)/d2lnr5mha7bycj.cloudfront.net/product-image/file/large_87d5ce1d-54ec-4dd4-8d7b-8d40f1be5bd4.jpg,"
Giant Eagle,"Cheetos Mac 'N Cheese, Cheesy Bacon Flavor",$2.29 ,,,5.9 oz,[],Many in stock,"https://www.instacart.com/image-server/197x197/filters:fill(FFF,true):format(jpg)/d2lnr5mha7bycj.cloudfront.net/product-image/file/large_da44ce94-0c06-40e7-a934-aa9d81ab92a6.jpg,"
Giant Eagle,Knorr Pasta Sides Alfredo Fettuccine,$1.59 ,,,4.4 oz,[],,"https://www.instacart.com/image-server/197x197/filters:fill(FFF,true):format(jpg)/d2lnr5mha7bycj.cloudfront.net/product-image/file/large_712c95e7-d879-4ed7-9b8d-0349b1866c22.png,"
Giant Eagle,Ben's Original Cilantro Lime Flavored Rice Easy Dinner Side,$2.99 ,,,8.5 oz,[],,"https://www.instacart.com/image-server/197x197/filters:fill(FFF,true):format(jpg)/d2lnr5mha7bycj.cloudfront.net/product-image/file/large_00e58432-9fe3-47e2-b7a6-5fc78c249596.jpg,"
Giant Eagle,Knorr Rice Sides Herb & Butter Long Grain Rice And Vermicelli Pasta Blend,$1.59 ,,,5.4 oz,[],,"https://www.instacart.com/image-server/197x197/filters:fill(FFF,true):format(jpg)/d2lnr5mha7bycj.cloudfront.net/product-image/file/large_8c8eef70-bae5-4f09-b807-85fab9db4cc4.png,"
Giant Eagle,Pasta Roni Angle Hair Pasta,$2.19 ,,,4.8 oz,[],Many in stock,"https://www.instacart.com/image-server/197x197/filters:fill(FFF,true):format(jpg)/d2lnr5mha7bycj.cloudfront.net/product-image/file/large_df96a465-e23b-43f1-ac75-6142afc4d9ad.png,"
Giant Eagle,Knorr Rice Cup Fajita,$3.69 ,,,2.6 oz,[],Many in stock,"https://www.instacart.com/image-server/197x197/filters:fill(FFF,true):format(jpg)/d2lnr5mha7bycj.cloudfront.net/product-image/file/large_637d5ca2-449a-4278-b1cc-7399846c20ee.png,"
Giant Eagle,Kraft Stove Top Stuffing Mix for Turkey,$3.19 ,,,6 oz,[],Many in stock,"https://www.instacart.com/image-server/197x197/filters:fill(FFF,true):format(jpg)/d2lnr5mha7bycj.cloudfront.net/product-image/file/large_024401df-8188-4d5c-b4e7-767bc33a54fe.jpg,"
Giant Eagle,"Kraft Plant Based Mac & Cheese, White Cheddar",$3.69 ,,,6 oz,['Vegan'],Many in stock,"https://www.instacart.com/image-server/197x197/filters:fill(FFF,true):format(jpg)/d2lnr5mha7bycj.cloudfront.net/product-image/file/large_c2e25495-b512-4f6d-837e-1326f6bf6490.jpg,"
Giant Eagle,"Knorr Fried Rice, Chicken Flavored",$3.69 ,,,2.6 oz,[],,"https://www.instacart.com/image-server/197x197/filters:fill(FFF,true):format(jpg)/d2lnr5mha7bycj.cloudfront.net/product-image/file/large_9d3a5e3f-b87c-4053-8098-df03b810c825.png,"
Giant Eagle,VELVEETA Shells & Cheese Original Mac & Cheese Value Size Meal,$8.19 ,,,24 oz,[],Many in stock,"https://www.instacart.com/image-server/197x197/filters:fill(FFF,true):format(jpg)/d2lnr5mha7bycj.cloudfront.net/product-image/file/large_c547472f-2b6a-4d5d-8244-749bc7d4ccd3.jpg,"
Giant Eagle,Idahoan® Triple Cheese Shreds Cups,$3.69 ,,,3.14 oz,['Gluten-Free'],Many in stock,"https://www.instacart.com/image-server/197x197/filters:fill(FFF,true):format(jpg)/d2lnr5mha7bycj.cloudfront.net/product-image/file/large_143960db-57f4-4f2f-9746-7387eb6ca50e.png,"
Giant Eagle,Knorr Rice Sides Chicken Long Grain Rice And Vermicelli Pasta Blend,$1.59 ,,,5.6 oz,[],,"https://www.instacart.com/image-server/197x197/filters:fill(FFF,true):format(jpg)/d2lnr5mha7bycj.cloudfront.net/product-image/file/large_52312a8d-edb2-41d9-8e89-d0e1db6abe29.jpg,"
Giant Eagle,Idahoan® Roasted Garlic Mashed Potatoes,$1.89 ,,,4 oz,['Gluten-Free'],,"https://www.instacart.com/image-server/197x197/filters:fill(FFF,true):format(jpg)/d2lnr5mha7bycj.cloudfront.net/product-image/file/large_da43043f-b623-435d-bf23-5ebca4b80f76.jpg,"
Giant Eagle,Hamburger Helper Sweet BBQ Pasta & Sauce Mix,$2.89 ,,,5.7 oz,[],,"https://www.instacart.com/image-server/197x197/filters:fill(FFF,true):format(jpg)/d2lnr5mha7bycj.cloudfront.net/product-image/file/large_eaa541b2-8b28-437e-9e8c-7aa3780913df.png,"
Giant Eagle,Barilla Ready Pasta Fully Cooked Gemelli,$2.69 ,,,7 oz,[],,"https://www.instacart.com/image-server/197x197/filters:fill(FFF,true):format(jpg)/d2lnr5mha7bycj.cloudfront.net/product-image/file/large_95d48a4d-b516-4497-a14e-18a97c76ed4f.png,"
Giant Eagle,"JYOTI Natural Foods Channa Dal, with Zucchini",$3.99 ,,,10 oz,"['Gluten-Free', 'Vegan']",,"https://www.instacart.com/image-server/197x197/filters:fill(FFF,true):format(jpg)/d2lnr5mha7bycj.cloudfront.net/product-image/file/large_de9770eb-c7ae-4005-aa49-c838378d9a8b.png,"
Giant Eagle,"Old El Paso Hard & Soft Taco Dinner Kit, Family Size",$8.19 ,,,21.2 oz,[],,"https://www.instacart.com/image-server/197x197/filters:fill(FFF,true):format(jpg)/d2lnr5mha7bycj.cloudfront.net/product-image/file/large_87faebac-c6b4-46ac-812c-fd0d5acf77b1.png,"
Giant Eagle,"Cheetos Pasta with Flavored Sauce, Mac'N Cheese, Four Cheesy",$6.29 ,,,4 x 2.32 oz,[],,"https://www.instacart.com/image-server/197x197/filters:fill(FFF,true):format(jpg)/d2lnr5mha7bycj.cloudfront.net/product-image/file/large_dc6cf799-8c0b-4607-b594-7bb5c3b5e071.jpg,"
Giant Eagle,Annie's White Cheddar Shells Mac and Cheese Macaroni and Cheese Dinner,$2.99 ,,,6 oz,[],,"https://www.instacart.com/image-server/197x197/filters:fill(FFF,true):format(jpg)/d2lnr5mha7bycj.cloudfront.net/product-image/file/large_7ad36e7b-f639-4a18-b40e-44044d1d7108.png,"
Giant Eagle,VELVEETA Shells & Cheese Original Mac & Cheese Meal,$11.09 ,,,3 x 12 oz,[],Many in stock,"https://www.instacart.com/image-server/197x197/filters:fill(FFF,true):format(jpg)/d2lnr5mha7bycj.cloudfront.net/product-image/file/large_24121c95-dc74-49c2-b816-29d6943f6e16.jpg,"
Giant Eagle,"Pasta Roni Angel Hair, Parmesan Cheese Flavor",$2.19 ,,,5.1 oz,[],Many in stock,"https://www.instacart.com/image-server/197x197/filters:fill(FFF,true):format(jpg)/d2lnr5mha7bycj.cloudfront.net/product-image/file/large_151f8364-be79-497e-824e-b5fcb28b67d0.png,"
Giant Eagle,"Betty Crocker Tuna Helper, Cheesy Pasta",$2.89 ,,,5.3 oz,[],,"https://www.instacart.com/image-server/197x197/filters:fill(FFF,true):format(jpg)/d2lnr5mha7bycj.cloudfront.net/product-image/file/large_4befb13f-3d5b-483d-922f-7ceb0321971d.png,"
Giant Eagle,"Annie's Pasta, Gluten Free, Rice Pasta & Cheddar",$6.09 ,,,6 oz,['Gluten-Free'],,"https://www.instacart.com/image-server/197x197/filters:fill(FFF,true):format(jpg)/d2lnr5mha7bycj.cloudfront.net/product-image/file/large_9e5e4e8c-6a88-4ffe-b8e8-8b6f79950f93.png,"
Giant Eagle,VELVEETA Shells & Cheese Mac & Cheese with Broccoli Florets Meal,$4.29 ,,,9.4 oz,[],Many in stock,"https://www.instacart.com/image-server/197x197/filters:fill(FFF,true):format(jpg)/d2lnr5mha7bycj.cloudfront.net/product-image/file/large_d1f932ba-ab4c-426b-8986-9e1f76c1b28b.jpg,"
Giant Eagle,"Annie's Organic Mac & Cheese, Shells & White Cheddar",$5.29 ,,,6 oz,[],,"https://www.instacart.com/image-server/197x197/filters:fill(FFF,true):format(jpg)/d2lnr5mha7bycj.cloudfront.net/product-image/file/large_3d39bee8-b3c4-43fa-af78-388248ce3190.png,"
Giant Eagle,VELVEETA Shells & Cheese Queso Blanco Mac & Cheese Meal,$4.29 ,,,12 oz,[],Many in stock,"https://www.instacart.com/image-server/197x197/filters:fill(FFF,true):format(jpg)/d2lnr5mha7bycj.cloudfront.net/product-image/file/large_aefa4f87-1a19-4bc1-b0a2-729edd0bbf70.jpg,"
Giant Eagle,VELVEETA Shells & Cheese Mini Shell Mac & Cheese Meal,$4.29 ,,,10.1 oz,[],Many in stock,"https://www.instacart.com/image-server/197x197/filters:fill(FFF,true):format(jpg)/d2lnr5mha7bycj.cloudfront.net/product-image/file/large_0451a243-5c73-417f-a61d-d2828c2a328c.jpg,"
Giant Eagle,Cracker Barrel Sharp White Cheddar Mac & Cheese Dinner,$5.09 ,,,14 oz,[],,"https://www.instacart.com/image-server/197x197/filters:fill(FFF,true):format(jpg)/d2lnr5mha7bycj.cloudfront.net/product-image/file/large_621b81c2-2dfa-412e-b279-0984e9f1efc9.jpg,"
Giant Eagle,"Rice-A-Roni Rice, Chicken Flavor",$2.29 ,,,6.9 oz,[],,"https://www.instacart.com/image-server/197x197/filters:fill(FFF,true):format(jpg)/d2lnr5mha7bycj.cloudfront.net/product-image/file/large_b37eeb3b-8ff4-4c06-a914-cfa45d7747aa.png,"
Giant Eagle,Hamburger Helper Crunchy Taco,$2.89 ,,,7.6 oz,[],,"https://www.instacart.com/image-server/197x197/filters:fill(FFF,true):format(jpg)/d2lnr5mha7bycj.cloudfront.net/product-image/file/large_ece1923d-2f53-40ea-96fb-1e034a194078.png,"
Giant Eagle,Cracker Barrel Cheddar Havarti Mac & Cheese Dinner,$5.09 ,,,14 oz,[],,"https://www.instacart.com/image-server/197x197/filters:fill(FFF,true):format(jpg)/d2lnr5mha7bycj.cloudfront.net/product-image/file/large_8f1d55c1-9c3b-4b93-8278-aeeabb80427c.jpg,"
Giant Eagle,"Hamburger Helper Ranch & Bacon, Pasta & Sauce Mix",$2.89 ,,,5.9 oz,[],,"https://www.instacart.com/image-server/197x197/filters:fill(FFF,true):format(jpg)/d2lnr5mha7bycj.cloudfront.net/product-image/file/large_e9828e9e-e23c-4409-a805-1f82433783da.png,"
Giant Eagle,"Cheetos Mac'N Cheese, Bold & Cheesy Flavor",$2.19 ,,,2.32 oz,[],,"https://www.instacart.com/image-server/197x197/filters:fill(FFF,true):format(jpg)/d2lnr5mha7bycj.cloudfront.net/product-image/file/large_da1ac709-7126-428c-bf95-46a22c0a3e01.png,"
Giant Eagle,"Cheetos Mac 'N Cheese, Flamin Hot Flavor",$6.29 ,,,4 x 2.11 oz,[],Many in stock,"https://www.instacart.com/image-server/197x197/filters:fill(FFF,true):format(jpg)/d2lnr5mha7bycj.cloudfront.net/product-image/file/large_5f39a0dc-7aa7-4f11-8a8c-6463878c2bfe.jpg,"
Giant Eagle,Eagle Home Products Vitamin D Whole Milk,$3.19 ,,,1 gal,[],Many in stock,"https://www.instacart.com/image-server/197x197/filters:fill(FFF,true):format(jpg)/d2lnr5mha7bycj.cloudfront.net/product-image/file/large_b785ba29-aab0-4103-afc7-8b4a1a058086.png,"
Giant Eagle,Giant Eagle 2% Reduced Fat Milk,$1.59 ,,,1 qt,[],,"https://www.instacart.com/image-server/197x197/filters:fill(FFF,true):format(jpg)/d2lnr5mha7bycj.cloudfront.net/product-image/file/large_d483774e-318d-4187-b73e-0482bcda480d.png,"
Giant Eagle,Califia Farms Organic Unsweetened Almond Milk,$5.79 ,,,48 fl oz,"['Organic', 'Vegan']",,"https://www.instacart.com/image-server/197x197/filters:fill(FFF,true):format(jpg)/d2lnr5mha7bycj.cloudfront.net/product-image/file/large_48a5f7e4-3c8b-4817-8d25-f6580972dd8d.png,"
Giant Eagle,Giant Eagle Vitamin D Whole Milk,$1.59 ,,,32 fl oz,[],,"https://www.instacart.com/image-server/197x197/filters:fill(FFF,true):format(jpg)/d2lnr5mha7bycj.cloudfront.net/product-image/file/large_e19ce76e-63e0-478a-a0ca-705b6613dc8e.png,"
Giant Eagle,Giant Eagle 2% Reduced Fat Milk,$1.99 ,,,0.5 gal,[],Many in stock,"https://www.instacart.com/image-server/197x197/filters:fill(FFF,true):format(jpg)/d2lnr5mha7bycj.cloudfront.net/product-image/file/large_a7b6c335-b225-44e0-b1f0-1d4d3ab0544c.png,"
Giant Eagle,Giant Eagle Vitamin D Whole Milk,$1.99 ,,,0.5 gal,[],Many in stock,"https://www.instacart.com/image-server/197x197/filters:fill(FFF,true):format(jpg)/d2lnr5mha7bycj.cloudfront.net/product-image/file/large_ef635908-f939-43ec-a92b-c0094885424c.png,"
Giant Eagle,Silk Unsweet Coconutmilk,$4.99 ,,,64 fl oz,['Vegan'],Many in stock,"https://www.instacart.com/image-server/197x197/filters:fill(FFF,true):format(jpg)/d2lnr5mha7bycj.cloudfront.net/product-image/file/large_8f03fe1a-9f40-4a65-96fb-9aeb41854dd0.jpg,"
Giant Eagle,Nature's Basket Organic 2% Reduced Fat Milk,$4.59 ,,,0.5 gal,['Organic'],Many in stock,"https://www.instacart.com/image-server/197x197/filters:fill(FFF,true):format(jpg)/d2lnr5mha7bycj.cloudfront.net/product-image/file/large_6d896097-05fe-4df7-acfc-d95d896518b7.png,"
Giant Eagle,Giant Eagle 1% Low Fat Milk,$3.19 ,,,1 gal,[],Many in stock,"https://www.instacart.com/image-server/197x197/filters:fill(FFF,true):format(jpg)/d2lnr5mha7bycj.cloudfront.net/product-image/file/large_c2c0a60e-c1b3-4c9a-9759-eea737e704e2.png,"
Giant Eagle,Lactaid 2% Reduced Fat Milk,$6.89 ,,,96 fl oz,[],Many in stock,"https://www.instacart.com/image-server/197x197/filters:fill(FFF,true):format(jpg)/d2lnr5mha7bycj.cloudfront.net/product-image/file/large_9cb81af0-c793-426f-81d1-6f24ea9de584.jpg,"
Giant Eagle,Califia Farms Toasted Coconut Almondmilk,$5.59 ,,,48 fl oz,['Vegan'],,"https://www.instacart.com/image-server/197x197/filters:fill(FFF,true):format(jpg)/d2lnr5mha7bycj.cloudfront.net/product-image/file/large_b6bebdbd-c4b5-4c27-bb58-c9046150a66a.png,"
Giant Eagle,Giant Eagle Fat Free Skim Milk,$3.19 ,,,1 gal,[],Many in stock,"https://www.instacart.com/image-server/197x197/filters:fill(FFF,true):format(jpg)/d2lnr5mha7bycj.cloudfront.net/product-image/file/large_0c5422d9-2d8c-4f9e-9a63-488b366d2aa4.png,"
Giant Eagle,Giant Eagle Chocolate Vitamin D Whole Milk,$2.79 ,,,0.5 gal,[],Many in stock,"https://www.instacart.com/image-server/197x197/filters:fill(FFF,true):format(jpg)/d2lnr5mha7bycj.cloudfront.net/product-image/file/large_587bdce5-9893-4b29-be54-d5483e72e6cf.png,"
Giant Eagle,Giant Eagle Chocolate Whole Milk,$4.19 ,,,1 gal,[],,"https://www.instacart.com/image-server/197x197/filters:fill(FFF,true):format(jpg)/d2lnr5mha7bycj.cloudfront.net/product-image/file/large_5b1a488c-9346-4182-8f24-b020efef5b33.png,"
Giant Eagle,Califia Farms Unsweetened Almondmilk,$5.59 ,,,48 oz,['Vegan'],Many in stock,"https://www.instacart.com/image-server/197x197/filters:fill(FFF,true):format(jpg)/d2lnr5mha7bycj.cloudfront.net/product-image/file/large_287b8538-88ad-4ae2-8e0a-fdf7ebc60e52.png,"
Giant Eagle,Giant Eagle Chocolate Vitamin D Whole Milk,$1.79 ,,,32 fl oz,[],,"https://www.instacart.com/image-server/197x197/filters:fill(FFF,true):format(jpg)/d2lnr5mha7bycj.cloudfront.net/product-image/file/large_2197e288-1ee9-4da1-bcb5-d351cb9b02f3.png,"
Giant Eagle,Giant Eagle Vitamin A & D Lactose Free 2% Reduced Fat Milk,$4.59 ,,,64 fl oz,[],Many in stock,"https://www.instacart.com/image-server/197x197/filters:fill(FFF,true):format(jpg)/d2lnr5mha7bycj.cloudfront.net/product-image/file/large_f21f9aeb-a444-45c4-922e-79625bd5789a.png,"
Giant Eagle,"Chobani Oatmilk, Original",$5.09 ,,,52 fl oz,"['Vegan', 'Gluten-Free']",Many in stock,"https://www.instacart.com/image-server/197x197/filters:fill(FFF,true):format(jpg)/d2lnr5mha7bycj.cloudfront.net/product-image/file/large_47992c98-b673-46ce-8e58-f8ca5523601b.png,"
Giant Eagle,"fairlife Fat Free Ultra-Filtered Milk, Lactose Free",$5.79 ,,,52 fl oz,[],Many in stock,"https://www.instacart.com/image-server/197x197/filters:fill(FFF,true):format(jpg)/d2lnr5mha7bycj.cloudfront.net/product-image/file/large_2edaf243-a89c-4e1a-a376-e60cb1f3ab12.jpg,"
Giant Eagle,Nature's Basket Organic Whole Milk,$7.39 ,,,1 gal,['Organic'],,"https://www.instacart.com/image-server/197x197/filters:fill(FFF,true):format(jpg)/d2lnr5mha7bycj.cloudfront.net/product-image/file/large_0c068c56-03e9-4a2f-b236-ed71689ab8d5.png,"
Giant Eagle,Hartzler Family Dairy Chocolate Milk Mini,$3.49 ,,,12 oz,[],,"https://www.instacart.com/image-server/197x197/filters:fill(FFF,true):format(jpg)/d2lnr5mha7bycj.cloudfront.net/product-image/file/large_b72fe709-67a5-42d5-b503-6cdedad014c4.jpg,"
Giant Eagle,Bolthouse Farms Protein Plus® Chocolate,$4.79 ,,,15.2 fl oz,[],,"https://www.instacart.com/image-server/197x197/filters:fill(FFF,true):format(jpg)/d2lnr5mha7bycj.cloudfront.net/product-image/file/large_6a63ff69-b7d7-4e9d-9395-891ca5920c72.jpg,"
Giant Eagle,"Chobani Oatmilk, Extra Creamy",$5.09 ,,,52 fl oz,"['Vegan', 'Gluten-Free']",,"https://www.instacart.com/image-server/197x197/filters:fill(FFF,true):format(jpg)/d2lnr5mha7bycj.cloudfront.net/product-image/file/large_fe5b4e76-7e7a-4c2c-86e3-5032f9707b10.png,"
Giant Eagle,Promised Land Whole Milk Midnight Chocolate,$4.59 ,,,28 fl oz,[],,"https://www.instacart.com/image-server/197x197/filters:fill(FFF,true):format(jpg)/d2lnr5mha7bycj.cloudfront.net/product-image/file/large_af821c27-7428-4387-ba8d-d6dd2ddbdfde.png,"
Giant Eagle,"Promised Land Milk, Whole, Midnight Chocolate",$6.69 ,,,52 fl oz,[],,"https://www.instacart.com/image-server/197x197/filters:fill(FFF,true):format(jpg)/d2lnr5mha7bycj.cloudfront.net/product-image/file/large_5e133c1e-451e-407b-ab68-e9f1b687aef3.png,"
Giant Eagle,Califia Farms Organic Oat Milk,$5.79 ,,,48 fl oz,"['Organic', 'Vegan']",,"https://www.instacart.com/image-server/197x197/filters:fill(FFF,true):format(jpg)/d2lnr5mha7bycj.cloudfront.net/product-image/file/large_c50b61c6-73ab-4b1b-bf92-57e1b3035b11.png,"
Giant Eagle,Nature's Basket Unsweetened Original Plant-based Almondmilk,$2.89 ,,,0.5 gal,[],Many in stock,"https://www.instacart.com/image-server/197x197/filters:fill(FFF,true):format(jpg)/d2lnr5mha7bycj.cloudfront.net/product-image/file/large_2a65622f-fa82-4499-b8c6-9dfb19b6f215.png,"
Giant Eagle,Almond Breeze Unsweetened Vanilla Almondmilk,$5.29 ,,,96 fl oz,[],Many in stock,"https://www.instacart.com/image-server/197x197/filters:fill(FFF,true):format(jpg)/d2lnr5mha7bycj.cloudfront.net/product-image/file/large_4d61be6f-fb96-473c-998e-1afd30a3b947.jpg,"
Giant Eagle,Almond Breeze Unsweetened Original Almondmilk,$5.29 ,,,96 fl oz,[],Many in stock,"https://www.instacart.com/image-server/197x197/filters:fill(FFF,true):format(jpg)/d2lnr5mha7bycj.cloudfront.net/product-image/file/large_a8e8f3ba-08d7-43a2-8d0a-8d44001f2623.jpg,"
Giant Eagle,Organic Valley Whole Milk,$5.79 ,,,64 oz,"['Cow Milk', 'Organic']",Many in stock,"https://www.instacart.com/image-server/197x197/filters:fill(FFF,true):format(jpg)/d2lnr5mha7bycj.cloudfront.net/product-image/file/large_f7ba115a-3098-427a-a0da-9a0cf50d55e8.jpg,"
Giant Eagle,Nature's Basket Original Plant-based Almondmilk,$2.89 ,,,0.5 gal,[],Many in stock,"https://www.instacart.com/image-server/197x197/filters:fill(FFF,true):format(jpg)/d2lnr5mha7bycj.cloudfront.net/product-image/file/large_2aaabecd-cec9-4984-ba98-827db110b76c.png,"
Giant Eagle,Oatly Oatmilk,$6.29 ,,,64 fl oz,"['Vegan', 'Gluten-Free']",Many in stock,"https://www.instacart.com/image-server/197x197/filters:fill(FFF,true):format(jpg)/d2lnr5mha7bycj.cloudfront.net/product-image/file/large_6c62434d-e15f-40e5-915f-6beda6082e57.png,"
Giant Eagle,Organic Valley 2% Milk,$5.79 ,,,64 fl oz,"['Cow Milk', 'Organic']",Many in stock,"https://www.instacart.com/image-server/197x197/filters:fill(FFF,true):format(jpg)/d2lnr5mha7bycj.cloudfront.net/product-image/file/large_35525414-11ee-4baa-894b-fbadcb0a80b3.jpg,"
Giant Eagle,Oatly Full Fat Oatmilk,$6.29 ,,,64 fl oz,"['Vegan', 'Gluten-Free']",Many in stock,"https://www.instacart.com/image-server/197x197/filters:fill(FFF,true):format(jpg)/d2lnr5mha7bycj.cloudfront.net/product-image/file/large_b784a4be-f43c-464c-81d2-159b948a77ab.png,"
Giant Eagle,"fairlife Whole Ultra-Filtered Milk, Lactose Free",$5.79 ,,,52 fl oz,[],Many in stock,"https://www.instacart.com/image-server/197x197/filters:fill(FFF,true):format(jpg)/d2lnr5mha7bycj.cloudfront.net/product-image/file/large_2ed8f4a5-5d98-442c-8f8e-af8782c48dd4.jpg,"
Giant Eagle,Horizon Organic Lowfat Milk,$18.89 ,,,12 x 8 fl oz,['Organic'],,"https://www.instacart.com/image-server/197x197/filters:fill(FFF,true):format(jpg)/d2lnr5mha7bycj.cloudfront.net/product-image/file/large_cb854dc3-4299-45b1-8786-8c6ea6279d12.jpg,"
Giant Eagle,Almond Breeze Extra Creamy Almondmilk,$4.19 ,,,59 fl oz,['Vegan'],Many in stock,"https://www.instacart.com/image-server/197x197/filters:fill(FFF,true):format(jpg)/d2lnr5mha7bycj.cloudfront.net/product-image/file/large_a6efdc63-af3d-4351-ad15-f3e122e0c5f2.png,"
Giant Eagle,Almond Breeze Original Almondmilk,$4.19 ,,,64 oz,[],Many in stock,"https://www.instacart.com/image-server/197x197/filters:fill(FFF,true):format(jpg)/d2lnr5mha7bycj.cloudfront.net/product-image/file/large_cd5124d3-43b9-4291-bf9d-4ffb8f422533.jpg,"
Giant Eagle,Almond Breeze Vanilla Almondmilk,$5.29 ,,,96 fl oz,[],Many in stock,"https://www.instacart.com/image-server/197x197/filters:fill(FFF,true):format(jpg)/d2lnr5mha7bycj.cloudfront.net/product-image/file/large_5a7ba875-d2a1-4499-bc69-b829fb6c7e37.jpg,"
Giant Eagle,Almond Breeze Vanilla Almondmilk,$4.19 ,,,64 oz,[],Many in stock,"https://www.instacart.com/image-server/197x197/filters:fill(FFF,true):format(jpg)/d2lnr5mha7bycj.cloudfront.net/product-image/file/large_40914d89-ca5f-4582-a979-4643d1db92a7.jpg,"
Giant Eagle,Almond Breeze Shelf-Stable Unsweetened Vanilla Almondmilk,$6.09 ,,,0.5 gal,[],,"https://www.instacart.com/image-server/197x197/filters:fill(FFF,true):format(jpg)/d2lnr5mha7bycj.cloudfront.net/product-image/file/large_e09ade00-0523-4279-8dcf-a5479101a6f2.jpg,"
Giant Eagle,Almond Breeze Unsweetened Vanilla Almondmilk,$4.19 ,,,64 fl oz,[],Many in stock,"https://www.instacart.com/image-server/197x197/filters:fill(FFF,true):format(jpg)/d2lnr5mha7bycj.cloudfront.net/product-image/file/large_f31f967e-876a-40ec-a00a-a6463eb5e233.jpg,"
Giant Eagle,Planet Oat Original Oatmilk,$4.59 ,,,52 fl oz,"['Vegan', 'Gluten-Free']",Many in stock,"https://www.instacart.com/image-server/197x197/filters:fill(FFF,true):format(jpg)/d2lnr5mha7bycj.cloudfront.net/product-image/file/large_b261f8f4-ed76-477a-a6bf-7fb44f2e16d0.jpg,"
Giant Eagle,Giant Eagle Coconut Milk,$2.69 ,,,13.5 oz,[],,"https://www.instacart.com/image-server/197x197/filters:fill(FFF,true):format(jpg)/d2lnr5mha7bycj.cloudfront.net/product-image/file/large_86108283-4906-4821-8616-7582b576eafc.png,"
Giant Eagle,Almond Breeze Chocolate Shelf-Stable Almondmilk,$3.69 ,,,32 oz,[],,"https://www.instacart.com/image-server/197x197/filters:fill(FFF,true):format(jpg)/d2lnr5mha7bycj.cloudfront.net/product-image/file/large_f38a25ae-6402-4bbf-8b38-222e86b7a81e.jpg,"
Giant Eagle,Almond Breeze Unsweetened Chocolate Almondmilk,$3.69 ,,,32 oz,[],,"https://www.instacart.com/image-server/197x197/filters:fill(FFF,true):format(jpg)/d2lnr5mha7bycj.cloudfront.net/product-image/file/large_10c57c94-b7ae-4e19-9151-7f6ec42b4730.jpg,"
Giant Eagle,Almond Breeze Unsweetened Vanilla Shelf-Stable Almondmilk,$3.69 ,,,32 oz,[],,"https://www.instacart.com/image-server/197x197/filters:fill(FFF,true):format(jpg)/d2lnr5mha7bycj.cloudfront.net/product-image/file/large_8b6440ac-9c34-4f68-9b8b-231336545d6e.jpg,"
Giant Eagle,Almond Breeze Vanilla Shelf-Stable Almondmilk,$3.69 ,,,32 fl oz,[],,"https://www.instacart.com/image-server/197x197/filters:fill(FFF,true):format(jpg)/d2lnr5mha7bycj.cloudfront.net/product-image/file/large_a5e9809a-c9ba-4c06-bda1-3352a3eabbbf.jpg,"
Giant Eagle,Lactaid Chocolate Whole Milk,$4.79 ,,,64 oz,[],,"https://www.instacart.com/image-server/197x197/filters:fill(FFF,true):format(jpg)/d2lnr5mha7bycj.cloudfront.net/product-image/file/large_c30c3915-a52f-47a0-930c-2f1a52984fa9.jpg,"
Giant Eagle,Almond Breeze Chocolate Almondmilk,$4.19 ,,,0.5 gal,[],Many in stock,"https://www.instacart.com/image-server/197x197/filters:fill(FFF,true):format(jpg)/d2lnr5mha7bycj.cloudfront.net/product-image/file/large_db5355de-31e6-4228-a242-34e02f54499d.jpg,"
Giant Eagle,Lactaid 2% Reduced Fat Milk,$4.79 ,,,64 fl oz,[],Many in stock,"https://www.instacart.com/image-server/197x197/filters:fill(FFF,true):format(jpg)/d2lnr5mha7bycj.cloudfront.net/product-image/file/large_a40d8a51-0ef3-4d4f-abb0-b24bd220ab23.jpg,"
Giant Eagle,Planet Oat Extra Creamy Original Oatmilk,$4.59 ,,,52 fl oz,"['Vegan', 'Gluten-Free']",Many in stock,"https://www.instacart.com/image-server/197x197/filters:fill(FFF,true):format(jpg)/d2lnr5mha7bycj.cloudfront.net/product-image/file/large_dfb9e1b3-ce9b-4768-8236-722662b57899.jpg,"
Giant Eagle,Lactaid Whole Milk,$6.89 ,,,96 fl oz,[],Many in stock,"https://www.instacart.com/image-server/197x197/filters:fill(FFF,true):format(jpg)/d2lnr5mha7bycj.cloudfront.net/product-image/file/large_76eae8a2-8175-4c1e-9141-34afe3482403.jpg,"
Giant Eagle,"Spice World Garlic, Minced",$2.99 ,,,4.5 oz container,['Vegan'],,"https://www.instacart.com/image-server/197x197/filters:fill(FFF,true):format(jpg)/d2lnr5mha7bycj.cloudfront.net/product-image/file/large_4b33be64-0dd1-47fa-b72d-93502d51d9ea.png,"
Giant Eagle,Hidden Valley Ranch Salad Dressing,$5.09 ,,,16 fl oz,[],Many in stock,"https://www.instacart.com/image-server/197x197/filters:fill(FFF,true):format(jpg)/d2lnr5mha7bycj.cloudfront.net/product-image/file/large_873bdc5e-230d-44a4-a2e1-18645b61cfbd.jpg,"
Giant Eagle,Cholula® Original Hot Sauce,$5.79 ,,,5 fl oz,['Vegan'],,"https://www.instacart.com/image-server/197x197/filters:fill(FFF,true):format(jpg)/d2lnr5mha7bycj.cloudfront.net/product-image/file/large_c829803c-6b19-4a7f-acf8-d2bd434336d6.jpg,"
Giant Eagle,Hellmann's Mayonnaise Real Mayo,$7.39 ,,,30 oz,[],Many in stock,"https://www.instacart.com/image-server/197x197/filters:fill(FFF,true):format(jpg)/d2lnr5mha7bycj.cloudfront.net/product-image/file/large_ec2d5814-c4a5-4e65-9f31-0f1914ae1107.png,"
Giant Eagle,Giant Eagle Mayo Real Mayonnaise,$4.19 ,,,30 fl oz,[],Many in stock,"https://www.instacart.com/image-server/197x197/filters:fill(FFF,true):format(jpg)/d2lnr5mha7bycj.cloudfront.net/product-image/file/large_854faffe-0c8a-435a-9b24-e24d71f60864.png,"
Giant Eagle,Heinz Tomato Ketchup,$3.99 ,,,14 oz,[],Many in stock,"https://www.instacart.com/image-server/197x197/filters:fill(FFF,true):format(jpg)/d2lnr5mha7bycj.cloudfront.net/product-image/file/large_cdb6cdca-06c2-4c25-9512-a8a868b1ecd6.jpg,"
Giant Eagle,Carbone Marinara Pasta Sauce,$10.49 ,,,24 oz,['Vegan'],,"https://www.instacart.com/image-server/197x197/filters:fill(FFF,true):format(jpg)/d2lnr5mha7bycj.cloudfront.net/product-image/file/large_cc49c16b-2d35-4b29-854d-7bea9f841af6.png,"
Giant Eagle,Heinz Tomato Ketchup,$6.29 ,,,38 oz,[],Many in stock,"https://www.instacart.com/image-server/197x197/filters:fill(FFF,true):format(jpg)/d2lnr5mha7bycj.cloudfront.net/product-image/file/large_f0f5035f-d727-46c5-a3e3-921db53e02c5.jpg,"
Giant Eagle,Hellmann's Real Mayonnaise Real Mayo Squeeze Bottle,$7.39 ,,,20 oz,[],Many in stock,"https://www.instacart.com/image-server/197x197/filters:fill(FFF,true):format(jpg)/d2lnr5mha7bycj.cloudfront.net/product-image/file/large_540f3e11-4766-4cce-b009-eda6fb9e4b34.png,"
Giant Eagle,Giant Eagle Sauerkraut,$2.09 ,,,27 oz,['Vegan'],Many in stock,"https://www.instacart.com/image-server/197x197/filters:fill(FFF,true):format(jpg)/d2lnr5mha7bycj.cloudfront.net/product-image/file/large_d6325fe8-1d26-43d3-a1aa-aafad2da667a.png,"
Giant Eagle,Maille Pickles Cornichons Original,$8.89 ,,,14 fl oz,[],,"https://www.instacart.com/image-server/197x197/filters:fill(FFF,true):format(jpg)/d2lnr5mha7bycj.cloudfront.net/product-image/file/large_a23efb29-87cb-4020-947a-ed787f7851bb.png,"
Giant Eagle,Giant Eagle Tomato Ketchup,$2.69 ,,,32 oz,[],Many in stock,"https://www.instacart.com/image-server/197x197/filters:fill(FFF,true):format(jpg)/d2lnr5mha7bycj.cloudfront.net/product-image/file/large_f3c72ad1-5027-41fe-9e5b-63dc386be5ad.png,"
Giant Eagle,"Duke's Mayonnaise, Real, Smooth & Creamy",$5.89 ,,,30 fl oz,[],Many in stock,"https://www.instacart.com/image-server/197x197/filters:fill(FFF,true):format(jpg)/d2lnr5mha7bycj.cloudfront.net/product-image/file/large_9af969bd-5a29-4329-8c4a-c25433fae97d.png,"
Giant Eagle,Prego Roasted Garlic & Herb Pasta Sauce,$2.89 ,,,24 oz,['Gluten-Free'],,"https://www.instacart.com/image-server/197x197/filters:fill(FFF,true):format(jpg)/d2lnr5mha7bycj.cloudfront.net/product-image/file/large_9ea22a33-52db-4679-bbaa-e716b07f0526.jpg,"
Giant Eagle,Rana Refrigerated Alfredo Sauce,$6.29 ,,,11 oz,[],,"https://www.instacart.com/image-server/197x197/filters:fill(FFF,true):format(jpg)/d2lnr5mha7bycj.cloudfront.net/product-image/file/large_2a3554ca-ce97-4e57-a5a4-a59e9e7cda61.png,"
Giant Eagle,Classico Four Cheese Tomato Spaghetti Pasta Sauce,$4.29 ,,,24 oz,['Gluten-Free'],Many in stock,"https://www.instacart.com/image-server/197x197/filters:fill(FFF,true):format(jpg)/d2lnr5mha7bycj.cloudfront.net/product-image/file/large_fb2a2c35-65c6-4a56-9275-bce5074e1c93.jpg,"
Giant Eagle,Hellmann's Real Mayonnaise Real Mayo,$3.99 ,,,8 oz,[],Many in stock,"https://www.instacart.com/image-server/197x197/filters:fill(FFF,true):format(jpg)/d2lnr5mha7bycj.cloudfront.net/product-image/file/large_b88216c3-0615-4f46-a577-f617b692293a.png,"
Giant Eagle,Hidden Valley Original Ranch Salad Dressing & Topping,$6.69 ,,,24 fl oz,[],,"https://www.instacart.com/image-server/197x197/filters:fill(FFF,true):format(jpg)/d2lnr5mha7bycj.cloudfront.net/product-image/file/large_7837e04b-3fd8-42e3-adc4-ce0a7f9dfb1e.jpg,"
Giant Eagle,Giovanni Rana Basil Pesto,$6.29 ,,,7 oz,[],,"https://www.instacart.com/image-server/197x197/filters:fill(FFF,true):format(jpg)/d2lnr5mha7bycj.cloudfront.net/product-image/file/large_63bdf9e8-c2ff-4860-a532-7e6ab1eab5e2.png,"
Giant Eagle,Hidden Valley Original Ranch Salad Dressing & Topping,$4.19 ,,,8 fl oz,[],Many in stock,"https://www.instacart.com/image-server/197x197/filters:fill(FFF,true):format(jpg)/d2lnr5mha7bycj.cloudfront.net/product-image/file/large_df5a09a5-4247-45e2-ab6f-abb0f68a9a40.jpg,"
Giant Eagle,Heinz Roasted Turkey Gravy,$3.19 ,,,12 oz,[],Many in stock,"https://www.instacart.com/image-server/197x197/filters:fill(FFF,true):format(jpg)/d2lnr5mha7bycj.cloudfront.net/product-image/file/large_c90f8679-440d-4809-9bd7-e2df1607dd25.jpg,"
Giant Eagle,Giant Eagle Roasted Garlic Pasta Sauce,$1.69 ,,,24 oz,[],Many in stock,"https://www.instacart.com/image-server/197x197/filters:fill(FFF,true):format(jpg)/d2lnr5mha7bycj.cloudfront.net/product-image/file/large_5f3c17bd-45cd-41ca-91b6-05efc0f43847.png,"
Giant Eagle,"TRUFF Hot Sauce, Black Truffle Infused Gourmet Hot Sauce",$17.89 ,,,6 oz,"['Gluten-Free', 'Vegan']",,"https://www.instacart.com/image-server/197x197/filters:fill(FFF,true):format(jpg)/d2lnr5mha7bycj.cloudfront.net/product-image/file/large_19e9975f-9313-4b37-998f-99f5e56b89aa.jpg,"
Giant Eagle,Prego Traditional Pasta Sauce,$2.89 ,,,24 oz,['Gluten-Free'],,"https://www.instacart.com/image-server/197x197/filters:fill(FFF,true):format(jpg)/d2lnr5mha7bycj.cloudfront.net/product-image/file/large_f72c9476-f827-415d-ba7c-b66289d63fa7.jpg,"
Giant Eagle,Classico Tomato & Basil Pasta Sauce,$4.29 ,,,24 oz,[],Many in stock,"https://www.instacart.com/image-server/197x197/filters:fill(FFF,true):format(jpg)/d2lnr5mha7bycj.cloudfront.net/product-image/file/large_cf7e7f53-45c7-4fd8-b6c4-10b97b9dfde6.jpg,"
Giant Eagle,Hidden Valley Easy Squeeze Original Ranch Salad Dressing & Topping,$6.69 ,,,20 fl oz,[],Many in stock,"https://www.instacart.com/image-server/197x197/filters:fill(FFF,true):format(jpg)/d2lnr5mha7bycj.cloudfront.net/product-image/file/large_edb3dae1-d3cb-41e9-a8a0-ea313d3c1743.jpg,"
Giant Eagle,Lillie's Q Smoky Barbeque Sauce,$8.79 ,,,20 oz,['Gluten-Free'],,"https://www.instacart.com/image-server/197x197/filters:fill(FFF,true):format(jpg)/d2lnr5mha7bycj.cloudfront.net/product-image/file/large_85dd5afe-311e-435a-9732-0ca8b6ba3e09.png,"
Giant Eagle,Wish-Bone Italian Salad Dressing,$3.09 ,,,15 oz,[],Many in stock,"https://www.instacart.com/image-server/197x197/filters:fill(FFF,true):format(jpg)/d2lnr5mha7bycj.cloudfront.net/product-image/file/large_140435e7-906a-4e76-b581-ba329a19166f.jpg,"
Giant Eagle,"Duke's Mayonnaise, Real, Smooth & Creamy",$5.79 ,,,18 oz,[],Many in stock,"https://www.instacart.com/image-server/197x197/filters:fill(FFF,true):format(jpg)/d2lnr5mha7bycj.cloudfront.net/product-image/file/large_98dcf42a-eb54-4d72-b199-9938d76fe154.png,"
Giant Eagle,Ragu Kettle Cooked Roasted Garlic Pasta Sauce,$3.19 ,,,24 oz,['Vegan'],Many in stock,"https://www.instacart.com/image-server/197x197/filters:fill(FFF,true):format(jpg)/d2lnr5mha7bycj.cloudfront.net/product-image/file/large_c8d120c6-5d95-4e97-9bed-19bf8657c06e.jpg,"
Giant Eagle,Follow Your Heart Original Vegenaise,$9.49 ,,,16 fl oz,['Vegan'],,"https://www.instacart.com/image-server/197x197/filters:fill(FFF,true):format(jpg)/d2lnr5mha7bycj.cloudfront.net/product-image/file/large_1086c349-6643-4269-b4bc-0069fd29810e.jpg,"
Giant Eagle,Ragu Kettle Cooked Tomato Basil Pasta Sauce,$3.19 ,,,24 oz,['Vegan'],Many in stock,"https://www.instacart.com/image-server/197x197/filters:fill(FFF,true):format(jpg)/d2lnr5mha7bycj.cloudfront.net/product-image/file/large_dd8701c7-e9fb-4204-9c42-4f3a8516af42.jpg,"
Giant Eagle,Vlasic Old Fashioned Sauerkraut,$3.39 ,,,32 oz,[],,"https://www.instacart.com/image-server/197x197/filters:fill(FFF,true):format(jpg)/d2lnr5mha7bycj.cloudfront.net/product-image/file/large_b753d910-22e4-4c8e-ba42-72e804009e1e.jpg,"
Giant Eagle,Hidden Valley Buttermilk Ranch Topping And Dressing,$6.69 ,,,24 fl oz,[],Many in stock,"https://www.instacart.com/image-server/197x197/filters:fill(FFF,true):format(jpg)/d2lnr5mha7bycj.cloudfront.net/product-image/file/large_e92c2557-2dc9-420b-8d2f-74d2772ed05e.jpg,"
Giant Eagle,"Kraft Real Mayo Creamy & Smooth Mayonnaise, Squeeze Bottle",$5.79 ,,,12 fl oz,[],Many in stock,"https://www.instacart.com/image-server/197x197/filters:fill(FFF,true):format(jpg)/d2lnr5mha7bycj.cloudfront.net/product-image/file/large_c05925e2-ab4b-48ed-a371-877f5c4c51cc.jpg,"
Giant Eagle,Pace Mild Nacho Cheese Sauce,$2.09 ,,,10.5 oz,[],,"https://www.instacart.com/image-server/197x197/filters:fill(FFF,true):format(jpg)/d2lnr5mha7bycj.cloudfront.net/product-image/file/large_a89d3052-46ff-4c95-b1c1-47de0d2bde46.jpg,"
Giant Eagle,Lea & Perrins The Original Worcestershire Sauce,$5.59 ,,,10 fl oz,['Gluten-Free'],,"https://www.instacart.com/image-server/197x197/filters:fill(FFF,true):format(jpg)/d2lnr5mha7bycj.cloudfront.net/product-image/file/large_95ef591d-28fb-4c8e-924e-dd9b2bb170e4.jpg,"
Giant Eagle,Hidden Valley The Original Ranch Vegan Plant Powered Dairy Free Ranch Dressing,$5.09 ,,,12 fl oz,[],Many in stock,"https://www.instacart.com/image-server/197x197/filters:fill(FFF,true):format(jpg)/d2lnr5mha7bycj.cloudfront.net/product-image/file/large_acdb39ab-4ab9-45fe-8561-02a1a0257477.jpg,"
Giant Eagle,Hellmann's Vegan Dressing and Spread Vegan,$5.59 ,,,11.5 fl oz,['Vegan'],,"https://www.instacart.com/image-server/197x197/filters:fill(FFF,true):format(jpg)/d2lnr5mha7bycj.cloudfront.net/product-image/file/large_eb69e38e-f44c-4725-8500-8e31b092742d.png,"
Giant Eagle,Classico Roasted Garlic & Tomato Spaghetti Pasta Sauce,$4.29 ,,,24 oz,"['Gluten-Free', 'Vegan']",Many in stock,"https://www.instacart.com/image-server/197x197/filters:fill(FFF,true):format(jpg)/d2lnr5mha7bycj.cloudfront.net/product-image/file/large_6a741d66-d7b1-4ad9-987a-da7a2c0d9648.jpg,"
Giant Eagle,Kraft Zesty Italian Salad Dressing,$4.19 ,,,16 fl oz,[],,"https://www.instacart.com/image-server/197x197/filters:fill(FFF,true):format(jpg)/d2lnr5mha7bycj.cloudfront.net/product-image/file/large_572512f8-d710-45e7-8e61-7002ff24b24e.jpg,"
Giant Eagle,Hidden Valley Original Ranch Salad Dressing & Topping,$9.29 ,,,36 fl oz,[],Many in stock,"https://www.instacart.com/image-server/197x197/filters:fill(FFF,true):format(jpg)/d2lnr5mha7bycj.cloudfront.net/product-image/file/large_3470785c-d098-4d34-917c-55f406c248bd.jpg,"
Giant Eagle,Kraft Zesty Italian Fat Free Salad Dressing,$4.19 ,,,16 fl oz,[],Many in stock,"https://www.instacart.com/image-server/197x197/filters:fill(FFF,true):format(jpg)/d2lnr5mha7bycj.cloudfront.net/product-image/file/large_cd80666b-a239-4bdf-8d6c-ebfdd3028fa1.jpg,"
Giant Eagle,"Hidden Valley Secret Sauce, Original",$5.39 ,,,12 fl oz,[],Many in stock,"https://www.instacart.com/image-server/197x197/filters:fill(FFF,true):format(jpg)/d2lnr5mha7bycj.cloudfront.net/product-image/file/large_06980278-89a0-46c0-8beb-bae7445b3675.jpg,"
Giant Eagle,Bertolli Alfredo Sauce,$6.29 ,,,16.9 oz,[],Many in stock,"https://www.instacart.com/image-server/197x197/filters:fill(FFF,true):format(jpg)/d2lnr5mha7bycj.cloudfront.net/product-image/file/large_05997e7b-6a70-41e8-a36a-0332e065cf50.jpg,"
Giant Eagle,Hidden Valley Buttermilk Ranch Topping And Dressing,$5.09 ,,,16 fl oz,[],Many in stock,"https://www.instacart.com/image-server/197x197/filters:fill(FFF,true):format(jpg)/d2lnr5mha7bycj.cloudfront.net/product-image/file/large_5bf89d8d-d112-4e6d-b717-6d0fa6b63d30.jpg,"
Giant Eagle,"Melinda's Pepper Sauce, Original Habanero, Xxxtra Hot",$4.79 ,,,5 fl oz,"['Gluten-Free', 'Vegan']",,"https://www.instacart.com/image-server/197x197/filters:fill(FFF,true):format(jpg)/d2lnr5mha7bycj.cloudfront.net/product-image/file/large_dafbbfca-3891-4570-a9a4-30c89992709f.png,"
Giant Eagle,Hidden Valley Original Ranch Light Salad Dressing & Topping,$6.69 ,,,24 fl oz,[],Many in stock,"https://www.instacart.com/image-server/197x197/filters:fill(FFF,true):format(jpg)/d2lnr5mha7bycj.cloudfront.net/product-image/file/large_f8d0c490-77d7-4f69-b3f0-86c688b5e1d6.jpg,"
Giant Eagle,Hidden Valley Original Ranch® Fat Free Salad Dressing & Topping,$5.09 ,,,16 fl oz,[],,"https://www.instacart.com/image-server/197x197/filters:fill(FFF,true):format(jpg)/d2lnr5mha7bycj.cloudfront.net/product-image/file/large_400452e1-0ccf-4b02-9a37-60c5c5ed056d.jpg,"
Giant Eagle,"Kikkoman Soy Sauce, All‑Purpose",$3.89 ,,,10 fl oz,['Vegan'],,"https://www.instacart.com/image-server/197x197/filters:fill(FFF,true):format(jpg)/d2lnr5mha7bycj.cloudfront.net/product-image/file/large_231aa596-2446-4db6-8bfe-8e1a3bed80a6.png,"
Giant Eagle,On The Border Monterey Jack Queso,$5.29 ,,,15.5 oz,[],,"https://www.instacart.com/image-server/197x197/filters:fill(FFF,true):format(jpg)/d2lnr5mha7bycj.cloudfront.net/product-image/file/large_4b76e326-5116-45b6-990d-d4117dfd20bf.png,"
Giant Eagle,Bertolli Four Cheese Alfredo Sauce,$6.29 ,,,16.9 oz,[],,"https://www.instacart.com/image-server/197x197/filters:fill(FFF,true):format(jpg)/d2lnr5mha7bycj.cloudfront.net/product-image/file/large_50b49bc7-cc27-47dc-bcc8-e8bbdfeb23bd.jpg,"
Giant Eagle,Kraft Real Mayo Creamy & Smooth Mayonnaise,$7.19 ,,,30 fl oz,[],Many in stock,"https://www.instacart.com/image-server/197x197/filters:fill(FFF,true):format(jpg)/d2lnr5mha7bycj.cloudfront.net/product-image/file/large_5b59d7b2-8bcc-4c6c-bb6e-06f692335ac7.jpg,"
Giant Eagle,Kraft Raspberry Vinaigrette Lite Salad Dressing,$4.19 ,,,16 fl oz,[],Many in stock,"https://www.instacart.com/image-server/197x197/filters:fill(FFF,true):format(jpg)/d2lnr5mha7bycj.cloudfront.net/product-image/file/large_fe880f47-7cbc-4a97-a836-7712b1d93312.jpg,"
Giant Eagle,Mother-in-Law's Gochujang Chile Paste,$10.19 ,,,10 oz,['Vegan'],Many in stock,"https://www.instacart.com/image-server/197x197/filters:fill(FFF,true):format(jpg)/d2lnr5mha7bycj.cloudfront.net/product-image/file/large_a533f177-3c09-4774-b8bf-678527b6a6d3.jpg,"
Giant Eagle,Cholula Original Hot Sauce,$10.49 ,,,12 fl oz,[],Many in stock,"https://www.instacart.com/image-server/197x197/filters:fill(FFF,true):format(jpg)/d2lnr5mha7bycj.cloudfront.net/product-image/file/large_a97ac073-1868-478e-9eb5-4b8c9b201998.jpg,"
Giant Eagle,"Kraft Real Mayo Creamy & Smooth Mayonnaise, Squeeze Bottle",$7.59 ,,,22 fl oz,[],Many in stock,"https://www.instacart.com/image-server/197x197/filters:fill(FFF,true):format(jpg)/d2lnr5mha7bycj.cloudfront.net/product-image/file/large_e68031d4-86cf-45eb-8c3a-972d1fa19ce0.jpg,"
Giant Eagle,Maille Mustard Dijon Originale,$7.39 ,,,7.5 oz,['Vegan'],Many in stock,"https://www.instacart.com/image-server/197x197/filters:fill(FFF,true):format(jpg)/d2lnr5mha7bycj.cloudfront.net/product-image/file/large_9e5a3bf0-22c3-4f46-bf0f-478998ad3293.jpg,"
Giant Eagle,Cleveland Kitchen Vegan Classic Kimchi,$6.29 ,,,16 oz,['Vegan'],,"https://www.instacart.com/image-server/197x197/filters:fill(FFF,true):format(jpg)/d2lnr5mha7bycj.cloudfront.net/product-image/file/large_4ea2d57d-eb10-4f4b-bd8d-e6b1d98fd4d6.jpg,"
Giant Eagle,On The Border Medium Salsa,$4.19 ,,,16 oz,[],,"https://www.instacart.com/image-server/197x197/filters:fill(FFF,true):format(jpg)/d2lnr5mha7bycj.cloudfront.net/product-image/file/large_2e5eed52-60ea-4519-8b11-be235c1b916d.png,"
Giant Eagle,"Tostitos Salsa Con Queso, Medium",$5.39 ,,,15 oz,[],Many in stock,"https://www.instacart.com/image-server/197x197/filters:fill(FFF,true):format(jpg)/d2lnr5mha7bycj.cloudfront.net/product-image/file/large_d91aa032-b7a6-4a8f-89dc-5ae529b2baaf.png,"
Giant Eagle,Cholula Chipotle Hot Sauce,$5.79 ,,,5 fl oz,[],Many in stock,"https://www.instacart.com/image-server/197x197/filters:fill(FFF,true):format(jpg)/d2lnr5mha7bycj.cloudfront.net/product-image/file/large_790900db-25df-4ae1-946c-a7ebe06d9254.jpg,"
Giant Eagle,Heinz 100% Natural Yellow Mustard,$3.69 ,,,20 oz,[],Many in stock,"https://www.instacart.com/image-server/197x197/filters:fill(FFF,true):format(jpg)/d2lnr5mha7bycj.cloudfront.net/product-image/file/large_1b0d89e9-d3ba-4b22-a534-0bcab07e01e5.jpg,"
Giant Eagle,Heinz Country-Style Sausage Gravy,$3.19 ,,,12 oz,[],Many in stock,"https://www.instacart.com/image-server/197x197/filters:fill(FFF,true):format(jpg)/d2lnr5mha7bycj.cloudfront.net/product-image/file/large_09f28851-b838-48d2-91b7-bdf5671b737f.jpg,"
Giant Eagle,"Botticelli Pasta Sauce, Premium, Roasted Garlic",$9.19 ,,,24 oz,['Gluten-Free'],,"https://www.instacart.com/image-server/197x197/filters:fill(FFF,true):format(jpg)/d2lnr5mha7bycj.cloudfront.net/product-image/file/large_9243d66e-8f27-4908-ada7-4fc1146e0d41.png,"
Giant Eagle,Cholula® Chili Garlic Hot Sauce,$5.79 ,,,5 fl oz,[],Many in stock,"https://www.instacart.com/image-server/197x197/filters:fill(FFF,true):format(jpg)/d2lnr5mha7bycj.cloudfront.net/product-image/file/large_9e054721-ad80-4907-8c5b-c9bae404d9dc.jpg,"
Giant Eagle,"Botticelli Pasta Sauce, Premium, Tomato & Basil",$9.19 ,,,24 oz,['Gluten-Free'],,"https://www.instacart.com/image-server/197x197/filters:fill(FFF,true):format(jpg)/d2lnr5mha7bycj.cloudfront.net/product-image/file/large_2795a480-3080-4869-a54f-be54c373105a.png,"
Giant Eagle,"Tostitos Chunky Salsa, Mild",$4.29 ,,,15.5 oz,[],,"https://www.instacart.com/image-server/197x197/filters:fill(FFF,true):format(jpg)/d2lnr5mha7bycj.cloudfront.net/product-image/file/large_fe08fa3b-90f9-4bed-8059-9c523698e54f.png,"
Giant Eagle,"Marzetti Dressing, Honey French",$5.29 ,,,13 oz,[],,"https://www.instacart.com/image-server/197x197/filters:fill(FFF,true):format(jpg)/d2lnr5mha7bycj.cloudfront.net/product-image/file/large_770b4e00-e6a8-411a-8f4c-b8c7ac5c2ebd.png,"
Giant Eagle,"Schwebel's Bread, Italian, Taliano, Sliced",$4.19 ,,,18 oz,[],Many in stock,"https://www.instacart.com/image-server/197x197/filters:fill(FFF,true):format(jpg)/d2lnr5mha7bycj.cloudfront.net/product-image/file/large_e4320d15-a92d-4141-8747-fed04f7f3d83.png,"
Giant Eagle,"Wonder Bread Bread, Classic White",$3.99 ,,,20 oz,[],Many in stock,"https://www.instacart.com/image-server/197x197/filters:fill(FFF,true):format(jpg)/d2lnr5mha7bycj.cloudfront.net/product-image/file/large_5096a078-a20c-405e-90ca-6fd67c456694.png,"
Giant Eagle,"Canyon Bakehouse Country White Gluten Free Sandwich Bread, Fresh",$8.39 ,,,15 oz,['Gluten-Free'],,"https://www.instacart.com/image-server/197x197/filters:fill(FFF,true):format(jpg)/d2lnr5mha7bycj.cloudfront.net/product-image/file/large_bcc94bca-96f4-4231-99a6-0e92ac3633a0.png,"
Giant Eagle,"Nature's Own Butterbread, Sliced White Bread, 20 oz Loaf",$4.59 ,,,20 oz,[],Many in stock,"https://www.instacart.com/image-server/197x197/filters:fill(FFF,true):format(jpg)/d2lnr5mha7bycj.cloudfront.net/product-image/file/large_cf876f3b-9113-4e92-944c-cdcc5c826788.png,"
Giant Eagle,Giant Eagle Split Top Wheat Bread,$2.09 ,,,20 oz,[],Many in stock,"https://www.instacart.com/image-server/197x197/filters:fill(FFF,true):format(jpg)/d2lnr5mha7bycj.cloudfront.net/product-image/file/large_cc68a810-146d-4911-8703-9962b26a5e94.png,"
Giant Eagle,"Schwebel's Bread, Enriched, Giant",$4.19 ,,,22 oz,[],Many in stock,"https://www.instacart.com/image-server/197x197/filters:fill(FFF,true):format(jpg)/d2lnr5mha7bycj.cloudfront.net/product-image/file/large_badaff35-8eec-4405-9ed7-4e004f6b8de8.png,"
Giant Eagle,"Canyon Bakehouse Hawaiian Sweet Gluten Free Bread, Whole Grain Sandwich Bread, Fresh, 15 oz Loaf",$8.39 ,,,15 oz,['Gluten-Free'],,"https://www.instacart.com/image-server/197x197/filters:fill(FFF,true):format(jpg)/d2lnr5mha7bycj.cloudfront.net/product-image/file/large_90c1a7b7-f54e-4f00-b808-ca7c05778a23.png,"
Giant Eagle,Pepperidge Farm Hearty White Bread,$5.29 ,,,24 oz,[],Many in stock,"https://www.instacart.com/image-server/197x197/filters:fill(FFF,true):format(jpg)/d2lnr5mha7bycj.cloudfront.net/product-image/file/large_5fc96b9d-30a8-4310-8838-44646648424f.jpg,"
Giant Eagle,Sara Lee Classic White Bread,$3.89 ,,,20 oz,[],Many in stock,"https://www.instacart.com/image-server/197x197/filters:fill(FFF,true):format(jpg)/d2lnr5mha7bycj.cloudfront.net/product-image/file/large_e1ffa025-9808-4216-9919-d057607179a4.png,"
Giant Eagle,Sara Lee Honey Wheat Pre-sliced Bread,$3.99 ,,,20 oz,[],Many in stock,"https://www.instacart.com/image-server/197x197/filters:fill(FFF,true):format(jpg)/d2lnr5mha7bycj.cloudfront.net/product-image/file/large_b844c54f-6324-4b06-99f0-718652dc1467.png,"
Giant Eagle,"Canyon Bakehouse Bread, Gluten Free, Ancient Grain",$8.39 ,,,15 oz,['Gluten-Free'],,"https://www.instacart.com/image-server/197x197/filters:fill(FFF,true):format(jpg)/d2lnr5mha7bycj.cloudfront.net/product-image/file/large_590f36bb-221d-49fe-aea0-ffadeb37fa1a.png,"
Giant Eagle,"Nature's Own Honey Wheat, Honey Wheat Sandwich Bread, 20 oz Loaf",$4.59 ,,,20 oz,[],Many in stock,"https://www.instacart.com/image-server/197x197/filters:fill(FFF,true):format(jpg)/d2lnr5mha7bycj.cloudfront.net/product-image/file/large_8042ff00-62a4-4df0-b683-b2b56b1fbc93.png,"
Giant Eagle,Giant Eagle Milano Italian Bread,$2.59 ,,,18 oz,[],Many in stock,"https://www.instacart.com/image-server/197x197/filters:fill(FFF,true):format(jpg)/d2lnr5mha7bycj.cloudfront.net/product-image/file/large_bcdce06f-5e9e-4781-a390-47653c034399.png,"
Giant Eagle,Giant Eagle Fresh Authentic Italian Bread,$3.69 ,,,1 ct,[],,"https://www.instacart.com/image-server/197x197/filters:fill(FFF,true):format(jpg)/d2lnr5mha7bycj.cloudfront.net/product-image/file/large_7e3da0dd-fb07-4573-bc5d-fcd536e33fe2.png,"
Giant Eagle,Sara Lee 100% Whole Wheat Bread,$3.99 ,,,20 oz,[],Many in stock,"https://www.instacart.com/image-server/197x197/filters:fill(FFF,true):format(jpg)/d2lnr5mha7bycj.cloudfront.net/product-image/file/large_956041ea-6277-4dec-bc8a-b38e53b5c494.png,"
Giant Eagle,Sara Lee Artesano Bakery Bread,$4.79 ,,,20 oz,[],Many in stock,"https://www.instacart.com/image-server/197x197/filters:fill(FFF,true):format(jpg)/d2lnr5mha7bycj.cloudfront.net/product-image/file/large_93082023-b573-4895-9f0a-68f5ff300463.jpg,"
Giant Eagle,Giant Eagle Bakery Fresh Tuscany Bread,$5.29 ,,,1 ct,[],,"https://www.instacart.com/image-server/197x197/filters:fill(FFF,true):format(jpg)/d2lnr5mha7bycj.cloudfront.net/product-image/file/large_6f827a5c-49eb-4ada-816c-2760aa038501.png,"
Giant Eagle,Giant Eagle Sliced Bakery Fresh Country White Bread,$4.19 ,,,1 ct,[],,"https://www.instacart.com/image-server/197x197/filters:fill(FFF,true):format(jpg)/d2lnr5mha7bycj.cloudfront.net/product-image/file/large_00b5c8ba-295b-4d23-a37f-533c71a80913.png,"
Giant Eagle,"Nature's Own 100% Whole Wheat, Whole Wheat Bread, 20 oz Loaf",$4.59 ,,,20 oz,[],,"https://www.instacart.com/image-server/197x197/filters:fill(FFF,true):format(jpg)/d2lnr5mha7bycj.cloudfront.net/product-image/file/large_fb0aefbf-4a28-4f0f-bede-521484d6982d.png,"
Giant Eagle,Sara Lee White made with Whole Grain Bread,$4.39 ,,,20 oz,[],,"https://www.instacart.com/image-server/197x197/filters:fill(FFF,true):format(jpg)/d2lnr5mha7bycj.cloudfront.net/product-image/file/large_d21a3301-4535-4207-898c-5a543967054e.jpg,"
Giant Eagle,Sara Lee Butter Bread,$3.99 ,,,20 oz,[],Many in stock,"https://www.instacart.com/image-server/197x197/filters:fill(FFF,true):format(jpg)/d2lnr5mha7bycj.cloudfront.net/product-image/file/large_db774ae7-1b11-402e-b76e-db6ead46b6ed.png,"
Giant Eagle,"Nature's Own Life Keto Soft White, Sliced White Keto Bread, 16 oz Loaf",$7.69 ,,,16 oz,['Keto'],,"https://www.instacart.com/image-server/197x197/filters:fill(FFF,true):format(jpg)/d2lnr5mha7bycj.cloudfront.net/product-image/file/large_2c6d1eed-36c0-4fa5-84dc-1beddda4fce2.png,"
Giant Eagle,Pepperidge Farm Sourdough Bread,$5.29 ,,,24 oz,[],,"https://www.instacart.com/image-server/197x197/filters:fill(FFF,true):format(jpg)/d2lnr5mha7bycj.cloudfront.net/product-image/file/large_28ed8ea7-f898-4fc5-a2aa-4a4a5b7573d5.jpg,"
Giant Eagle,Pepperidge Farm Raisin Cinnamon Swirl Bread,$4.99 ,,,16 oz,[],Many in stock,"https://www.instacart.com/image-server/197x197/filters:fill(FFF,true):format(jpg)/d2lnr5mha7bycj.cloudfront.net/product-image/file/large_98758051-788d-4b71-95da-df6d38bf73a4.jpg,"
Giant Eagle,Market District Three Cheese Asiago Bread,$5.79 ,,,1 ct,[],,"https://www.instacart.com/image-server/197x197/filters:fill(FFF,true):format(jpg)/d2lnr5mha7bycj.cloudfront.net/product-image/file/large_842b11f3-dd6a-48cb-8357-694231d82ecc.png,"
Giant Eagle,"Nature's Own 100% Whole Grain Bread, Sugar Free Sandwich Bread, 16 oz Loaf",$5.29 ,,,16 oz,[],,"https://www.instacart.com/image-server/197x197/filters:fill(FFF,true):format(jpg)/d2lnr5mha7bycj.cloudfront.net/product-image/file/large_58cac268-9fea-45e0-a923-fc5bd1e20d3f.png,"
Giant Eagle,Schwebel's Wheat Bread,$4.39 ,,,16 oz,[],,"https://www.instacart.com/image-server/197x197/filters:fill(FFF,true):format(jpg)/d2lnr5mha7bycj.cloudfront.net/product-image/file/large_18af6516-3f25-4189-89c4-434b849715c0.png,"
Giant Eagle,Pepperidge Farm Butter Bread,$5.29 ,,,22 oz,[],Many in stock,"https://www.instacart.com/image-server/197x197/filters:fill(FFF,true):format(jpg)/d2lnr5mha7bycj.cloudfront.net/product-image/file/large_9d5f6499-0f54-4758-b810-6a1c43bd319e.jpg,"
Giant Eagle,Market District Artisan Baguette,$3.19 ,,,10 oz,[],Likely out of stock,"https://www.instacart.com/image-server/197x197/filters:fill(FFF,true):format(jpg)/d2lnr5mha7bycj.cloudfront.net/product-image/file/large_fe26dc41-2edd-410d-817c-727c759f437f.png,"
Giant Eagle,Market District Cold Mini Cornbread Loaves,$3.19 ,,,8 oz,[],,"https://www.instacart.com/image-server/197x197/filters:fill(FFF,true):format(jpg)/d2lnr5mha7bycj.cloudfront.net/product-image/file/large_46b48df5-1c21-488f-92c0-7a799daa97b9.png,"
Giant Eagle,Sara Lee Artesano Bakery Bread Golden Wheat Pre-sliced Bread,$4.79 ,,,20 oz,[],,"https://www.instacart.com/image-server/197x197/filters:fill(FFF,true):format(jpg)/d2lnr5mha7bycj.cloudfront.net/product-image/file/large_e2cdb1f7-bd20-4280-9c3a-5e918316efa6.png,"
Giant Eagle,Dave's Killer Bread 21 Whole Grains and Seeds Organic Bread,$7.39 ,,,27 oz,"['Organic', 'Vegan']",,"https://www.instacart.com/image-server/197x197/filters:fill(FFF,true):format(jpg)/d2lnr5mha7bycj.cloudfront.net/product-image/file/large_47f0e24c-f72f-4ac0-a58b-566d7c3f7c9b.png,"
Giant Eagle,"Dave's Killer Bread 21 Whole Grains & Seeds Thin-Sliced, Whole Grain Organic Bread, 20.5 oz Loaf",$6.29 ,,,20.5 oz,"['Organic', 'Vegan']",,"https://www.instacart.com/image-server/197x197/filters:fill(FFF,true):format(jpg)/d2lnr5mha7bycj.cloudfront.net/product-image/file/large_ad536ffb-c1b2-4fa2-8e07-518440f595e9.png,"
Giant Eagle,The Rustik Oven Artisan Pane Italiano Bread,$5.79 ,,,16 oz,[],,"https://www.instacart.com/image-server/197x197/filters:fill(FFF,true):format(jpg)/d2lnr5mha7bycj.cloudfront.net/product-image/file/large_d6f8940c-a77f-4fb8-bab5-626788c32a7d.jpg,"
Giant Eagle,Pepperidge Farm Italian White Seedless Bread,$3.59 ,,,20 oz,[],,"https://www.instacart.com/image-server/197x197/filters:fill(FFF,true):format(jpg)/d2lnr5mha7bycj.cloudfront.net/product-image/file/large_406df0e6-09f3-48e0-b6e5-fdd45cbdb9fd.jpg,"
Giant Eagle,Sara Lee Artesano Bakery Bread Smooth Multigrain Pre-sliced Bread,$4.79 ,,,20 oz,[],,"https://www.instacart.com/image-server/197x197/filters:fill(FFF,true):format(jpg)/d2lnr5mha7bycj.cloudfront.net/product-image/file/large_a68a3570-fa07-4b59-a604-b15339f88be0.jpg,"
Giant Eagle,Pepperidge Farm Whole Grain 15 Grain Bread,$5.29 ,,,24 oz,[],Many in stock,"https://www.instacart.com/image-server/197x197/filters:fill(FFF,true):format(jpg)/d2lnr5mha7bycj.cloudfront.net/product-image/file/large_23f91bdd-e5eb-40d3-8d19-04ac1c2bfbc9.jpg,"
Giant Eagle,Dave's Killer Bread Good Seed Thin-Sliced Organic Bread,$6.29 ,,,20.5 oz,"['Organic', 'Vegan']",,"https://www.instacart.com/image-server/197x197/filters:fill(FFF,true):format(jpg)/d2lnr5mha7bycj.cloudfront.net/product-image/file/large_0365803c-40ad-4072-b485-731e95668e0c.png,"
Giant Eagle,Pepperidge Farm Swirl Cinnamon Bread,$4.99 ,,,16 oz,[],Many in stock,"https://www.instacart.com/image-server/197x197/filters:fill(FFF,true):format(jpg)/d2lnr5mha7bycj.cloudfront.net/product-image/file/large_f2ca09f3-3183-44c1-8f91-60c3d85eefb8.jpg,"
Giant Eagle,Brownberry Keto Bread,$7.89 ,,,20 oz,['Keto'],,"https://www.instacart.com/image-server/197x197/filters:fill(FFF,true):format(jpg)/d2lnr5mha7bycj.cloudfront.net/product-image/file/large_9cedd674-be87-4181-8cb9-bb232b701f58.jpg,"
Giant Eagle,Giant Eagle Bakery Fresh French Bread,$4.79 ,,,14 oz,[],,"https://www.instacart.com/image-server/197x197/filters:fill(FFF,true):format(jpg)/d2lnr5mha7bycj.cloudfront.net/product-image/file/large_563b8830-8c89-469f-9ba6-0a27eaa263f6.png,"
Giant Eagle,"Dave's Killer Bread White Bread Done Right, Artisan-Style Organic White Bread, 24 oz Loaf",$7.39 ,,,24 oz,"['Organic', 'Vegan']",,"https://www.instacart.com/image-server/197x197/filters:fill(FFF,true):format(jpg)/d2lnr5mha7bycj.cloudfront.net/product-image/file/large_f6d74d63-a15f-4b28-8e33-514b8e237bfe.png,"
Giant Eagle,Reinecker's Bakery Babka Or Paska Raisin Bread,$7.69 ,,,20 oz,[],,"https://www.instacart.com/image-server/197x197/filters:fill(FFF,true):format(jpg)/d1s8987jlndkbs.cloudfront.net/assets/missing-item-4bbe82b8555e4d1c12626fd482cb2409713e8e30835645ff3650ef66a725d03c.png,"
Giant Eagle,"Dave's Killer Bread Bread, Organic, Good Seed",$7.39 ,,,27 oz,['Organic'],,"https://www.instacart.com/image-server/197x197/filters:fill(FFF,true):format(jpg)/d2lnr5mha7bycj.cloudfront.net/product-image/file/large_18d257cf-c0ee-47ba-ab34-88e1221acbbf.png,"
Giant Eagle,"Maruchan Ramen Noodle Soup, Chicken Flavor, Souper 6-Pack",$2.09 ,,,18 oz,[],,"https://www.instacart.com/image-server/197x197/filters:fill(FFF,true):format(jpg)/d2lnr5mha7bycj.cloudfront.net/product-image/file/large_da073396-c49d-4a04-8728-1edfe265180c.png,"
Giant Eagle,Nissin Top Ramen Chicken Flavor Ramen Noodle Soup,$2.69 ,,,6 x 3 oz,[],,"https://www.instacart.com/image-server/197x197/filters:fill(FFF,true):format(jpg)/d2lnr5mha7bycj.cloudfront.net/product-image/file/large_7cfff74c-234f-44e1-b91c-fbbd0ee3208a.png,"
Giant Eagle,Nissin Hot & Spicy Fire Wok Molten Chili Chicken Flavor Stir Fry Asian Noodles in Sauce,$1.69 ,,,4.37 oz,[],Many in stock,"https://www.instacart.com/image-server/197x197/filters:fill(FFF,true):format(jpg)/d2lnr5mha7bycj.cloudfront.net/product-image/file/large_cde4e71b-64b9-4419-a964-fd695555f8b6.png,"
Giant Eagle,Maruchan Beef Flavor Ramen Noodle Soup,$3.99 ,,,12 x 3 oz,[],,"https://www.instacart.com/image-server/197x197/filters:fill(FFF,true):format(jpg)/d2lnr5mha7bycj.cloudfront.net/product-image/file/large_2ebce79e-fc0e-4501-a64a-46699060a60f.png,"
Giant Eagle,"Nissin Top Ramen Soup, Ramen Noodle, Chicken Flavor",$3.79 ,,,12 x 3 oz,[],,"https://www.instacart.com/image-server/197x197/filters:fill(FFF,true):format(jpg)/d2lnr5mha7bycj.cloudfront.net/product-image/file/large_3bf53dfb-38f2-49f3-9e95-c9da8083bdfa.png,"
Giant Eagle,Nissin Top Ramen® Beef Flavor Ramen Noodle Soup,$2.69 ,,,6 x 3 oz,[],,"https://www.instacart.com/image-server/197x197/filters:fill(FFF,true):format(jpg)/d2lnr5mha7bycj.cloudfront.net/product-image/file/large_85dc1de5-a7f1-44ae-a9e4-5dcd17bb9794.png,"
Giant Eagle,Nissin Hot & Spicy Fire Wok Sizzlin' Rich Pork Flavor Stir Fry Asian Noodles in Sauce,$1.69 ,,,4.37 oz,[],,"https://www.instacart.com/image-server/197x197/filters:fill(FFF,true):format(jpg)/d2lnr5mha7bycj.cloudfront.net/product-image/file/large_d012b312-e6f3-4b1b-a7cf-7138cd0a1013.png,"
Giant Eagle,Nissin Hot & Spicy Chicken Flavor Ramen Noodle Soup,$1.59 ,,,3.32 oz,[],Many in stock,"https://www.instacart.com/image-server/197x197/filters:fill(FFF,true):format(jpg)/d2lnr5mha7bycj.cloudfront.net/product-image/file/large_46f87bba-e6cf-472c-a144-8c20d7849644.jpeg,"
Giant Eagle,Nissin Top Ramen Chicken Flavor Ramen Noodle Soup,$1.49 ,,,3.42 oz,[],,"https://www.instacart.com/image-server/197x197/filters:fill(FFF,true):format(jpg)/d2lnr5mha7bycj.cloudfront.net/product-image/file/large_b5b26f78-da50-40d4-8bb7-5f197e298c33.png,"
Giant Eagle,Nissin Hot & Spicy Fire Wok Scorchin' Sesame Shrimp Flavor Stir Fry Asian Noodles,$1.69 ,,,4.55 oz,[],,"https://www.instacart.com/image-server/197x197/filters:fill(FFF,true):format(jpg)/d2lnr5mha7bycj.cloudfront.net/product-image/file/large_ad16f80e-55ac-448d-8e01-c31425d440d0.png,"
Giant Eagle,"Nissin Ramen Noodle Soup, Chicken Flavor, 6 Pack",$3.69 ,,,13.5 oz,[],,"https://www.instacart.com/image-server/197x197/filters:fill(FFF,true):format(jpg)/d2lnr5mha7bycj.cloudfront.net/product-image/file/large_2a8b375e-dc88-44bd-abc0-539576608976.png,"
Giant Eagle,"Maruchan Noodle Soup, Creamy Chicken Flavor",$0.59 ,,,3 oz,[],,"https://www.instacart.com/image-server/197x197/filters:fill(FFF,true):format(jpg)/d2lnr5mha7bycj.cloudfront.net/product-image/file/large_d5a55210-e9d1-468b-8fa1-4792885a6b02.png,"
Giant Eagle,"Kikkoman Noodle Kit with Sauce, Spicy Garlic",$4.19 ,,,4.8 oz,[],,"https://www.instacart.com/image-server/197x197/filters:fill(FFF,true):format(jpg)/d2lnr5mha7bycj.cloudfront.net/product-image/file/large_99ab373f-e0a9-42b9-8b3e-d689bdfadf7b.png,"
Giant Eagle,"Nissin Chow Mein Noodles, Chicken Flavor",$1.59 ,,,4 oz,[],Many in stock,"https://www.instacart.com/image-server/197x197/filters:fill(FFF,true):format(jpg)/d2lnr5mha7bycj.cloudfront.net/product-image/file/large_9466e77e-653c-47b3-8ffc-5182bd51d640.png,"
Giant Eagle,"Maruchan Ramen Noodle Soup, Beef Flavor",$0.59 ,,,3 oz,[],Many in stock,"https://www.instacart.com/image-server/197x197/filters:fill(FFF,true):format(jpg)/d2lnr5mha7bycj.cloudfront.net/product-image/file/large_6990da7d-24b2-417c-a6ce-ba28b9588b27.png,"
Giant Eagle,"Maruchan Ramen Noodle Soup, Chicken Flavor",$0.69 ,,,2.25 oz,[],,"https://www.instacart.com/image-server/197x197/filters:fill(FFF,true):format(jpg)/d2lnr5mha7bycj.cloudfront.net/product-image/file/large_f6b8f417-49a6-4863-8078-3f5e9fab3290.png,"
Giant Eagle,"Nissin Stir Fry Asian Noodle in Sauce, Volcanic Mongolian Beef Flavor, Hot & Spicy",$1.69 ,,,4.37 oz,[],,"https://www.instacart.com/image-server/197x197/filters:fill(FFF,true):format(jpg)/d2lnr5mha7bycj.cloudfront.net/product-image/file/large_c823463e-fc50-496d-8fa0-485cc2e42089.png,"
Giant Eagle,"Maruchan Ramen Bowl, Chicken Flavor",$1.69 ,,,3.31 oz,[],,"https://www.instacart.com/image-server/197x197/filters:fill(FFF,true):format(jpg)/d2lnr5mha7bycj.cloudfront.net/product-image/file/large_5261b0aa-2c18-47ec-b3e2-d42543d1a91c.png,"
Giant Eagle,Nissin Top Ramen Beef Flavor Ramen Noodles,$1.49 ,,,3.28 oz,[],,"https://www.instacart.com/image-server/197x197/filters:fill(FFF,true):format(jpg)/d2lnr5mha7bycj.cloudfront.net/product-image/file/large_55508af7-d2d1-47cc-852a-6ad57845caa4.png,"
Giant Eagle,"Nissin Asian Noodles in Sauce, Sweet Chili Flavor, Stir Fry Style",$1.49 ,,,2.89 oz,[],,"https://www.instacart.com/image-server/197x197/filters:fill(FFF,true):format(jpg)/d2lnr5mha7bycj.cloudfront.net/product-image/file/large_8e27d2ba-966b-4521-93bd-cd5a95b8eaf8.png,"
Giant Eagle,"Kikkoman Noodle Kit, Teriyaki Sesame",$4.19 ,,,4.8 oz,[],,"https://www.instacart.com/image-server/197x197/filters:fill(FFF,true):format(jpg)/d2lnr5mha7bycj.cloudfront.net/product-image/file/large_1910d713-0a2c-4e74-b246-691b67a62519.png,"
Giant Eagle,"Maruchan Fire Yakisoba, Spicy Beef",$1.39 ,,,3.99 oz,[],,"https://www.instacart.com/image-server/197x197/filters:fill(FFF,true):format(jpg)/d2lnr5mha7bycj.cloudfront.net/product-image/file/large_2de3d880-c3c5-45bc-b30f-c4d329b1e546.png,"
Giant Eagle,Maruchan Yakisoba Chicken Flavor,$1.39 ,,,4 oz,[],Many in stock,"https://www.instacart.com/image-server/197x197/filters:fill(FFF,true):format(jpg)/d2lnr5mha7bycj.cloudfront.net/product-image/file/large_73681b94-85a0-4c5f-9357-427d9c3d1d92.png,"
Giant Eagle,"Maruchan Soup, Ramen Noodle, Oriental Flavor",$0.59 ,,,3 oz,[],Many in stock,"https://www.instacart.com/image-server/197x197/filters:fill(FFF,true):format(jpg)/d2lnr5mha7bycj.cloudfront.net/product-image/file/large_b29b63e4-a5a3-48a2-b707-482bea39623d.png,"
Giant Eagle,"Kikkoman Noodle Kit, with Sauce, Pad Thai",$4.19 ,,,4.8 oz,[],Many in stock,"https://www.instacart.com/image-server/197x197/filters:fill(FFF,true):format(jpg)/d2lnr5mha7bycj.cloudfront.net/product-image/file/large_644746df-5323-4ff9-a4cd-849e26bc4c20.png,"
Giant Eagle,Nissin Cup Noodles Stir Fry Rice with Noodles General Tso's Chicken,$1.69 ,,,2.68 oz,[],,"https://www.instacart.com/image-server/197x197/filters:fill(FFF,true):format(jpg)/d2lnr5mha7bycj.cloudfront.net/product-image/file/large_6af0eb2b-1e3c-4df4-840a-0cb5ddb1f495.jpg,"
Giant Eagle,Nissin Stir Fry Teriyaki Chicken Flavor Asian Noodles in Sauce,$1.49 ,,,3 oz,[],Many in stock,"https://www.instacart.com/image-server/197x197/filters:fill(FFF,true):format(jpg)/d2lnr5mha7bycj.cloudfront.net/product-image/file/large_1d29066d-5907-4f78-aec0-9a604572f654.png,"
Giant Eagle,"Maruchan Soup, Ramen Noodle, Roast Chicken Flavor",$0.59 ,,,3 oz,[],Many in stock,"https://www.instacart.com/image-server/197x197/filters:fill(FFF,true):format(jpg)/d2lnr5mha7bycj.cloudfront.net/product-image/file/large_5620e209-00ea-46e1-ba2f-9b7f7f705aa6.png,"
Giant Eagle,RAMEN EXPRESS by Chef Woo Hotter and Spicier Ramen Noodle Cup by Chef Woo,$0.99 ,,,2.25 oz,['Vegan'],,"https://www.instacart.com/image-server/197x197/filters:fill(FFF,true):format(jpg)/d2lnr5mha7bycj.cloudfront.net/product-image/file/large_9e6e7118-87dc-4bb8-b735-b74d1576a39a.png,"
Giant Eagle,"Maruchan Soup, Ramen Noodle, Chicken Flavor",$0.59 ,,,3 oz,[],Many in stock,"https://www.instacart.com/image-server/197x197/filters:fill(FFF,true):format(jpg)/d2lnr5mha7bycj.cloudfront.net/product-image/file/large_89b1c166-02c7-4652-8841-52d68fd432cb.png,"
Giant Eagle,"Maruchan Ramen Noodle Soup, Gold, Soy Sauce",$2.09 ,,,3.79 oz,[],,"https://www.instacart.com/image-server/197x197/filters:fill(FFF,true):format(jpg)/d2lnr5mha7bycj.cloudfront.net/product-image/file/large_6d7ad103-3ce3-40ae-84cc-0d8908fab213.png,"
Giant Eagle,"Maruchan Soup, Ramen Noodle, Shrimp Flavor",$0.59 ,,,3 oz,[],Many in stock,"https://www.instacart.com/image-server/197x197/filters:fill(FFF,true):format(jpg)/d2lnr5mha7bycj.cloudfront.net/product-image/file/large_86510e5f-56dc-48b8-9b39-6367cceb91e3.png,"
Giant Eagle,"RAMEN EXPRESS by Chef Woo Soy Sauce Ramen Noodle Pack by Chef Woo, No MSG, Halal",$0.59 ,,,3 oz,[],,"https://www.instacart.com/image-server/197x197/filters:fill(FFF,true):format(jpg)/d2lnr5mha7bycj.cloudfront.net/product-image/file/large_b3c9ee0e-8c00-4565-964b-8b1f20ac38b0.png,"
Giant Eagle,Nissin Hot & Spicy with Shrimp Ramen Noodle Soup,$1.59 ,,,3.27 oz,[],,"https://www.instacart.com/image-server/197x197/filters:fill(FFF,true):format(jpg)/d2lnr5mha7bycj.cloudfront.net/product-image/file/large_e70a4715-93b6-4114-9741-1e166c71cbca.png,"
Giant Eagle,Nongshim Shin Ramyun Noodles (Case),$2.29 ,,,4.23 oz,[],,"https://www.instacart.com/image-server/197x197/filters:fill(FFF,true):format(jpg)/d2lnr5mha7bycj.cloudfront.net/product-image/file/large_d64e422e-880a-47a1-ab7c-3d0384b087dd.png,"
Giant Eagle,"RAMEN EXPRESS by Chef Woo Chicken Ramen Noodle Cup by Chef Woo, No MSG",$0.99 ,,,2.25 oz,['Vegan'],,"https://www.instacart.com/image-server/197x197/filters:fill(FFF,true):format(jpg)/d2lnr5mha7bycj.cloudfront.net/product-image/file/large_3dbd6260-086d-4578-a518-bd3af5e1f62a.png,"
Giant Eagle,"RAMEN EXPRESS by Chef Woo Chicken Ramen Noodle Packs by Chef Woo, No MSG, Halal",$0.59 ,,,3 oz,['Vegan'],Many in stock,"https://www.instacart.com/image-server/197x197/filters:fill(FFF,true):format(jpg)/d2lnr5mha7bycj.cloudfront.net/product-image/file/large_bd880b1b-c054-4e43-879e-1525b90862ae.png,"
Giant Eagle,Annie Chun's Spicy Miso Ramen Soup Bowl,$4.99 ,,,5.4 oz,['Vegan'],,"https://www.instacart.com/image-server/197x197/filters:fill(FFF,true):format(jpg)/d2lnr5mha7bycj.cloudfront.net/product-image/file/large_43ec7803-c533-4c62-8982-ba589274f254.jpg,"
Giant Eagle,Nissin Stir Fry Hot Garlic Chicken Stir Fry Style Asian Noodles in Sauce,$1.49 ,,,2.93 oz,[],,"https://www.instacart.com/image-server/197x197/filters:fill(FFF,true):format(jpg)/d2lnr5mha7bycj.cloudfront.net/product-image/file/large_279037ab-a339-484b-9ad0-d00c4b327857.png,"
Giant Eagle,"Maruchan Ramen Noodle Soup, Hot & Spicy Chicken Flavor",$0.69 ,,,2.25 oz,[],,"https://www.instacart.com/image-server/197x197/filters:fill(FFF,true):format(jpg)/d2lnr5mha7bycj.cloudfront.net/product-image/file/large_9590222b-62e5-4e77-a4ef-04fbe8da29ef.png,"
Giant Eagle,Nissin Teriyaki Beef Flavor Noodles,$1.59 ,,,4 oz,[],,"https://www.instacart.com/image-server/197x197/filters:fill(FFF,true):format(jpg)/d2lnr5mha7bycj.cloudfront.net/product-image/file/large_4330b314-d773-483f-a5b8-0d84c485e49f.png,"
Giant Eagle,"Lotus Foods Rice Noodles, Pad Thai, Traditional",$4.79 ,,,8 oz,['Vegan'],Many in stock,"https://www.instacart.com/image-server/197x197/filters:fill(FFF,true):format(jpg)/d2lnr5mha7bycj.cloudfront.net/product-image/file/large_b30dab45-2c81-4711-b9db-c73ec06dcf77.png,"
Giant Eagle,Simply Asia Spicy Kung Pao Noodle Bowl,$6.69 ,,,8.5 oz,['Vegan'],,"https://www.instacart.com/image-server/197x197/filters:fill(FFF,true):format(jpg)/d2lnr5mha7bycj.cloudfront.net/product-image/file/large_d0b34514-41be-4a8f-9bcc-62468d0ec628.jpg,"
Giant Eagle,"Light 'N Fluffy Egg Noodles, Wide, Enriched",$3.19 ,,,12 oz,[],Many in stock,"https://www.instacart.com/image-server/197x197/filters:fill(FFF,true):format(jpg)/d2lnr5mha7bycj.cloudfront.net/product-image/file/large_8cdb286c-d880-4fd2-9ab8-f2b5124e6992.png,"
Giant Eagle,Giant Eagle French Toast Cinnamon Sticks,$3.49 ,,,16 oz,[],,"https://www.instacart.com/image-server/197x197/filters:fill(FFF,true):format(jpg)/d2lnr5mha7bycj.cloudfront.net/product-image/file/large_627c0650-6c9a-41aa-b7d6-344f6e124065.png,"
Giant Eagle,Pillsbury Bacon Toaster Scrambles Frozen Pastries,$3.49 ,,,7.2 oz,[],,"https://www.instacart.com/image-server/197x197/filters:fill(FFF,true):format(jpg)/d2lnr5mha7bycj.cloudfront.net/product-image/file/large_83ac0d3a-773e-4a17-8df0-b73ec0e31110.png,"
Giant Eagle,Eggland's Best Three Cheese Frozen Omelet,$5.79 ,,,2 ct,[],,"https://www.instacart.com/image-server/197x197/filters:fill(FFF,true):format(jpg)/d2lnr5mha7bycj.cloudfront.net/product-image/file/large_3652d865-7cb8-4781-b13a-385c788268d6.png,"
Giant Eagle,"Jimmy Dean ® Heat 'N Serve Original Pork Breakfast Sausage Patties, 26 Count",$7.89 ,,,26 ct,[],Many in stock,"https://www.instacart.com/image-server/197x197/filters:fill(FFF,true):format(jpg)/d2lnr5mha7bycj.cloudfront.net/product-image/file/large_a6aad4ac-43e0-49c6-8a3f-cfb46b27cc3e.jpg,"
Giant Eagle,Smucker's Sandwich,$4.79 ,,,8 oz,[],Many in stock,"https://www.instacart.com/image-server/197x197/filters:fill(FFF,true):format(jpg)/d2lnr5mha7bycj.cloudfront.net/product-image/file/large_2d278f7e-ff00-4561-978e-34bffb9450e5.jpg,"
Giant Eagle,"Kellogg’s Eggo Frozen French Toast Sticks, Frozen Breakfast, Breakfast Food, Cinnamon",$4.19 ,,,12.7 oz,[],,"https://www.instacart.com/image-server/197x197/filters:fill(FFF,true):format(jpg)/d2lnr5mha7bycj.cloudfront.net/product-image/file/large_69ca86dc-04ef-4113-98d9-80151dd8d04e.jpg,"
Giant Eagle,Hot Pockets Deliwich Cheddar & Ham Frozen Deli Sandwiches Ham And Cheese Sandwiches,$8.39 ,,,12.9 oz,[],,"https://www.instacart.com/image-server/197x197/filters:fill(FFF,true):format(jpg)/d2lnr5mha7bycj.cloudfront.net/product-image/file/large_8c372bb9-79c4-4445-838c-803008001d55.jpg,"
Giant Eagle,"Kellogg’s Eggo Frozen Waffle Bites, Frozen Breakfast, Breakfast Food, Cinnamon Toast",$3.69 ,,,10.75 oz,[],Many in stock,"https://www.instacart.com/image-server/197x197/filters:fill(FFF,true):format(jpg)/d2lnr5mha7bycj.cloudfront.net/product-image/file/large_3db131ea-4464-4e06-9133-5c7a9b4b6451.jpg,"
Giant Eagle,Ore-Ida Golden Hash Brown Patties Shredded Potatoes Frozen Food Snacks,$5.29 ,,,10 ct,['Vegan'],Many in stock,"https://www.instacart.com/image-server/197x197/filters:fill(FFF,true):format(jpg)/d2lnr5mha7bycj.cloudfront.net/product-image/file/large_41913c62-b416-48b8-a4ac-0ff9dfc83a06.jpg,"
Giant Eagle,Pillsbury Cream Cheese & Strawberry Toaster Strudel Pastries,$4.19 ,,,6 ct,[],,"https://www.instacart.com/image-server/197x197/filters:fill(FFF,true):format(jpg)/d2lnr5mha7bycj.cloudfront.net/product-image/file/large_731a3b01-0746-4712-b102-ad047f8ba3d5.png,"
Giant Eagle,Hot Pockets Hot Pocket Deliwich Pepperoni & Mozzarella Frozen Sandwiches,$8.39 ,,,12.6 oz,[],Many in stock,"https://www.instacart.com/image-server/197x197/filters:fill(FFF,true):format(jpg)/d2lnr5mha7bycj.cloudfront.net/product-image/file/large_f670305c-c963-40b6-a574-775af065e551.jpg,"
Giant Eagle,Ore-Ida Diced Hash Brown Potatoes Frozen Food Snacks,$5.29 ,,,32 oz,"['Gluten-Free', 'Vegan']",Many in stock,"https://www.instacart.com/image-server/197x197/filters:fill(FFF,true):format(jpg)/d2lnr5mha7bycj.cloudfront.net/product-image/file/large_1ea5cb66-a74c-466c-835f-7ede96e67297.jpg,"
Giant Eagle,Pillsbury Raspberry Toaster Strudel Pastries,$4.19 ,,,11.7 oz,[],,"https://www.instacart.com/image-server/197x197/filters:fill(FFF,true):format(jpg)/d2lnr5mha7bycj.cloudfront.net/product-image/file/large_648a9199-fc24-4055-8df8-37e425aef8b0.png,"
Giant Eagle,Jimmy Dean Meat Lovers Stuffed Hash Browns,$8.39 ,,,4 ct,[],,"https://www.instacart.com/image-server/197x197/filters:fill(FFF,true):format(jpg)/d2lnr5mha7bycj.cloudfront.net/product-image/file/large_159e203a-de9b-47d9-90d8-4542a57f746d.jpg,"
Giant Eagle,Hot Pockets Deliwich Turkey + Colby,$8.39 ,,,12.9 oz,[],,"https://www.instacart.com/image-server/197x197/filters:fill(FFF,true):format(jpg)/d2lnr5mha7bycj.cloudfront.net/product-image/file/large_f8b6abcb-8517-4aad-8a84-10fdc890d351.jpg,"
Giant Eagle,"Kellogg’s Eggo Frozen Waffles, Frozen Breakfast, Breakfast Food, Original",$3.69 ,,,10 ct,[],,"https://www.instacart.com/image-server/197x197/filters:fill(FFF,true):format(jpg)/d2lnr5mha7bycj.cloudfront.net/product-image/file/large_9a60b20c-8c38-4ca8-ad98-c13c8729ef77.jpg,"
Giant Eagle,Pillsbury Apple Toaster Strudel Pastries,$4.19 ,,,6 ct,[],Many in stock,"https://www.instacart.com/image-server/197x197/filters:fill(FFF,true):format(jpg)/d2lnr5mha7bycj.cloudfront.net/product-image/file/large_e6052b7a-b697-404d-b321-c4495f13d784.png,"
Giant Eagle,Giant Eagle Buttermilk Waffles,$2.69 ,,,12.3 oz,[],Many in stock,"https://www.instacart.com/image-server/197x197/filters:fill(FFF,true):format(jpg)/d2lnr5mha7bycj.cloudfront.net/product-image/file/large_7b1391a8-bfdd-4af3-a130-053ef116b640.png,"
Giant Eagle,"Eggland's Best Omelets, Sausage & Cheese",$5.79 ,,,2 each,[],,"https://www.instacart.com/image-server/197x197/filters:fill(FFF,true):format(jpg)/d2lnr5mha7bycj.cloudfront.net/product-image/file/large_1576614a-9670-4af2-a015-39f393faca64.png,"
Giant Eagle,"McCain Hash Browns, Mini Potato",$4.79 ,,,20 oz,[],Many in stock,"https://www.instacart.com/image-server/197x197/filters:fill(FFF,true):format(jpg)/d2lnr5mha7bycj.cloudfront.net/product-image/file/large_377ed522-78b9-422f-884a-27d31d4fdeca.jpg,"
Giant Eagle,Giant Eagle Homestyle Waffles,$2.69 ,,,12.3 oz,[],,"https://www.instacart.com/image-server/197x197/filters:fill(FFF,true):format(jpg)/d2lnr5mha7bycj.cloudfront.net/product-image/file/large_6e101797-22b2-45ef-9507-1cc725c3001a.png,"
Giant Eagle,"Jimmy Dean Ham, Peppers, Mushroom Egg'wich",$10.29 ,,,4 x 4.1 oz,[],Many in stock,"https://www.instacart.com/image-server/197x197/filters:fill(FFF,true):format(jpg)/d2lnr5mha7bycj.cloudfront.net/product-image/file/large_178a61f1-a4d8-47ca-bd96-5ca5ecf02b53.jpg,"
Giant Eagle,Eggland's Best Ham & Cheese Frozen Omelet,$5.29 ,,,2 ct,[],,"https://www.instacart.com/image-server/197x197/filters:fill(FFF,true):format(jpg)/d2lnr5mha7bycj.cloudfront.net/product-image/file/large_1f8d185e-7468-464a-9574-465f6139301e.png,"
Giant Eagle,Jimmy Dean Sausage Egg & Cheese Biscuit Roll-Ups,$7.89 ,,,8 x 12.8 oz,[],Many in stock,"https://www.instacart.com/image-server/197x197/filters:fill(FFF,true):format(jpg)/d2lnr5mha7bycj.cloudfront.net/product-image/file/large_37a08150-c418-41b3-af6b-ac2c9db5132b.jpg,"
Giant Eagle,"Kellogg’s Eggo Frozen Waffles, Frozen Breakfast, Breakfast Food, Blueberry",$7.29 ,,,24 ct,[],Many in stock,"https://www.instacart.com/image-server/197x197/filters:fill(FFF,true):format(jpg)/d2lnr5mha7bycj.cloudfront.net/product-image/file/large_944715da-733c-4887-a392-26d307d9feee.jpg,"
Giant Eagle,Banquet Brown 'n Serve Original Sausage Links,$2.69 ,,,10 ct,['Gluten-Free'],Many in stock,"https://www.instacart.com/image-server/197x197/filters:fill(FFF,true):format(jpg)/d2lnr5mha7bycj.cloudfront.net/product-image/file/large_77aa887f-0e77-41c4-813d-3981c85652d7.jpg,"
Giant Eagle,Rhodes Bake-N-Serv Orange Rolls,$7.39 ,,,6 ct,[],,"https://www.instacart.com/image-server/197x197/filters:fill(FFF,true):format(jpg)/d2lnr5mha7bycj.cloudfront.net/product-image/file/large_cf829413-ee9a-4fb7-98d2-427076ef775f.png,"
Giant Eagle,Giant Eagle Hash Brown Fried Potatoes Patties,$4.19 ,,,21.2 oz,['Vegan'],,"https://www.instacart.com/image-server/197x197/filters:fill(FFF,true):format(jpg)/d2lnr5mha7bycj.cloudfront.net/product-image/file/large_02b928d3-4459-4e45-933a-ef1ef3b344de.png,"
Giant Eagle,"Kellogg’s Eggo Frozen Waffles, Frozen Breakfast, Breakfast Food, Chocolatey Chip",$7.29 ,,,24 ct,[],,"https://www.instacart.com/image-server/197x197/filters:fill(FFF,true):format(jpg)/d2lnr5mha7bycj.cloudfront.net/product-image/file/large_e20cc639-3bbd-4b16-a001-8aa02751e8d1.jpg,"
Giant Eagle,Giant Eagle Buttermilk Waffles,$5.29 ,,,24 x 29.6 oz,[],,"https://www.instacart.com/image-server/197x197/filters:fill(FFF,true):format(jpg)/d2lnr5mha7bycj.cloudfront.net/product-image/file/large_dcfbff25-9c66-4f29-82fb-edde9c293eb7.png,"
Giant Eagle,"Kellogg’s Eggo Frozen Waffles, Frozen Breakfast, Breakfast Food, Chocolatey Chip",$3.69 ,,,10 ct,[],Many in stock,"https://www.instacart.com/image-server/197x197/filters:fill(FFF,true):format(jpg)/d2lnr5mha7bycj.cloudfront.net/product-image/file/large_23cb6aa1-9406-4138-a49f-d1c76ecdc71f.jpg,"
Giant Eagle,Farm Rich Cinnamon French Toast Sticks,$12.19 ,,,48 oz,[],,"https://www.instacart.com/image-server/197x197/filters:fill(FFF,true):format(jpg)/d2lnr5mha7bycj.cloudfront.net/product-image/file/large_504addb8-1ba1-4710-906d-bc821d47c5d5.jpeg,"
Giant Eagle,"Kellogg’s Eggo Frozen Waffles, Frozen Breakfast, Breakfast Food, Buttermilk",$7.29 ,,,29.6 oz,[],,"https://www.instacart.com/image-server/197x197/filters:fill(FFF,true):format(jpg)/d2lnr5mha7bycj.cloudfront.net/product-image/file/large_bb6d0108-2262-4752-81f7-3b31f982bcf2.jpg,"
Giant Eagle,Applegate Naturals Natural Chicken & Maple Breakfast Sausage Patty,$6.29 ,,,6 ct,['Gluten-Free'],,"https://www.instacart.com/image-server/197x197/filters:fill(FFF,true):format(jpg)/d2lnr5mha7bycj.cloudfront.net/product-image/file/large_0e90aba4-fa4d-419c-b053-7f6c6db8d79d.png,"
Giant Eagle,Banquet Brown ‘N Serve Fully Cooked Turkey Sausage Links,$2.69 ,,,6.4 oz,[],Many in stock,"https://www.instacart.com/image-server/197x197/filters:fill(FFF,true):format(jpg)/d2lnr5mha7bycj.cloudfront.net/product-image/file/large_1945ee86-99ee-451a-8b48-50693724416d.jpg,"
Giant Eagle,Jimmy Dean Meat Lovers Breakfast Bowl,$3.99 ,,,7 oz,[],,"https://www.instacart.com/image-server/197x197/filters:fill(FFF,true):format(jpg)/d2lnr5mha7bycj.cloudfront.net/product-image/file/large_44962d27-a90a-4c09-983d-c349b1f0e5de.jpg,"
Giant Eagle,"Kellogg’s Eggo Frozen Liege-Style Waffles, Frozen Breakfast, Kids Snacks, Buttery Maple",$6.29 ,,,4 ct,[],Many in stock,"https://www.instacart.com/image-server/197x197/filters:fill(FFF,true):format(jpg)/d2lnr5mha7bycj.cloudfront.net/product-image/file/large_2ef436bc-724d-4acd-9aa8-a4e85327e452.jpg,"
Giant Eagle,"Kellogg’s Eggo Frozen Waffles, Frozen Breakfast, Breakfast Food, Homestyle",$7.29 ,,,29.6 oz,[],,"https://www.instacart.com/image-server/197x197/filters:fill(FFF,true):format(jpg)/d2lnr5mha7bycj.cloudfront.net/product-image/file/large_f1081bec-c13f-4c7f-9102-86e8de13cdcf.jpg,"
Giant Eagle,"Kellogg’s Eggo Frozen Grab & Go Waffles, Frozen Breakfast, Kids Snacks, Strawberry",$6.29 ,,,4 ct,[],Many in stock,"https://www.instacart.com/image-server/197x197/filters:fill(FFF,true):format(jpg)/d2lnr5mha7bycj.cloudfront.net/product-image/file/large_afbbb7c0-055a-4e3d-940b-a6915ac79904.jpg,"
Giant Eagle,Kellogg’s Eggo Frozen Minis Pancakes Original,$4.79 ,,,40 x 14.1 oz,[],Many in stock,"https://www.instacart.com/image-server/197x197/filters:fill(FFF,true):format(jpg)/d2lnr5mha7bycj.cloudfront.net/product-image/file/large_50b765b5-80c6-4052-b3ab-2a00b190a898.jpg,"
Giant Eagle,Smucker's Uncrustables Peanut Butter & Honey Spread Sandwiches,$11.89 ,,,20 oz,[],,"https://www.instacart.com/image-server/197x197/filters:fill(FFF,true):format(jpg)/d2lnr5mha7bycj.cloudfront.net/product-image/file/large_878496dc-276c-4512-bd93-c3714798bb1c.jpg,"
Giant Eagle,Ore-Ida Shredded Hash Brown Potatoes Frozen Food Snacks,$5.29 ,,,30 oz,"['Gluten-Free', 'Vegan']",Many in stock,"https://www.instacart.com/image-server/197x197/filters:fill(FFF,true):format(jpg)/d2lnr5mha7bycj.cloudfront.net/product-image/file/large_7a6339e9-967f-4709-be02-98317d96df91.jpg,"
Giant Eagle,"Kellogg’s Eggo Frozen Waffles, Frozen Breakfast, Resealable, Strawberry",$3.69 ,,,10 ct,[],Many in stock,"https://www.instacart.com/image-server/197x197/filters:fill(FFF,true):format(jpg)/d2lnr5mha7bycj.cloudfront.net/product-image/file/large_86a968ac-d3a8-40ad-8df7-49b79fdf0916.jpg,"
Giant Eagle,"Smart Ones Hash Browns, Eggs & Cheddar, Monterey Jack & Mozzarella Cheeses Frozen Meal",$3.49 ,,,6.49 oz,[],Many in stock,"https://www.instacart.com/image-server/197x197/filters:fill(FFF,true):format(jpg)/d2lnr5mha7bycj.cloudfront.net/product-image/file/large_65804596-248e-4120-a7f1-1a48ca815d82.jpg,"
Giant Eagle,Jimmy Dean Fully Cooked Breakfast Turkey Sausage Patties,$6.09 ,,,9.6 oz,[],,"https://www.instacart.com/image-server/197x197/filters:fill(FFF,true):format(jpg)/d2lnr5mha7bycj.cloudfront.net/product-image/file/large_dd5e5f0f-a068-4df9-969f-824ec3085938.jpg,"
Giant Eagle,"Kellogg’s Eggo Frozen Waffles, Frozen Breakfast, Breakfast Food, Homestyle",$3.69 ,,,10 x 12.3 oz,[],,"https://www.instacart.com/image-server/197x197/filters:fill(FFF,true):format(jpg)/d2lnr5mha7bycj.cloudfront.net/product-image/file/large_d3aa4ee5-6bc6-4a8d-b992-933adc7f56fa.jpg,"
Giant Eagle,Giant Eagle Buttermilk Pancakes,$4.79 ,,,33 oz,[],,"https://www.instacart.com/image-server/197x197/filters:fill(FFF,true):format(jpg)/d2lnr5mha7bycj.cloudfront.net/product-image/file/large_11f444cb-0dc4-46d7-96a1-c40c15db1758.png,"
Giant Eagle,"Kellogg’s Eggo Frozen Pancakes, Frozen Breakfast, Kids Snacks, Buttermilk",$7.29 ,,,24 x 29.6 oz,[],Many in stock,"https://www.instacart.com/image-server/197x197/filters:fill(FFF,true):format(jpg)/d2lnr5mha7bycj.cloudfront.net/product-image/file/large_fc585f43-b9ae-4f65-8eba-37d90e8ea74e.jpg,"
Giant Eagle,Hungry Jack Buttermilk Pancakes,$3.89 ,,,12 each,[],,"https://www.instacart.com/image-server/197x197/filters:fill(FFF,true):format(jpg)/d2lnr5mha7bycj.cloudfront.net/product-image/file/large_45d38a58-08cc-4f55-a498-f94a55e97894.jpg,"
Giant Eagle,"Kellogg’s Eggo Frozen Pancakes, Frozen Breakfast, 8 Vitamins and Minerals, Buttermilk",$4.79 ,,,12 ct,[],Many in stock,"https://www.instacart.com/image-server/197x197/filters:fill(FFF,true):format(jpg)/d2lnr5mha7bycj.cloudfront.net/product-image/file/large_d46d343e-e832-4483-81d2-f6a90d832da5.jpg,"
