Store,Item Name,Price,Units,Unit Price,Amount,Tags,In Stock,Image
Costco,"Kirkland Signature Purified Drinking Water, 16.9 fl oz, 40-count",$4.99,,,40 x 16.9 fl oz,[],Many in stock,"https://www.instacart.com/image-server/257x257/filters:fill(FFF,true):format(jpg)/d2lnr5mha7bycj.cloudfront.net/product-image/file/large_60b777ab-d034-466a-bdef-195784863b7c.jpg,"
Costco,"Bananas, 3 lbs",$1.89,,,3 lb,[],,"https://www.instacart.com/image-server/257x257/filters:fill(FFF,true):format(jpg)/d2lnr5mha7bycj.cloudfront.net/product-image/file/large_7feee29d-1949-402c-bf49-5d40a06453b1.jpg,"
Costco,Kirkland Signature Rotisserie Chicken,$5.99,,,1 each,[],Many in stock,"https://www.instacart.com/image-server/257x257/filters:fill(FFF,true):format(jpg)/d2lnr5mha7bycj.cloudfront.net/product-image/file/large_d359d9c2-ae20-48e6-8b0b-fc9a8b5dfc46.jpeg,"
Costco,"Kirkland Signature Bath Tissue, 2-Ply, 4.5"" x 4"", 380 Sheets, 30 ct",$23.99,,,30 ct,[],Many in stock,"https://www.instacart.com/image-server/257x257/filters:fill(FFF,true):format(jpg)/d2lnr5mha7bycj.cloudfront.net/product-image/file/large_71b46ba3-df69-4dc8-9c30-fbd04fba1704.jpg,"
Costco,"Kirkland Signature Cage Free Eggs, 24 ct",$5.99,,,24 ct,['Cage-Free'],Many in stock,"https://www.instacart.com/image-server/257x257/filters:fill(FFF,true):format(jpg)/d2lnr5mha7bycj.cloudfront.net/product-image/file/large_0c3ad5fd-c259-4aae-ab5a-e10b2466ccaf.jpg,"
Costco,"Kirkland Signature Organic Ground Beef, 4 lbs",$24.99,,,4 lb,"['Organic', 'Non-GMO']",Many in stock,"https://www.instacart.com/image-server/257x257/filters:fill(FFF,true):format(jpg)/d2lnr5mha7bycj.cloudfront.net/product-image/file/large_ceff88b6-fa4a-4b74-97f7-294cd6dec7c1.jpeg,"
Costco,"Kirkland Signature 2-Ply Paper Towels, White, 160 Create-A-Size Sheets, 12 ct",$23.99,,,160 ct,[],Many in stock,"https://www.instacart.com/image-server/257x257/filters:fill(FFF,true):format(jpg)/d2lnr5mha7bycj.cloudfront.net/product-image/file/large_367e096c-59df-4158-9096-beb07dc1f4f2.jpg,"
Costco,"Kirkland Signature Baby Wipes, Fragrance Free, 900 ct",$24.99,,,900 ct,[],Many in stock,"https://www.instacart.com/image-server/257x257/filters:fill(FFF,true):format(jpg)/d2lnr5mha7bycj.cloudfront.net/product-image/file/large_bd39b289-c000-494a-9413-12fd802fb53c.jpg,"
Costco,"Kirkland Signature Butter Croissants,12 ct",$7.49,,,12 ct,[],Many in stock,"https://www.instacart.com/image-server/257x257/filters:fill(FFF,true):format(jpg)/d2lnr5mha7bycj.cloudfront.net/product-image/file/large_e6f81536-0a5e-4da0-a205-df1f61222aff.jpg,"
Costco,"Organic Baby Spinach, 1 lb",$5.39,,,1 oz,['Organic'],Many in stock,"https://www.instacart.com/image-server/257x257/filters:fill(FFF,true):format(jpg)/d2lnr5mha7bycj.cloudfront.net/product-image/file/large_9f9d0c46-72c5-4783-98ba-b8c369fafaa3.jpg,"
Costco,"Kirkland Signature Flex-Tech Kitchen Bags, 200 X 13 gal",$20.99,,,200 x 13 gal,[],Many in stock,"https://www.instacart.com/image-server/257x257/filters:fill(FFF,true):format(jpg)/d2lnr5mha7bycj.cloudfront.net/product-image/file/large_cbda19df-c54e-4cad-ba90-f6f45bb7419d.jpeg,"
Costco,"Kirkland Signature Organic Maple Syrup, 1 L",$14.99,,,1 L,['Organic'],Many in stock,"https://www.instacart.com/image-server/257x257/filters:fill(FFF,true):format(jpg)/d2lnr5mha7bycj.cloudfront.net/product-image/file/large_e4200bbc-7a4c-4c24-b885-9976c37ad5a3.jpeg,"
Costco,"Kirkland Signature Organic Broccoli Florets, 4 x 1 lb",$10.99,,,4 x 1 lb,['Organic'],Many in stock,"https://www.instacart.com/image-server/257x257/filters:fill(FFF,true):format(jpg)/d2lnr5mha7bycj.cloudfront.net/product-image/file/large_85c74944-4875-4f56-a5cf-597d3c88dfa5.jpeg,"
Costco,"Dixie Ultra Ultra Paper Plate, ""10 1/16"", 186 ct",$25.99,,,186 ct,[],,"https://www.instacart.com/image-server/257x257/filters:fill(FFF,true):format(jpg)/d2lnr5mha7bycj.cloudfront.net/product-image/file/large_b99d00ee-f73a-4ad5-8efc-efd0fb6ce60e.jpg,"
Costco,"Kirkland Signature Organic Applesauce Pouch, 24 x 3.17 oz",$11.99,,,24 x 3.17 oz,['Organic'],Many in stock,"https://www.instacart.com/image-server/257x257/filters:fill(FFF,true):format(jpg)/d2lnr5mha7bycj.cloudfront.net/product-image/file/large_f300b842-c5ce-479f-9283-7776e7c994e0.jpg,"
Costco,"Kirkland Signature Organic Fruit and Vegetable Pouches, Variety Pack, 3.17 oz, 24 ct",$14.99,,,24 ct,"['Gluten-Free', 'Organic']",Many in stock,"https://www.instacart.com/image-server/257x257/filters:fill(FFF,true):format(jpg)/d2lnr5mha7bycj.cloudfront.net/product-image/file/large_da9e342f-b34a-468d-9974-dd1e24421d47.jpg,"
Costco,"Kirkland Signature Organic Greek Nonfat Yogurt, Plain, 3 lbs",$7.49,,,48 oz,['Organic'],Many in stock,"https://www.instacart.com/image-server/257x257/filters:fill(FFF,true):format(jpg)/d2lnr5mha7bycj.cloudfront.net/product-image/file/large_08438449-5906-480d-878e-52dadd318810.jpg,"
Costco,"Kirkland Signature Organic Orange Juice, 2 x 59 fl oz",$15.99,,,2 x 59 fl oz,['Organic'],Many in stock,"https://www.instacart.com/image-server/257x257/filters:fill(FFF,true):format(jpg)/d2lnr5mha7bycj.cloudfront.net/product-image/file/large_0fe5b3ce-1c78-4251-aab8-c8bca098f20d.jpg,"
Costco,"Kirkland Signature Sparkling Water, Variety Pack, 12 fl oz, 35 ct",$13.99,,,35 x 12 fl oz,[],,"https://www.instacart.com/image-server/257x257/filters:fill(FFF,true):format(jpg)/d2lnr5mha7bycj.cloudfront.net/product-image/file/large_1e3bd491-75e7-40d2-8c05-837fa1fff7cb.jpg,"
Costco,"King's Hawaiian Sweet Rolls, 32 ct",$7.99,,,32 ct,[],,"https://www.instacart.com/image-server/257x257/filters:fill(FFF,true):format(jpg)/d2lnr5mha7bycj.cloudfront.net/product-image/file/large_454bef00-c556-40c8-957a-9e28e4853449.jpg,"
Costco,"Kirkland Signature Shredded Mexican Style Blend Cheese, 2 x 2.5 lbs",$14.99,,,2 x 2.5 lb,['Keto'],Many in stock,"https://www.instacart.com/image-server/257x257/filters:fill(FFF,true):format(jpg)/d2lnr5mha7bycj.cloudfront.net/product-image/file/large_55c2be1f-981c-4bc1-b017-6e5e01cac220.jpg,"
Costco,"Kirkland Signature Fully-Cooked Bacon, Hickory Wood Smoked, 1 lb",$15.59,,,16 oz,[],Many in stock,"https://www.instacart.com/image-server/257x257/filters:fill(FFF,true):format(jpg)/d2lnr5mha7bycj.cloudfront.net/product-image/file/large_ff23b8c3-acdb-4a96-a088-8be114aa3b6f.jpg,"
Costco,"Just Bare Chicken Breast Chunks, 64 oz",$21.99,,,64 oz,[],,"https://www.instacart.com/image-server/257x257/filters:fill(FFF,true):format(jpg)/d2lnr5mha7bycj.cloudfront.net/product-image/file/large_952356c2-6ca9-4493-9d1a-609dc358d863.jpg,"
Costco,"Sabatasso's Pizza Singles Variety Pack, 12 ct",$15.59,,,12 ct,[],Many in stock,"https://www.instacart.com/image-server/257x257/filters:fill(FFF,true):format(jpg)/d2lnr5mha7bycj.cloudfront.net/product-image/file/large_e571d263-81cd-4b54-955c-345bc989e6a9.jpeg,"
Costco,"Kirkland Signature Organic Coconut Water, 11.1 fl oz, 12 ct",$13.99,,,12 x 11.1 fl oz,['Organic'],Many in stock,"https://www.instacart.com/image-server/257x257/filters:fill(FFF,true):format(jpg)/d2lnr5mha7bycj.cloudfront.net/product-image/file/large_ab1e84ee-af7d-451b-9e3e-4a5d4de1f800.jpg,"
Costco,"Kirkland Signature Organic Creamy Peanut Butter, 28 oz, 2 ct",$13.99,,,2 x 28 oz,['Organic'],Many in stock,"https://www.instacart.com/image-server/257x257/filters:fill(FFF,true):format(jpg)/d2lnr5mha7bycj.cloudfront.net/product-image/file/large_90896642-5bdd-4210-a033-299108e57de5.jpg,"
Costco,"Premium Floral Bouquet, Assorted Varieties",$20.99,,,1 each,[],,"https://www.instacart.com/image-server/257x257/filters:fill(FFF,true):format(jpg)/d2lnr5mha7bycj.cloudfront.net/product-image/file/large_43d66884-1e62-49dc-8dbd-e528e61db1c8.jpg,"
Costco,"Kirkland Signature Organic Chicken Stock, 6 x 946 ml",$11.99,,,6 x 946 ml,['Organic'],Many in stock,"https://www.instacart.com/image-server/257x257/filters:fill(FFF,true):format(jpg)/d2lnr5mha7bycj.cloudfront.net/product-image/file/large_e6ddd1b3-82a9-435d-ba03-9bebcd76f807.jpeg,"
Costco,"Kirkland Signature Organic Blueberries, 3 lbs",$9.69,,,3 lb,[],Many in stock,"https://www.instacart.com/image-server/257x257/filters:fill(FFF,true):format(jpg)/d2lnr5mha7bycj.cloudfront.net/product-image/file/large_a7d54fe4-89b3-468d-a4b3-d0fb1a03d16c.jpg,"
Costco,"Starbucks Sous Vide Egg Bites, Bacon and Gruyere, 21 oz",$17.99,,,21 oz,[],Many in stock,"https://www.instacart.com/image-server/257x257/filters:fill(FFF,true):format(jpg)/d2lnr5mha7bycj.cloudfront.net/product-image/file/large_6b988944-6b32-4696-abea-316dc7dd1970.jpg,"
Costco,"Strawberries, 2 lbs",$6.99,,,2 lb,[],,"https://www.instacart.com/image-server/257x257/filters:fill(FFF,true):format(jpg)/d2lnr5mha7bycj.cloudfront.net/product-image/file/large_29d76b0c-3ccc-4a6c-82ea-92b2ad521100.jpg,"
Costco,"Organic Bananas, 3 lbs",$2.49,,,3 lb,"['Organic', 'Non-GMO']",,"https://www.instacart.com/image-server/257x257/filters:fill(FFF,true):format(jpg)/d2lnr5mha7bycj.cloudfront.net/product-image/file/large_a4e66ede-5ab5-4c2a-b1e7-43c7d87dae0b.jpg,"
Costco,"D'Anjou Pears, 4 lbs",$5.49,,,4 lb,[],,"https://www.instacart.com/image-server/257x257/filters:fill(FFF,true):format(jpg)/d2lnr5mha7bycj.cloudfront.net/product-image/file/large_26106238-1a0c-4b7f-81e1-bb235b09d44e.jpg,"
Costco,"Avocado Hass Variety, 6 ct",$7.99,,,6 ct,[],Many in stock,"https://www.instacart.com/image-server/257x257/filters:fill(FFF,true):format(jpg)/d2lnr5mha7bycj.cloudfront.net/product-image/file/large_ac2399b8-32fe-4fce-8799-b9154684fb2a.jpg,"
Costco,"Blueberries, 18 oz",$7.49,,,18 oz,[],Many in stock,"https://www.instacart.com/image-server/257x257/filters:fill(FFF,true):format(jpg)/d2lnr5mha7bycj.cloudfront.net/product-image/file/large_98f9c418-1efd-4ece-9e77-28eb788a18aa.jpeg,"
Costco,"Mandarins, 5 lbs",$8.69,,,3 lb,"['In season', 'Non-GMO']",Many in stock,"https://www.instacart.com/image-server/257x257/filters:fill(FFF,true):format(jpg)/d2lnr5mha7bycj.cloudfront.net/product-image/file/large_44cef5ac-4ae4-407e-bcbd-588b4621f5b9.jpg,"
Costco,"Tru Fru Strawberries And Cream, 16 oz",$11.99,,,16 oz,[],,"https://www.instacart.com/image-server/257x257/filters:fill(FFF,true):format(jpg)/d2lnr5mha7bycj.cloudfront.net/product-image/file/large_2fbefaed-5915-4e5e-b724-0b596e1e6d2b.jpg,"
Costco,"Organic Blueberries, 18 oz",$10.99,,,18 oz,"['Organic', 'Non-GMO']",Many in stock,"https://www.instacart.com/image-server/257x257/filters:fill(FFF,true):format(jpg)/d2lnr5mha7bycj.cloudfront.net/product-image/file/large_73d3d0f6-6231-4e92-bc53-28992fb7f853.jpg,"
Costco,"Green Seedless Grapes, 3 lbs",$7.49,,,3 lb,[],,"https://www.instacart.com/image-server/257x257/filters:fill(FFF,true):format(jpg)/d2lnr5mha7bycj.cloudfront.net/product-image/file/large_d833ce7a-845b-4220-878c-d5b0de9f6dc2.jpeg,"
Costco,"Organic Snacking Apples Gala, 3 lbs",$5.59,,,3 lb,"['Non-GMO', 'Organic']",Many in stock,"https://www.instacart.com/image-server/257x257/filters:fill(FFF,true):format(jpg)/d2lnr5mha7bycj.cloudfront.net/product-image/file/large_b0ec4900-debc-46a5-93a6-4413abede0fd.jpg,"
Costco,"Raspberries, 12 oz",$6.99,,,12 oz,[],,"https://www.instacart.com/image-server/257x257/filters:fill(FFF,true):format(jpg)/d2lnr5mha7bycj.cloudfront.net/product-image/file/large_59c675ff-3890-460e-acee-c031b8e5af8b.jpeg,"
Costco,Golden Pineapple,$2.99,,,1 ct,[],Many in stock,"https://www.instacart.com/image-server/257x257/filters:fill(FFF,true):format(jpg)/d2lnr5mha7bycj.cloudfront.net/product-image/file/large_8530c4ef-f61e-451c-9be6-405463fd020c.jpeg,"
Costco,"Blackberries, 12 oz",$5.59,,,12 oz,[],Many in stock,"https://www.instacart.com/image-server/257x257/filters:fill(FFF,true):format(jpg)/d2lnr5mha7bycj.cloudfront.net/product-image/file/large_5ac6c618-5ed2-4b21-88c0-ad0f02c9b7c7.jpg,"
Costco,"Honeycrisp Apples, 4 lbs",$7.49,,,4 lb,"['Non-GMO', 'Organic']",Many in stock,"https://www.instacart.com/image-server/257x257/filters:fill(FFF,true):format(jpg)/d2lnr5mha7bycj.cloudfront.net/product-image/file/large_a818a5a2-8dd2-4cff-a612-9935c00c90df.jpg,"
Costco,"Organic Limes, 3 lbs",$8.69,,,3 lb,"['Organic', 'Non-GMO']",Many in stock,"https://www.instacart.com/image-server/257x257/filters:fill(FFF,true):format(jpg)/d2lnr5mha7bycj.cloudfront.net/product-image/file/large_5eb12e33-365c-4eb3-8957-0384037ffaa3.jpg,"
Costco,"Gold Kiwi, 3 lbs",$7.99,,,3 lb,['Non-GMO'],Many in stock,"https://www.instacart.com/image-server/257x257/filters:fill(FFF,true):format(jpg)/d2lnr5mha7bycj.cloudfront.net/product-image/file/large_08e140e4-142e-47ba-a472-0fb9698de328.jpg,"
Costco,"Mini Seedless Watermelon, 2 ct",$10.99,,,2 ct,[],Many in stock,"https://www.instacart.com/image-server/257x257/filters:fill(FFF,true):format(jpg)/d2lnr5mha7bycj.cloudfront.net/product-image/file/large_8cef72fa-e78a-42a1-9835-f6d958ac54e9.jpg,"
Costco,"Cantaloupe, 2 ct",$6.99,,,2 ct,[],Many in stock,"https://www.instacart.com/image-server/257x257/filters:fill(FFF,true):format(jpg)/d2lnr5mha7bycj.cloudfront.net/product-image/file/large_7da32cf4-463c-40a6-a0cb-32fe4ca2ba69.jpg,"
Costco,"Premium Plums, 3 lbs",$7.49,,,3 lb,[],,"https://www.instacart.com/image-server/257x257/filters:fill(FFF,true):format(jpg)/d2lnr5mha7bycj.cloudfront.net/product-image/file/large_5fc296b8-f570-4ac4-a639-2da13f122e67.jpg,"
Costco,"Sable Black Seedless Grapes, 3 lbs",$9.99,,,3 lb,[],,"https://www.instacart.com/image-server/257x257/filters:fill(FFF,true):format(jpg)/d2lnr5mha7bycj.cloudfront.net/product-image/file/large_6210b285-7838-42b8-8730-2d92f87dc093.jpeg,"
Costco,"Yellow Nectarines, 3 lbs",$8.69,,,3 lb,[],Many in stock,"https://www.instacart.com/image-server/257x257/filters:fill(FFF,true):format(jpg)/d2lnr5mha7bycj.cloudfront.net/product-image/file/large_212a4644-7a1f-4b3d-8ba7-0225b66cde5f.jpg,"
Costco,"Organic Raspberries, 12 oz",$9.99,,,12 oz,"['Organic', 'Non-GMO']",,"https://www.instacart.com/image-server/257x257/filters:fill(FFF,true):format(jpg)/d2lnr5mha7bycj.cloudfront.net/product-image/file/large_7437def3-61e5-460a-86f9-747c68e6e955.jpg,"
Costco,"Seedless Lemons, 5 lbs",$10.99,,,5 lb,['Non-GMO'],Many in stock,"https://www.instacart.com/image-server/257x257/filters:fill(FFF,true):format(jpg)/d2lnr5mha7bycj.cloudfront.net/product-image/file/large_5d7e7006-6f30-4084-bedb-02af331f3700.jpg,"
Costco,"Cara Cara Oranges, 5 lbs",$8.69,,,5 lb,['In season'],Many in stock,"https://www.instacart.com/image-server/257x257/filters:fill(FFF,true):format(jpg)/d2lnr5mha7bycj.cloudfront.net/product-image/file/large_65065b7a-9d60-46f2-a7ea-4f6fb7efc7b6.jpeg,"
Costco,Golden Hami Melon,$7.49,,,,[],,"https://www.instacart.com/image-server/257x257/filters:fill(FFF,true):format(jpg)/d2lnr5mha7bycj.cloudfront.net/product-image/file/large_15c3aeeb-1061-4d00-aea3-8cc32f41a01d.jpg,"
Costco,"Organic Fuji Apples, 4 lbs",$8.69,,,4 lb,"['Non-GMO', 'Organic']",Many in stock,"https://www.instacart.com/image-server/257x257/filters:fill(FFF,true):format(jpg)/d2lnr5mha7bycj.cloudfront.net/product-image/file/large_ca62f39a-aaa3-4d82-a2be-5b4137077967.jpeg,"
Costco,"Imported Naval Oranges, 8 lbs",$10.99,,,8 lb,['In season'],Many in stock,"https://www.instacart.com/image-server/257x257/filters:fill(FFF,true):format(jpg)/d2lnr5mha7bycj.cloudfront.net/product-image/file/large_c3388857-8708-4a87-81d2-9e6af3b45503.jpg,"
Costco,"White Nectarines, 3 lbs",$8.69,,,3 lb,[],,"https://www.instacart.com/image-server/257x257/filters:fill(FFF,true):format(jpg)/d2lnr5mha7bycj.cloudfront.net/product-image/file/large_1c309fc4-7212-4885-95b4-a64247e27ba8.jpg,"
Costco,"Organic Ataulfo Mangos, 6 ct",$10.59,,,6 ct,"['Organic', 'Non-GMO']",,"https://www.instacart.com/image-server/257x257/filters:fill(FFF,true):format(jpg)/d2lnr5mha7bycj.cloudfront.net/product-image/file/large_431402a3-5df7-41e9-a5b7-e6022301cb77.jpg,"
Costco,"Wildtwist Apples, 4 lbs",$7.39,,,4 lb,[],Many in stock,"https://www.instacart.com/image-server/257x257/filters:fill(FFF,true):format(jpg)/d2lnr5mha7bycj.cloudfront.net/product-image/file/large_b6bf90c0-c1d6-4658-a5b2-99e94f7c166b.jpg,"
Costco,"Organic Green Kiwi, 4 lbs",$11.99,,,4 lb,['Organic'],Many in stock,"https://www.instacart.com/image-server/257x257/filters:fill(FFF,true):format(jpg)/d2lnr5mha7bycj.cloudfront.net/product-image/file/large_a29675a8-ae98-4666-9f37-f1f2bc2ca113.jpg,"
Costco,"Pink Apples, 4 lbs",$8.69,,,4 lb,[],,"https://www.instacart.com/image-server/257x257/filters:fill(FFF,true):format(jpg)/d2lnr5mha7bycj.cloudfront.net/product-image/file/large_d18fe9eb-488a-4346-a922-23b7a7d8d471.jpg,"
Costco,"Del Monte Red Grapefruit Cups, Extra Light Syrup, 7 oz, 8 ct",$10.99,,,8 x 7 oz,[],Many in stock,"https://www.instacart.com/image-server/257x257/filters:fill(FFF,true):format(jpg)/d2lnr5mha7bycj.cloudfront.net/product-image/file/large_27fa2ac9-f5b8-46ac-8431-ef40fe093f39.jpg,"
Costco,"Grapefruit, 5 lbs",$5.99,,,5 lb,[],Many in stock,"https://www.instacart.com/image-server/257x257/filters:fill(FFF,true):format(jpg)/d2lnr5mha7bycj.cloudfront.net/product-image/file/large_8fe165ba-8084-4942-89a4-ba4502954181.jpg,"
Costco,"Envy Apples, 4 lbs",$7.49,,,4 lb,[],Many in stock,"https://www.instacart.com/image-server/257x257/filters:fill(FFF,true):format(jpg)/d2lnr5mha7bycj.cloudfront.net/product-image/file/large_72ca533d-9b36-460d-953d-88bffd96fa92.jpg,"
Costco,"Organic Long English Cucumber, 3 ct",$7.49,,,3 ct,"['Organic', 'Non-GMO']",Many in stock,"https://www.instacart.com/image-server/257x257/filters:fill(FFF,true):format(jpg)/d2lnr5mha7bycj.cloudfront.net/product-image/file/large_b0393401-6b8a-4b35-9a34-c0ea42ccdc13.jpg,"
Costco,"Cocktail Cucumber, Greenhouse Grown, 1.5 lbs",$7.49,,,1.5 lb,[],Many in stock,"https://www.instacart.com/image-server/257x257/filters:fill(FFF,true):format(jpg)/d2lnr5mha7bycj.cloudfront.net/product-image/file/large_d8d5304c-04b6-412f-ae9c-a909d2120420.jpg,"
Costco,"Mixed Bell Peppers, 6 ct",$7.39,,,6 ct,[],Many in stock,"https://www.instacart.com/image-server/257x257/filters:fill(FFF,true):format(jpg)/d2lnr5mha7bycj.cloudfront.net/product-image/file/large_1750a055-3486-45a6-90ea-39501f4450f2.jpeg,"
Costco,"Organic Peeled Carrots, 2 lbs, 2-count",$6.99,,,2 x 2 lb,"['In season', 'Non-GMO']",Many in stock,"https://www.instacart.com/image-server/257x257/filters:fill(FFF,true):format(jpg)/d2lnr5mha7bycj.cloudfront.net/product-image/file/large_5de229d7-8a61-489b-962a-c26df9933178.jpeg,"
Costco,"Grape Tomatoes, 2 lbs",$7.39,,,2 lb,[],Many in stock,"https://www.instacart.com/image-server/257x257/filters:fill(FFF,true):format(jpg)/d2lnr5mha7bycj.cloudfront.net/product-image/file/large_72b9b769-8110-4410-8340-c89d62e23f15.jpeg,"
Costco,"Organic Spring Mix, 1 lb",$5.39,,,1 lb,"['Organic', 'Non-GMO']",Many in stock,"https://www.instacart.com/image-server/257x257/filters:fill(FFF,true):format(jpg)/d2lnr5mha7bycj.cloudfront.net/product-image/file/large_fff34833-70b5-484b-98fe-50738056b028.jpg,"
Costco,"Gold Potatoes, 10 lbs",$5.99,,,10 lb,[],Many in stock,"https://www.instacart.com/image-server/257x257/filters:fill(FFF,true):format(jpg)/d2lnr5mha7bycj.cloudfront.net/product-image/file/large_93d30097-4752-495d-9622-db842ff19013.jpeg,"
Costco,"Tomatoes on the Vine, Greenhouse Grown, 4 lbs",$8.69,,,4 lb,[],Many in stock,"https://www.instacart.com/image-server/257x257/filters:fill(FFF,true):format(jpg)/d2lnr5mha7bycj.cloudfront.net/product-image/file/large_4265bb3b-9e08-4ebc-aed8-d961ee33b789.jpg,"
Costco,"Organic Broccoli Florets, 2 lbs",$7.49,,,2 lb,['Organic'],Many in stock,"https://www.instacart.com/image-server/257x257/filters:fill(FFF,true):format(jpg)/d2lnr5mha7bycj.cloudfront.net/product-image/file/large_bce6e8df-9158-4f36-935c-0d4ef3f31fa0.jpg,"
Costco,"Organic Crimini Mushrooms, 24 oz",$7.49,,,24 oz,['Organic'],Many in stock,"https://www.instacart.com/image-server/257x257/filters:fill(FFF,true):format(jpg)/d2lnr5mha7bycj.cloudfront.net/product-image/file/large_e5558e3f-2d3f-4348-9739-53b0602ec411.jpg,"
Costco,"Organic Celery Sticks, 2.5 lbs",$7.49,,,2.5 lb,"['Organic', 'Non-GMO']",Many in stock,"https://www.instacart.com/image-server/257x257/filters:fill(FFF,true):format(jpg)/d2lnr5mha7bycj.cloudfront.net/product-image/file/large_1a8fec65-a134-4708-9da9-a4f4f2000871.jpg,"
Costco,"Mini Peppers, Greenhouse Grown, 1.5 lbs",$5.59,,,1.5 lb,[],Many in stock,"https://www.instacart.com/image-server/257x257/filters:fill(FFF,true):format(jpg)/d2lnr5mha7bycj.cloudfront.net/product-image/file/large_a3a99909-4a29-4925-aa00-627c53eed524.jpg,"
Costco,"Organic Green Beans, 2 lbs",$5.99,,,2 lb,"['Organic', 'Non-GMO']",Many in stock,"https://www.instacart.com/image-server/257x257/filters:fill(FFF,true):format(jpg)/d2lnr5mha7bycj.cloudfront.net/product-image/file/large_b9c4c635-6208-431f-a609-14da8ccf7bf1.jpg,"
Costco,"Artisan Romaine Hearts, 5 ct",$6.99,,,5 ct,[],Many in stock,"https://www.instacart.com/image-server/257x257/filters:fill(FFF,true):format(jpg)/d2lnr5mha7bycj.cloudfront.net/product-image/file/large_fca783b0-be59-4475-8f43-fb2c13412ca2.jpg,"
Costco,"Gourmet Tomato Medley Greenhouse Grown, 2 lbs",$7.99,,,2 lb,[],Many in stock,"https://www.instacart.com/image-server/257x257/filters:fill(FFF,true):format(jpg)/d2lnr5mha7bycj.cloudfront.net/product-image/file/large_711a8911-669e-45d5-b694-1bf5108504bf.jpg,"
Costco,"Gourmet Medley Potato, 5 lbs",$7.99,,,5 lb,[],Many in stock,"https://www.instacart.com/image-server/257x257/filters:fill(FFF,true):format(jpg)/d2lnr5mha7bycj.cloudfront.net/product-image/file/large_2043ed45-d697-474e-b7e8-18dcfa79a3ca.jpg,"
Costco,"Asparagus, 2.25 lbs",$5.99,,,2.25 lb,[],Many in stock,"https://www.instacart.com/image-server/257x257/filters:fill(FFF,true):format(jpg)/d2lnr5mha7bycj.cloudfront.net/product-image/file/large_5ad6eaa5-bbe3-4b5a-9ebb-48258b465ee6.jpg,"
Costco,"Organic White Mushrooms, 24 oz",$4.69,,,24 oz,"['Organic', 'Non-GMO']",Many in stock,"https://www.instacart.com/image-server/257x257/filters:fill(FFF,true):format(jpg)/d2lnr5mha7bycj.cloudfront.net/product-image/file/large_1d92a738-211d-4642-a445-87c4e5f22f68.jpg,"
Costco,"Romaine Lettuce Hearts, 6 ct",$5.49,,,2 ct,[],,"https://www.instacart.com/image-server/257x257/filters:fill(FFF,true):format(jpg)/d2lnr5mha7bycj.cloudfront.net/product-image/file/large_be612170-23bd-4575-86e3-8c15ad19127e.jpg,"
Costco,"Yellow Jumbo Onions, 10 lbs",$10.99,,,10 lb,[],Many in stock,"https://www.instacart.com/image-server/257x257/filters:fill(FFF,true):format(jpg)/d2lnr5mha7bycj.cloudfront.net/product-image/file/large_7dc9a6ca-fd8c-4bbe-8921-4bb82226eb44.jpeg,"
Costco,"Baking Potatoes, 10 lbs",$5.99,,,10 lb,[],Many in stock,"https://www.instacart.com/image-server/257x257/filters:fill(FFF,true):format(jpg)/d2lnr5mha7bycj.cloudfront.net/product-image/file/large_a148f55d-1ee0-4088-853e-6864e0fed47d.jpg,"
Costco,"Organic Carrots, 6 lbs",$8.69,,,6 lb,"['In season', 'Non-GMO']",Many in stock,"https://www.instacart.com/image-server/257x257/filters:fill(FFF,true):format(jpg)/d2lnr5mha7bycj.cloudfront.net/product-image/file/large_12d3d55c-6952-4d76-b7cd-f7f9309938c4.jpeg,"
Costco,"Organic Brussels Sprouts, 2 lbs",$7.99,,,2 lb,"['Organic', 'Non-GMO']",Many in stock,"https://www.instacart.com/image-server/257x257/filters:fill(FFF,true):format(jpg)/d2lnr5mha7bycj.cloudfront.net/product-image/file/large_cc2c7fe5-1039-4894-96f5-fd6e3420fc5b.jpg,"
Costco,"Colossal Garlic, 2 lbs",$6.99,,,2 lb,[],Many in stock,"https://www.instacart.com/image-server/257x257/filters:fill(FFF,true):format(jpg)/d2lnr5mha7bycj.cloudfront.net/product-image/file/large_659c537a-716d-4823-aeaa-16f10225caa3.jpg,"
Costco,"Organic Squash, 3.5 lbs",$10.99,,,3.5 lb,"['Organic', 'Non-GMO']",Many in stock,"https://www.instacart.com/image-server/257x257/filters:fill(FFF,true):format(jpg)/d2lnr5mha7bycj.cloudfront.net/product-image/file/large_124e1e74-e27d-4ceb-804d-e4874d167102.jpg,"
Costco,"Sweet Kale Salad Kit, 2 x 14 oz",$8.69,,,2 x 14 oz,[],Many in stock,"https://www.instacart.com/image-server/257x257/filters:fill(FFF,true):format(jpg)/d2lnr5mha7bycj.cloudfront.net/product-image/file/large_d8ebcbe0-bbe8-48fb-ad4d-9469193c4a75.jpg,"
Costco,"Campari Tomatoes, 2 lbs",$5.99,,,2 lb,[],Many in stock,"https://www.instacart.com/image-server/257x257/filters:fill(FFF,true):format(jpg)/d2lnr5mha7bycj.cloudfront.net/product-image/file/large_fdec7d1c-e288-4cd5-a8e5-6b8849c171a1.jpeg,"
Costco,"Sweet Potatoes, 6.5 lbs",$5.99,,,6.5 lb,[],Many in stock,"https://www.instacart.com/image-server/257x257/filters:fill(FFF,true):format(jpg)/d2lnr5mha7bycj.cloudfront.net/product-image/file/large_b7a318e1-5337-4d91-952d-c3e528613b2b.jpg,"
Costco,"Peruvian Sweet Onions, 5 lbs",$5.99,,,5 lb,[],Many in stock,"https://www.instacart.com/image-server/257x257/filters:fill(FFF,true):format(jpg)/d2lnr5mha7bycj.cloudfront.net/product-image/file/large_1889e873-d165-4b78-9f5f-a0a650d008c9.jpeg,"
Costco,"Kirkland Signature Minced California Garlic, 48 oz",$8.69,,,48 oz,[],Many in stock,"https://www.instacart.com/image-server/257x257/filters:fill(FFF,true):format(jpg)/d2lnr5mha7bycj.cloudfront.net/product-image/file/large_e28b0bcd-6f73-46ac-8ca6-5a061591c4ca.jpg,"
Costco,"Organic Power Greens, 1.5 lbs",$8.69,,,1.5 lb,"['Organic', 'Non-GMO']",Many in stock,"https://www.instacart.com/image-server/257x257/filters:fill(FFF,true):format(jpg)/d2lnr5mha7bycj.cloudfront.net/product-image/file/large_0e7e215c-7435-4a43-8985-c6e3507b6b29.jpg,"
Costco,"Organic Specialty Mushroom Blend, 16 oz",$13.99,,,,['Organic'],Many in stock,"https://www.instacart.com/image-server/257x257/filters:fill(FFF,true):format(jpg)/d2lnr5mha7bycj.cloudfront.net/product-image/file/large_7aa76953-28e1-4f27-8ef1-62501f289ae1.jpg,"
Costco,"Organic Gefen Whole Red Beets, 3 x 17.6 oz",$8.69,,,3 x 17.6 oz,"['Organic', 'Non-GMO']",,"https://www.instacart.com/image-server/257x257/filters:fill(FFF,true):format(jpg)/d2lnr5mha7bycj.cloudfront.net/product-image/file/large_cdf4689e-9731-45f6-8997-67e9654d450e.jpg,"
Costco,"Cherry Tomatoes on the Vine, 1.5 lbs",$9.59,,,1.5 lb,[],Many in stock,"https://www.instacart.com/image-server/257x257/filters:fill(FFF,true):format(jpg)/d2lnr5mha7bycj.cloudfront.net/product-image/file/large_4e17b907-a50b-4c17-b44c-8edfa1b59d7d.jpeg,"
Costco,"Imperial Garden Organic Edamame, 6 lbs",$16.99,,,6 lb,"['Organic', 'Non-GMO']",Many in stock,"https://www.instacart.com/image-server/257x257/filters:fill(FFF,true):format(jpg)/d2lnr5mha7bycj.cloudfront.net/product-image/file/large_5682d0b7-3552-48ca-a2a8-315246048c91.jpg,"
Costco,"Polar Foods Organic Black Garlic, 20 oz",$20.99,,,20 oz,"['Organic', 'Non-GMO']",,"https://www.instacart.com/image-server/257x257/filters:fill(FFF,true):format(jpg)/d2lnr5mha7bycj.cloudfront.net/product-image/file/large_7c60771c-1f7c-4d36-9485-f1df0a64d1e9.jpg,"
Costco,"Frito-Lay Classic Mix, Variety Pack, 1 oz, 54 ct",$24.99,,,54 ct,[],Many in stock,"https://www.instacart.com/image-server/257x257/filters:fill(FFF,true):format(jpg)/d2lnr5mha7bycj.cloudfront.net/product-image/file/large_047af961-8107-4fdc-87c9-557a26cee110.jpg,"
Costco,"Nature's Bakery Fig Bar Variety, 40 x 2 oz.",$19.99,,,40 x 2 oz,[],Many in stock,"https://www.instacart.com/image-server/257x257/filters:fill(FFF,true):format(jpg)/d2lnr5mha7bycj.cloudfront.net/product-image/file/large_3fd69623-e312-4be5-a5ba-a696baef8003.jpg,"
Costco,"Kirkland Signature Organic White & Yellow Corn Tortilla Chips, 40 oz",$7.49,,,40 oz,"['Gluten-Free', 'Organic']",Many in stock,"https://www.instacart.com/image-server/257x257/filters:fill(FFF,true):format(jpg)/d2lnr5mha7bycj.cloudfront.net/product-image/file/large_b2711aca-4041-4356-bc70-5f3d8a649cb6.jpg,"
Costco,"Kind Bar Variety, 1.4 oz, 20 count",$23.99,,,20 x 1.4 oz,[],Many in stock,"https://www.instacart.com/image-server/257x257/filters:fill(FFF,true):format(jpg)/d2lnr5mha7bycj.cloudfront.net/product-image/file/large_b7f5b197-8e62-46ef-a5a4-007b53ae9e58.jpg,"
Costco,"Pure Organic Layered Fruit Bar, 28-count",$15.99,,,28 ct,['Organic'],,"https://www.instacart.com/image-server/257x257/filters:fill(FFF,true):format(jpg)/d2lnr5mha7bycj.cloudfront.net/product-image/file/large_e75252fa-5875-48cb-b35a-6b1a95018c9b.jpg,"
Costco,"That’s it Mini Fruit Bars, Variety Pack, 0.7 oz, 24 ct",$16.99,,,24 ct,[],Many in stock,"https://www.instacart.com/image-server/257x257/filters:fill(FFF,true):format(jpg)/d2lnr5mha7bycj.cloudfront.net/product-image/file/large_90693fde-d1a8-4da6-b97a-5cfe9c8e3197.jpg,"
Costco,"SunChips Whole Grain Snacks, Variety Pack, 1.5 oz, 30 ct",$21.99,,,30 x 1.5 oz,[],Many in stock,"https://www.instacart.com/image-server/257x257/filters:fill(FFF,true):format(jpg)/d2lnr5mha7bycj.cloudfront.net/product-image/file/large_0e7b1af7-4dda-4def-8fd4-2bd2608808b8.jpg,"
Costco,Siete Sea Salt Tortilla Chips,$7.49,,,12 oz,"['Gluten-Free', 'Vegan']",,"https://www.instacart.com/image-server/257x257/filters:fill(FFF,true):format(jpg)/d2lnr5mha7bycj.cloudfront.net/product-image/file/large_60406ad4-632c-4cfd-b2e6-e61eef36a25c.jpg,"
Costco,Country Archer Jerky & Meat Snacks Country Archer Minis,$19.99,,,14 oz,['Grass-Fed'],,"https://www.instacart.com/image-server/257x257/filters:fill(FFF,true):format(jpg)/d2lnr5mha7bycj.cloudfront.net/product-image/file/large_434ed8da-4910-4de5-a05e-e7dc914dd6b7.jpg,"
Costco,"Pirate's Booty Baked Rice and Corn Puffs, White Cheddar, 0.5 oz, 40 ct",$15.99,,,40 x 5 oz,['Gluten-Free'],,"https://www.instacart.com/image-server/257x257/filters:fill(FFF,true):format(jpg)/d2lnr5mha7bycj.cloudfront.net/product-image/file/large_37967329-1b6f-4968-9225-47dc988246b0.jpg,"
Costco,"Wilde Protein Chips Nashville Hot Chicken, 7 oz",$10.99,,,7 oz,['Gluten-Free'],,"https://www.instacart.com/image-server/257x257/filters:fill(FFF,true):format(jpg)/d2lnr5mha7bycj.cloudfront.net/product-image/file/large_63d3b363-32e3-4324-b17e-f21361a81d11.jpg,"
Costco,"Kellogg's Rice Krispies Treats, Original, 0.78 oz, 60 ct",$15.99,,,60 x 0.78 oz,[],,"https://www.instacart.com/image-server/257x257/filters:fill(FFF,true):format(jpg)/d2lnr5mha7bycj.cloudfront.net/product-image/file/large_59478e77-a483-4126-b67a-5c4a307380f8.jpg,"
Costco,"Chomps Original Beef Sticks, 12 ct x 1.15 oz",$20.99,,,12 x 1.15 oz,"['Gluten-Free', 'Keto']",Many in stock,"https://www.instacart.com/image-server/257x257/filters:fill(FFF,true):format(jpg)/d2lnr5mha7bycj.cloudfront.net/product-image/file/large_ee27cb73-05cc-44f9-aa7b-ecc7877c694b.jpg,"
Costco,"Heavenly Hunk Organic Dark Chocolate Oatmeal, 22 oz",$11.99,,,22 x 1 oz,"['Organic', 'Gluten-Free']",Many in stock,"https://www.instacart.com/image-server/257x257/filters:fill(FFF,true):format(jpg)/d2lnr5mha7bycj.cloudfront.net/product-image/file/large_a0eed4cf-983c-47a0-9212-cb7764ae4992.jpg,"
Costco,"Pringles Grab & Go Potato Crisps, Variety Pack, 36 ct",$26.99,,,36 x 1.36 oz,[],,"https://www.instacart.com/image-server/257x257/filters:fill(FFF,true):format(jpg)/d2lnr5mha7bycj.cloudfront.net/product-image/file/large_370d5564-b3b1-4b0d-8ab3-c783dd71815e.jpg,"
Costco,"Kirkland Signature Soft & Chewy Chocolate Chip Granola Bars, 0.85 oz, 64 ct",$11.99,,,64 x 0.85 oz,[],Many in stock,"https://www.instacart.com/image-server/257x257/filters:fill(FFF,true):format(jpg)/d2lnr5mha7bycj.cloudfront.net/product-image/file/large_258daedb-b9f7-4e65-a3c4-cb2ba470a8cc.jpeg,"
Costco,"Frito-Lay Fun Flavor Mix, Variety Pack, 54 ct",$24.99,,,51.25 oz,[],Many in stock,"https://www.instacart.com/image-server/257x257/filters:fill(FFF,true):format(jpg)/d2lnr5mha7bycj.cloudfront.net/product-image/file/large_870e3bf5-6df4-4ce5-b21e-2c95edd011f5.jpg,"
Costco,"Welch’s Fruit Snacks, .8 oz, 90 count",$16.99,,,"★★★★★
★★★★★
(1.06K)",[],Many in stock,"https://www.instacart.com/image-server/257x257/filters:fill(FFF,true):format(jpg)/d2lnr5mha7bycj.cloudfront.net/product-image/file/large_1ab88d17-98b9-426a-9d9c-1d6dfdd4b4b8.jpg,"
Costco,"Utz Pub Mix, 44 oz",$10.99,,,44 oz,[],Many in stock,"https://www.instacart.com/image-server/257x257/filters:fill(FFF,true):format(jpg)/d2lnr5mha7bycj.cloudfront.net/product-image/file/large_d3dcca53-41e3-4c67-ad7a-5856ef1c6c21.jpeg,"
Costco,"Kirkland Signature Kettle Himalayan Salt Potato Chips, 32 oz",$7.49,,,32 oz,"['Gluten-Free', 'Vegan']",Many in stock,"https://www.instacart.com/image-server/257x257/filters:fill(FFF,true):format(jpg)/d2lnr5mha7bycj.cloudfront.net/product-image/file/large_2f6fb584-4e79-4be4-ab49-74fc19fab678.jpeg,"
Costco,"Mott's Fruit Flavored Snacks, Assorted Fruit, 0.8 oz, 90 ct",$14.99,,,90 ct,['Gluten-Free'],,"https://www.instacart.com/image-server/257x257/filters:fill(FFF,true):format(jpg)/d2lnr5mha7bycj.cloudfront.net/product-image/file/large_90c4dfb2-3e60-4566-b248-dad66292f134.jpg,"
Costco,"Pepperidge Farm Goldfish Cheddar Cracker, 45 x 1 oz",$14.99,,,45 x 1 oz,[],,"https://www.instacart.com/image-server/257x257/filters:fill(FFF,true):format(jpg)/d2lnr5mha7bycj.cloudfront.net/product-image/file/large_19f6b5b4-8e1d-40f7-b732-d2bb2cea4b5b.jpg,"
Costco,Nabisco Ritz Original Crackers,$11.99,,,18 ct,[],,"https://www.instacart.com/image-server/257x257/filters:fill(FFF,true):format(jpg)/d2lnr5mha7bycj.cloudfront.net/product-image/file/large_7cb88d15-14ab-4fd1-8372-4a6b3287b5c8.jpg,"
Costco,"Snack Factory Organic Pretzel Crisps, 28 oz",$10.99,,,28 oz,"['Organic', 'Vegan']",,"https://www.instacart.com/image-server/257x257/filters:fill(FFF,true):format(jpg)/d2lnr5mha7bycj.cloudfront.net/product-image/file/large_caa03284-539b-44f5-98d7-74b1c0e6e64d.jpg,"
Costco,"PopCorners Popped-Corn Snack, Variety Pack, 1 oz, 30 ct",$16.99,,,30 x 1 oz,[],Many in stock,"https://www.instacart.com/image-server/257x257/filters:fill(FFF,true):format(jpg)/d2lnr5mha7bycj.cloudfront.net/product-image/file/large_09854707-4201-4391-82d6-5573ecbb94c4.jpg,"
Costco,"Hippeas Organic Vegan White Cheddar Chickpea Puffs, 18 oz",$9.99,,,18 oz,"['Gluten-Free', 'Organic']",Many in stock,"https://www.instacart.com/image-server/257x257/filters:fill(FFF,true):format(jpg)/d2lnr5mha7bycj.cloudfront.net/product-image/file/large_caf6ee43-183e-4ed4-a76b-15e4b68dc4c6.jpg,"
Costco,Entenmann's Little Bites Chocolate Chip Muffins,$14.59,,,20 ct,[],Many in stock,"https://www.instacart.com/image-server/257x257/filters:fill(FFF,true):format(jpg)/d2lnr5mha7bycj.cloudfront.net/product-image/file/large_5655fc3d-0ac5-4c3f-aaf8-ee7889277a9d.jpg,"
Costco,"SkinnyPop Popcorn, 0.65 oz, 28 ct",$19.99,,,28 x 0.65 oz,"['Gluten-Free', 'Vegan']",,"https://www.instacart.com/image-server/257x257/filters:fill(FFF,true):format(jpg)/d2lnr5mha7bycj.cloudfront.net/product-image/file/large_81c4441b-620f-4bb8-8f4b-f9a89ddf7497.jpg,"
Costco,"Kirkland Signature Microwave Popcorn Movie Theater Butter, 44 x 3.3 oz",$18.99,,,44 x 3.3 oz,[],Many in stock,"https://www.instacart.com/image-server/257x257/filters:fill(FFF,true):format(jpg)/d2lnr5mha7bycj.cloudfront.net/product-image/file/large_a82cf40c-3e66-47cc-afa4-bb2a76d20c07.jpg,"
Costco,"Crunchmaster Multi-Grain with 6-Seed Crackers, 2 x 14 oz",$13.99,,,2 x 14 oz,"['Gluten-Free', 'Multigrain']",Many in stock,"https://www.instacart.com/image-server/257x257/filters:fill(FFF,true):format(jpg)/d2lnr5mha7bycj.cloudfront.net/product-image/file/large_94d1ae0b-039e-47c0-a38e-2ce76ba99ced.jpg,"
Costco,"Skinny Pop Organic Popcorn, 14 oz",$8.69,,,14 oz,"['Organic', 'Gluten-Free']",Many in stock,"https://www.instacart.com/image-server/257x257/filters:fill(FFF,true):format(jpg)/d2lnr5mha7bycj.cloudfront.net/product-image/file/large_cd474ed4-cd59-40b6-8d01-a9405960d22f.jpg,"
Costco,"Cheez-It Baked Snack Crackers, Cheddar, 1.5 oz, 45 ct",$17.99,,,45 ct,['Light Sodium'],,"https://www.instacart.com/image-server/257x257/filters:fill(FFF,true):format(jpg)/d2lnr5mha7bycj.cloudfront.net/product-image/file/large_db2fd239-c076-461d-8c36-80f8e3835934.jpg,"
Costco,"Organic Medjool Dates, 2 lbs",$14.49,,,2 lb,['Organic'],Many in stock,"https://www.instacart.com/image-server/257x257/filters:fill(FFF,true):format(jpg)/d2lnr5mha7bycj.cloudfront.net/product-image/file/large_0e2ba8a4-9594-4496-974c-8cc98aeab102.jpg,"
Costco,"Kellogg's Club Crackers, Original, 13.7 oz, 4 ct",$10.99,,,4 x 13.7 oz,[],,"https://www.instacart.com/image-server/257x257/filters:fill(FFF,true):format(jpg)/d2lnr5mha7bycj.cloudfront.net/product-image/file/large_5e149626-985f-46b3-b139-76b78e55d1f0.jpg,"
Costco,"Nabisco Cookie & Cracker, Variety Pack, 1 oz, 40 count",$15.99,,,40 ct,[],Many in stock,"https://www.instacart.com/image-server/257x257/filters:fill(FFF,true):format(jpg)/d2lnr5mha7bycj.cloudfront.net/product-image/file/large_1e12eab5-0282-423b-b3f7-b0a4508ccd01.jpg,"
Costco,"Kirkland Signature Peanut Butter Pretzels Nuggets, 55 oz",$11.99,,,55 oz,[],Many in stock,"https://www.instacart.com/image-server/257x257/filters:fill(FFF,true):format(jpg)/d2lnr5mha7bycj.cloudfront.net/product-image/file/large_ded59f4e-6f0d-4793-acb9-7c85203eff33.jpg,"
Costco,"Unreal Dark Chocolate Coconut Minis, 15.3 oz",$11.99,,,15.34 oz,"['Gluten-Free', 'Vegan']",Many in stock,"https://www.instacart.com/image-server/257x257/filters:fill(FFF,true):format(jpg)/d2lnr5mha7bycj.cloudfront.net/product-image/file/large_6d7bedd0-6a13-4275-89f3-929704f50c50.jpg,"
Costco,"OREO Chocolate Sandwich Cookies, Stay Fresh Packs, 12 Count",$12.99,,,14.76 oz,[],,"https://www.instacart.com/image-server/257x257/filters:fill(FFF,true):format(jpg)/d2lnr5mha7bycj.cloudfront.net/product-image/file/large_2c4cf726-5946-4ca8-bc2e-a774b5800bd3.jpg,"
Costco,"Lesser Evil Himalayan Gold Popcorn, 14 oz",$7.11,,,14 oz,[],Many in stock,"https://www.instacart.com/image-server/257x257/filters:fill(FFF,true):format(jpg)/d2lnr5mha7bycj.cloudfront.net/product-image/file/large_fa835f93-1e57-4dc7-9e6a-bc5086f65b1d.jpg,"
Costco,"Stacy's Organic Simply Naked Pita Chips, 28 oz",$9.99,,,28 oz,['Organic'],Many in stock,"https://www.instacart.com/image-server/257x257/filters:fill(FFF,true):format(jpg)/d2lnr5mha7bycj.cloudfront.net/product-image/file/large_281c9077-b739-43aa-8fa4-1287b50531b2.jpg,"
Costco,Simple Mills Fine Ground Sea Salt Almond Flour Crackers,$12.99,,,20 oz,"['Gluten-Free', 'Vegan']",,"https://www.instacart.com/image-server/257x257/filters:fill(FFF,true):format(jpg)/d2lnr5mha7bycj.cloudfront.net/product-image/file/large_a7309f49-e1a1-4adf-a45c-5463b8c101f7.jpg,"
Costco,"Doritos Nacho Cheese, 30 oz",$8.69,,,30 oz,[],,"https://www.instacart.com/image-server/257x257/filters:fill(FFF,true):format(jpg)/d2lnr5mha7bycj.cloudfront.net/product-image/file/large_107c8e1b-f8b6-4352-91ef-380034ed04d3.jpeg,"
Costco,"Kirkland Signature Tortilla Strips, 48 oz",$7.49,,,48 oz,[],,"https://www.instacart.com/image-server/257x257/filters:fill(FFF,true):format(jpg)/d2lnr5mha7bycj.cloudfront.net/product-image/file/large_150eef22-66c0-490b-9688-9de50bfdb4b5.jpg,"
Costco,"Snack Factory Dark Chocolate Crunch Pretzel Crisps, 22 oz",$11.99,,,22 oz,[],,"https://www.instacart.com/image-server/257x257/filters:fill(FFF,true):format(jpg)/d2lnr5mha7bycj.cloudfront.net/product-image/file/large_e4f6170d-e539-4687-9656-1cb70fc38bce.jpg,"
Costco,"Tru Fru Whole Strawberries Frozen Fresh & Immersed in White & Milk Chocolate, 20 oz",$13.99,,,20 oz,['Gluten-Free'],Many in stock,"https://www.instacart.com/image-server/257x257/filters:fill(FFF,true):format(jpg)/d2lnr5mha7bycj.cloudfront.net/product-image/file/large_a2f98141-a69a-4ee7-bb9d-ba8dbcc5f3df.jpg,"
Costco,"Tate's Bake Shop Chocolate Chip Cookies, 21 oz",$13.99,,,21 oz,[],Many in stock,"https://www.instacart.com/image-server/257x257/filters:fill(FFF,true):format(jpg)/d2lnr5mha7bycj.cloudfront.net/product-image/file/large_a8ba7807-aac6-4c88-9994-edc4f49dcdf0.jpg,"
Costco,"Cape Cod Reduced Fat Kettle Chips, 30 oz",$8.99,,,30 oz,[],,"https://www.instacart.com/image-server/257x257/filters:fill(FFF,true):format(jpg)/d2lnr5mha7bycj.cloudfront.net/product-image/file/large_b3d5ae0d-a21d-4951-8f00-a71d63cd94e6.jpg,"
Costco,"Loacker Cream Filled Wafer Minis Mix Lemon/Raspberry, 28.22 oz",$14.99,,,80 x 28.22 oz,[],,"https://www.instacart.com/image-server/257x257/filters:fill(FFF,true):format(jpg)/d2lnr5mha7bycj.cloudfront.net/product-image/file/large_228f9e22-5282-4343-9bbe-9abdb08790e9.jpg,"
Costco,"Munchies Cheese Fix Snack Mix, 38 oz",$11.99,,,38 oz,[],Many in stock,"https://www.instacart.com/image-server/257x257/filters:fill(FFF,true):format(jpg)/d2lnr5mha7bycj.cloudfront.net/product-image/file/large_79832f0e-cb0b-4947-a785-3375341ce8c4.jpg,"
Costco,"Kirkland Signature Organic Grade AA Eggs, 24 ct",$8.99,,,24 ct,"['Cage-Free', 'Organic']",,"https://www.instacart.com/image-server/257x257/filters:fill(FFF,true):format(jpg)/d2lnr5mha7bycj.cloudfront.net/product-image/file/large_5903bd16-76c5-4cc7-a330-4a25667ca8e1.jpg,"
Costco,"Kirkland Signature Large Eggs, Cage Free, 5 Dozen",$14.99,,,60 ct,['Cage-Free'],Many in stock,"https://www.instacart.com/image-server/257x257/filters:fill(FFF,true):format(jpg)/d2lnr5mha7bycj.cloudfront.net/product-image/file/large_ed879c23-9e90-4030-b128-baa4390cd51c.jpg,"
Costco,"Kirkland Signature Liquid Egg Whites, Cage Free, 16 oz, 6 ct",$11.99,,,6 x 16 oz,[],Many in stock,"https://www.instacart.com/image-server/257x257/filters:fill(FFF,true):format(jpg)/d2lnr5mha7bycj.cloudfront.net/product-image/file/large_80daec99-7e33-42c1-9643-aa51cac7486a.jpg,"
Costco,"Kirkland Signature 2% Lowfat Milk, 1 Gal",$3.59,,,1 gal,['Cow Milk'],Many in stock,"https://www.instacart.com/image-server/257x257/filters:fill(FFF,true):format(jpg)/d2lnr5mha7bycj.cloudfront.net/product-image/file/large_6d88157b-2c10-4af6-9fd9-7f9b87cccab4.jpg,"
Costco,"Kirkland Signature Organic Whole Milk, 3 X 64 oz",$14.99,,,3 x 64 fl oz,['Organic'],Many in stock,"https://www.instacart.com/image-server/257x257/filters:fill(FFF,true):format(jpg)/d2lnr5mha7bycj.cloudfront.net/product-image/file/large_6361bbec-1639-4c03-a6c0-e745f2e218ad.jpeg,"
Costco,Kirkland Signature A2 Protein Organic Whole Milk 3 x 1/2 gal,$16.99,,,3 x 0.5 gal,['Organic'],Many in stock,"https://www.instacart.com/image-server/257x257/filters:fill(FFF,true):format(jpg)/d2lnr5mha7bycj.cloudfront.net/product-image/file/large_1aa91825-6198-48e0-80ac-000a7114ae3b.jpg,"
Costco,"Kirkland Signature Organic 1% Low Fat Milk, 3 x 64 oz",$13.99,,,192 fl oz,['Organic'],Many in stock,"https://www.instacart.com/image-server/257x257/filters:fill(FFF,true):format(jpg)/d2lnr5mha7bycj.cloudfront.net/product-image/file/large_a4db5528-0bd6-4e15-b154-cbf146805c24.jpg,"
Costco,"Kirkland Signature Organic Non-Dairy Beverage, 6 X 32 oz",$11.99,,,6 x 32 fl oz,['Organic'],Many in stock,"https://www.instacart.com/image-server/257x257/filters:fill(FFF,true):format(jpg)/d2lnr5mha7bycj.cloudfront.net/product-image/file/large_763dffe0-6189-47ae-84ff-3f11c28ccc47.jpg,"
Costco,"Kirkland Signature Fat Free Milk, 3.78 L",$2.99,,,1 gal,[],Many in stock,"https://www.instacart.com/image-server/257x257/filters:fill(FFF,true):format(jpg)/d2lnr5mha7bycj.cloudfront.net/product-image/file/large_3c0f3b49-97da-441b-ae10-98bbd12273de.jpg,"
Costco,"Kirkland Signature Whole Milk, 1 Gallon",$3.99,,,1 gal,[],Many in stock,"https://www.instacart.com/image-server/257x257/filters:fill(FFF,true):format(jpg)/d2lnr5mha7bycj.cloudfront.net/product-image/file/large_5dacec76-f9c4-41e3-9284-ea84859b4d92.jpg,"
Costco,"Kirkland Signature 1% Lowfat Milk, 1 gal",$3.29,,,1 gal,[],Many in stock,"https://www.instacart.com/image-server/257x257/filters:fill(FFF,true):format(jpg)/d2lnr5mha7bycj.cloudfront.net/product-image/file/large_77e7c10a-c23a-4502-a703-c7c1a59298bc.jpg,"
Costco,"Kirkland Signature Organic Lactose Free Milk, 64 fl oz, 3 count",$14.99,,,3 x 64 oz,['Organic'],Many in stock,"https://www.instacart.com/image-server/257x257/filters:fill(FFF,true):format(jpg)/d2lnr5mha7bycj.cloudfront.net/product-image/file/large_a44a693b-f286-4368-9980-b2390009931f.jpg,"
Costco,"Kirkland Signature Organic Vanilla Almond Beverage, 32 fl oz, 6 ct",$8.69,,,6 x 946 ml,['Organic'],Many in stock,"https://www.instacart.com/image-server/257x257/filters:fill(FFF,true):format(jpg)/d2lnr5mha7bycj.cloudfront.net/product-image/file/large_83b6ece1-5b34-461c-af13-bfa5ba5165e1.jpeg,"
Costco,"Kirkland Signature Organic 2% Reduced Fat Milk, Chocolate, 8.25 fl oz, 24 ct",$21.99,,,24 x 8.25 oz,['Organic'],Many in stock,"https://www.instacart.com/image-server/257x257/filters:fill(FFF,true):format(jpg)/d2lnr5mha7bycj.cloudfront.net/product-image/file/large_b42f52a9-d0a3-493c-b80c-38ae614dd278.jpeg,"
Costco,"Kirkland Signature Organic Lowfat Milk with No Dha, 3 x 64 fl oz",$15.99,,,3 x 64 fl oz,['Organic'],Many in stock,"https://www.instacart.com/image-server/257x257/filters:fill(FFF,true):format(jpg)/d2lnr5mha7bycj.cloudfront.net/product-image/file/large_bf402875-0c12-4787-b90e-4430834fbf8d.jpeg,"
Costco,"Kirkland Signature Almond Milk, 1 qt, 12 count",$13.99,,,12 x 32 oz,['Vegan'],Many in stock,"https://www.instacart.com/image-server/257x257/filters:fill(FFF,true):format(jpg)/d2lnr5mha7bycj.cloudfront.net/product-image/file/large_e4ec71a6-f5a8-4e56-b890-e7b49a029ed4.jpeg,"
Costco,"Horizon Organic Whole Milk, 8 oz, 18 count",$23.99,,,18 x 8 fl oz,['Organic'],Many in stock,"https://www.instacart.com/image-server/257x257/filters:fill(FFF,true):format(jpg)/d2lnr5mha7bycj.cloudfront.net/product-image/file/large_46ce215f-2d41-4e8f-b069-e7deb44b6bea.jpeg,"
Costco,Silk Original Organic Almond Milk,$13.99,,,3 x 64 fl oz,['Organic'],,"https://www.instacart.com/image-server/257x257/filters:fill(FFF,true):format(jpg)/d2lnr5mha7bycj.cloudfront.net/product-image/file/large_53aa9f92-c630-429b-b5c7-dc45ee586cee.jpg,"
Costco,"Kirkland Signature Organic Chocolate Banana Beverage, 11 oz, 18 count",$26.99,,,18 x 11 fl oz,['Organic'],Many in stock,"https://www.instacart.com/image-server/257x257/filters:fill(FFF,true):format(jpg)/d2lnr5mha7bycj.cloudfront.net/product-image/file/large_4de7f09e-3077-4950-972c-78f9eb683a75.jpg,"
Costco,"Kirkland Signature Organic Soy Non-Dairy Beverage, Vanilla, 32 fl oz, 12-count",$17.99,,,12 x 32 oz,['Organic'],Many in stock,"https://www.instacart.com/image-server/257x257/filters:fill(FFF,true):format(jpg)/d2lnr5mha7bycj.cloudfront.net/product-image/file/large_2f665e05-8fa9-4652-a639-9b2eaff032da.jpeg,"
Costco,"Kirkland Signature Chicken Street Tacos, 12 ct",$20.34,/pkg (est.),$6.99 / lb,About 2.91 lb / package,[],,"https://www.instacart.com/image-server/257x257/filters:fill(FFF,true):format(jpg)/d2lnr5mha7bycj.cloudfront.net/product-image/file/large_f32dfb2a-99dc-40c2-a702-1c66f241e004.jpg,"
Costco,"Kirkland Signature Cheese, Fruit and Nut Snacks Variety, 16 x 1.5 oz",$14.24,,,16 x 1.5 oz,[],Many in stock,"https://www.instacart.com/image-server/257x257/filters:fill(FFF,true):format(jpg)/d2lnr5mha7bycj.cloudfront.net/product-image/file/large_13a4d537-f9fe-4802-aa02-0c9a669e2ea8.jpg,"
Costco,Kirkland Signature Mac and Cheese,$14.17,/pkg (est.),$3.69 / lb,About 3.84 lb / package,[],,"https://www.instacart.com/image-server/257x257/filters:fill(FFF,true):format(jpg)/d2lnr5mha7bycj.cloudfront.net/product-image/file/large_df2e33fc-1631-4fc7-bf15-693a56cac526.jpg,"
Costco,"Kevin's Grassfed Beef Stroganoff, 40 oz",$19.99,,,40 oz,[],,"https://www.instacart.com/image-server/257x257/filters:fill(FFF,true):format(jpg)/d2lnr5mha7bycj.cloudfront.net/product-image/file/large_ef3f2218-a3b4-451f-adf1-368687fe915f.jpg,"
Costco,Vegetable Platter With Ranch Dip,$14.99,,,4 lb,[],Many in stock,"https://www.instacart.com/image-server/257x257/filters:fill(FFF,true):format(jpg)/d2lnr5mha7bycj.cloudfront.net/product-image/file/large_54303a0f-8e23-427a-97a5-20671d2fe5d6.jpg,"
Costco,Kirkland Signature Stuffed Bell Peppers with Ground Beef & Rice,$22.40,/pkg (est.),$5.99 / lb,About 3.74 lb / package,[],,"https://www.instacart.com/image-server/257x257/filters:fill(FFF,true):format(jpg)/d2lnr5mha7bycj.cloudfront.net/product-image/file/large_9231d53b-e4e6-4d93-b36f-ac7ec1712804.jpg,"
Costco,Kirkland Signature Caesar Salad with Caesar Dressing & Croutons,$10.84,/pkg (est.),$5.59 / lb,About 1.94 lb / package,[],,"https://www.instacart.com/image-server/257x257/filters:fill(FFF,true):format(jpg)/d2lnr5mha7bycj.cloudfront.net/product-image/file/large_3ad823a1-1838-4301-87e4-314cebd1cdd4.jpg,"
Costco,"Lily's Toaster Grills Grilled American Cheese, 8 ct",$11.99,,,8 x 29.3 oz,[],Many in stock,"https://www.instacart.com/image-server/257x257/filters:fill(FFF,true):format(jpg)/d2lnr5mha7bycj.cloudfront.net/product-image/file/large_48d040cf-7921-40cf-8d43-c152ab1a8d21.jpg,"
Costco,Kirkland Signature Chicken Alfredo with Penne Pasta,$23.59,/pkg (est.),$5.59 / lb,About 4.22 lb / package,[],,"https://www.instacart.com/image-server/257x257/filters:fill(FFF,true):format(jpg)/d2lnr5mha7bycj.cloudfront.net/product-image/file/large_bbd4485a-c6a0-4610-9fec-488e40d0792e.jpg,"
Costco,Kirkland Signature Meatloaf with Yukon Gold Mashed Potatoes,$20.61,/pkg (est.),$4.99 / lb,About 4.13 lb / package,[],,"https://www.instacart.com/image-server/257x257/filters:fill(FFF,true):format(jpg)/d2lnr5mha7bycj.cloudfront.net/product-image/file/large_5db445ba-8482-4bbd-bfe5-8ffc6114311a.jpg,"
Costco,"Sargento Baklanced Breaks Balanced Breaks Cheese & Crackers, 12 x 1.5 oz",$12.99,,,12 x 1.5 oz,[],Many in stock,"https://www.instacart.com/image-server/257x257/filters:fill(FFF,true):format(jpg)/d2lnr5mha7bycj.cloudfront.net/product-image/file/large_5cc920e7-a1fd-4cb0-aaba-ddd50b86edc0.jpg,"
Costco,"Organic Caesar Salad Kit, 24 oz",$10.99,,,24 oz,[],Many in stock,"https://www.instacart.com/image-server/257x257/filters:fill(FFF,true):format(jpg)/d2lnr5mha7bycj.cloudfront.net/product-image/file/large_8fba7fed-6ec2-4b60-9ab8-96a1162213d4.jpg,"
Costco,"Main St Bistro Baked Scalloped Potatoes, 40 oz",$9.69,,,40 oz,[],Many in stock,"https://www.instacart.com/image-server/257x257/filters:fill(FFF,true):format(jpg)/d2lnr5mha7bycj.cloudfront.net/product-image/file/large_62928f5b-d76f-42ee-b6d9-5aee60e3ee03.jpg,"
Costco,"Kirkland Signature Chicken Pot Pie, All White Meat, Ready To Bake",$28.79,/pkg (est.),$4.99 / lb,About 5.77 lb / package,[],,"https://www.instacart.com/image-server/257x257/filters:fill(FFF,true):format(jpg)/d2lnr5mha7bycj.cloudfront.net/product-image/file/large_213811ad-6c96-4e39-95ea-f7726a9b9fa5.jpeg,"
Costco,"Kirkland Signature Five Cheese Tortelloni, 2 x 24 oz",$13.99,,,2 x 24 oz,[],Many in stock,"https://www.instacart.com/image-server/257x257/filters:fill(FFF,true):format(jpg)/d2lnr5mha7bycj.cloudfront.net/product-image/file/large_063a4e35-e228-4328-adf5-a08ea0c24275.jpg,"
Costco,"Busseto Foods California Snackin' Trays, Mild Salami & Provolone Cheese, 3 oz, 8-count",$14.99,,,8 x 3 oz,[],Many in stock,"https://www.instacart.com/image-server/257x257/filters:fill(FFF,true):format(jpg)/d2lnr5mha7bycj.cloudfront.net/product-image/file/large_06d27480-d688-4cad-979a-d4bfd6df9c20.jpg,"
Costco,"Starbucks Sous Vide Egg Bites, Egg White and Roasted Red Pepper, 10-count",$17.99,,,10 ct,[],Many in stock,"https://www.instacart.com/image-server/257x257/filters:fill(FFF,true):format(jpg)/d2lnr5mha7bycj.cloudfront.net/product-image/file/large_6b0a6a47-97d0-4b59-a19d-c70e04b7e975.jpg,"
Costco,Kirkland Signature Rotisserie Chicken Noodle Soup,$17.56,/pkg (est.),$4.39 / lb,About 4.0 lb / package,[],,"https://www.instacart.com/image-server/257x257/filters:fill(FFF,true):format(jpg)/d2lnr5mha7bycj.cloudfront.net/product-image/file/large_6bb76109-d8d8-4359-a251-765f64f63ebe.jpg,"
Costco,"Panera Macaroni & Cheese, 24 oz, 2-count",$14.99,,,2 x 24 oz,[],Many in stock,"https://www.instacart.com/image-server/257x257/filters:fill(FFF,true):format(jpg)/d2lnr5mha7bycj.cloudfront.net/product-image/file/large_29045ab7-fbe8-4590-945a-c54ff194558f.jpg,"
Costco,"Kirkland Signature Organic Hardboiled Eggs, 16-count, 2-pack",$16.99,,,2 ct,[],Many in stock,"https://www.instacart.com/image-server/257x257/filters:fill(FFF,true):format(jpg)/d2lnr5mha7bycj.cloudfront.net/product-image/file/large_8922990f-c962-407a-b443-2314bce0a656.jpg,"
Costco,Kirkland Signature Chicken Sandwich on Sprouted Grain Bread,$16.63,/pkg (est.),$7.49 / lb,About 2.22 lb / package,[],,"https://www.instacart.com/image-server/257x257/filters:fill(FFF,true):format(jpg)/d2lnr5mha7bycj.cloudfront.net/product-image/file/large_5e1dab13-ebdb-406a-833e-17f213cf2e78.jpg,"
Costco,Kirkland Signature Ravioli Lasagna with Beef & Pork Bolognese Sauce,$21.26,/pkg (est.),$5.99 / lb,About 3.55 lb / package,[],,"https://www.instacart.com/image-server/257x257/filters:fill(FFF,true):format(jpg)/d2lnr5mha7bycj.cloudfront.net/product-image/file/large_b2809013-f7c8-4ef0-bc82-3bd88a9b5781.jpeg,"
Costco,"Kirkland Signature Chicken Tortilla Soup, 2 x 32 oz",$10.99,,,2 x 32 oz,[],Many in stock,"https://www.instacart.com/image-server/257x257/filters:fill(FFF,true):format(jpg)/d2lnr5mha7bycj.cloudfront.net/product-image/file/large_d9a3760f-ac15-4e94-8475-69e7dffcd8f2.jpg,"
Costco,"Main St. Bistro All Natural Mashed Potatoes, 2 x 32 oz",$9.99,,,2 x 32 oz,[],Many in stock,"https://www.instacart.com/image-server/257x257/filters:fill(FFF,true):format(jpg)/d2lnr5mha7bycj.cloudfront.net/product-image/file/large_d433ab0f-7354-45b5-95df-310ba7849c5b.jpg,"
Costco,"Real Good Food Chicken & Pepperjack Burritos, 32 oz, 4-count",$14.99,,,32 oz,[],Many in stock,"https://www.instacart.com/image-server/257x257/filters:fill(FFF,true):format(jpg)/d2lnr5mha7bycj.cloudfront.net/product-image/file/large_c03d682c-b9da-44ad-945d-1ba3913b4030.jpg,"
Costco,Kirkland Signature Yakisoba Stir Fry,$25.69,/pkg (est.),$7.49 / lb,About 3.43 lb / package,[],,"https://www.instacart.com/image-server/257x257/filters:fill(FFF,true):format(jpg)/d2lnr5mha7bycj.cloudfront.net/product-image/file/large_0d814c5e-5dfb-4449-9c87-5c3c53b53476.jpg,"
Costco,"La Terra Fina Quiche Variety Pack, 48 oz",$16.99,,,48 oz,[],Many in stock,"https://www.instacart.com/image-server/257x257/filters:fill(FFF,true):format(jpg)/d2lnr5mha7bycj.cloudfront.net/product-image/file/large_0dbb2e47-0000-4168-b47e-2556e56f80cf.jpg,"
Costco,Kirkland Signature Beef Chili,$19.96,/pkg (est.),$4.99 / lb,About 4.0 lb / package,[],,"https://www.instacart.com/image-server/257x257/filters:fill(FFF,true):format(jpg)/d2lnr5mha7bycj.cloudfront.net/product-image/file/large_e1ad953e-823a-464a-a19f-7e5a3b6eee59.jpg,"
Costco,"Puravida Roasted Shrimp Tom Yum Soup, 24 oz, 2-pack",$18.99,,,2 x 24 oz,[],Many in stock,"https://www.instacart.com/image-server/257x257/filters:fill(FFF,true):format(jpg)/d2lnr5mha7bycj.cloudfront.net/product-image/file/large_53986df2-c6a6-4a53-bb61-ee7d6beea0de.jpg,"
Costco,"Kirkland Signature Shepherd's Pie, Ready To Bake",$25.84,/pkg (est.),$4.69 / lb,About 5.51 lb / package,[],,"https://www.instacart.com/image-server/257x257/filters:fill(FFF,true):format(jpg)/d2lnr5mha7bycj.cloudfront.net/product-image/file/large_c45b6f4c-d9c5-4fbe-8362-5c5fa4bcf99b.jpg,"
Costco,"Kirkland Signature Organic Spinach & Cheese Ravioli, 22 oz, 2 ct",$14.99,,,2 x 22 oz,[],Many in stock,"https://www.instacart.com/image-server/257x257/filters:fill(FFF,true):format(jpg)/d2lnr5mha7bycj.cloudfront.net/product-image/file/large_a67d90ee-ae58-44b1-8298-169c9cc8ebd9.jpg,"
Costco,"Kirkland Signature Gyro Kit, 6 ct",$25.17,/pkg (est.),$7.99 / lb,About 3.15 lb / package,[],,"https://www.instacart.com/image-server/257x257/filters:fill(FFF,true):format(jpg)/d2lnr5mha7bycj.cloudfront.net/product-image/file/large_feac7fbd-aa64-4243-89dd-3d7f6566f332.jpg,"
Costco,"Green Goddess Salad Kit, 12.75 oz, 2-count",$9.99,,,,[],,"https://www.instacart.com/image-server/257x257/filters:fill(FFF,true):format(jpg)/d2lnr5mha7bycj.cloudfront.net/product-image/file/large_0d096da6-d26a-43da-a7d0-67e2ff9e1725.jpg,"
Costco,"Rana Meat Lover's Lasagna, 42 oz",$18.99,,,42 oz,[],Many in stock,"https://www.instacart.com/image-server/257x257/filters:fill(FFF,true):format(jpg)/d2lnr5mha7bycj.cloudfront.net/product-image/file/large_7b9a8dc6-89b7-4ae2-8c5d-6e8fd940572f.jpg,"
Costco,Reser's Buffalo-Style Macaroni & Cheese,$11.99,,,24 g,[],Many in stock,"https://www.instacart.com/image-server/257x257/filters:fill(FFF,true):format(jpg)/d2lnr5mha7bycj.cloudfront.net/product-image/file/large_0f295afa-abda-4bac-8b1d-bdc747c81f5a.jpg,"
Costco,"Del Real Birria & Cheese Pupusas, 51 oz",$19.99,,,51 oz,[],Many in stock,"https://www.instacart.com/image-server/257x257/filters:fill(FFF,true):format(jpg)/d2lnr5mha7bycj.cloudfront.net/product-image/file/large_044a3f2e-d377-4648-8ff3-7a83c9773035.jpg,"
Costco,"Organic Mediterranean Salad, 12 oz, 2-count",$10.99,,,2 x 12 oz,[],,"https://www.instacart.com/image-server/257x257/filters:fill(FFF,true):format(jpg)/d2lnr5mha7bycj.cloudfront.net/product-image/file/large_a68fb41f-dbe2-4683-b941-854d84820373.jpg,"
Costco,Kirkland Signature Rotisserie Chicken Enchilada,$28.76,/pkg (est.),$7.49 / lb,About 3.84 lb / package,[],,"https://www.instacart.com/image-server/257x257/filters:fill(FFF,true):format(jpg)/d2lnr5mha7bycj.cloudfront.net/product-image/file/large_36acf2e7-5bbc-45e1-b991-6bfde9813cbf.jpg,"
Costco,"Thai Chili Mango Salad Kit, 12.25 oz, 2-count",$9.99,,,2 x 12.25 oz,[],Many in stock,"https://www.instacart.com/image-server/257x257/filters:fill(FFF,true):format(jpg)/d2lnr5mha7bycj.cloudfront.net/product-image/file/large_1a283475-86bf-4008-a15a-bc03a65fa98c.jpg,"
Costco,"Sukhi's Chicken Tikka Masala, 2 x 16 oz",$18.99,,,2 x 16 oz,[],Many in stock,"https://www.instacart.com/image-server/257x257/filters:fill(FFF,true):format(jpg)/d2lnr5mha7bycj.cloudfront.net/product-image/file/large_5fa288d3-9009-4de7-9b3b-856de1728d07.jpg,"
Costco,"Crazy Cuizine Mandarin Orange Chicken, 66 oz",$19.99,,,66 oz,[],Many in stock,"https://www.instacart.com/image-server/257x257/filters:fill(FFF,true):format(jpg)/d2lnr5mha7bycj.cloudfront.net/product-image/file/large_099cf87a-4a8b-4c76-9040-5251f60a1e4f.jpg,"
Costco,"Marie Callender's NAE Chicken Pot Pies, 10 oz, 8 ct",$16.99,,,8 x 10 oz,[],Many in stock,"https://www.instacart.com/image-server/257x257/filters:fill(FFF,true):format(jpg)/d2lnr5mha7bycj.cloudfront.net/product-image/file/large_060c89e2-ac39-4eb1-895a-12b154bee62e.jpeg,"
Costco,"Milton's Cauliflower Crust Pizza Roasted Vegetable, 2 ct",$16.99,,,35.6 oz,['Gluten-Free'],Many in stock,"https://www.instacart.com/image-server/257x257/filters:fill(FFF,true):format(jpg)/d2lnr5mha7bycj.cloudfront.net/product-image/file/large_c2c19571-f955-4f63-882c-7898ed70b8b2.jpg,"
Costco,"Kirkland Signature Pepperoni Pizza, Thin Crust, 4 ct",$16.99,,,4 x 19.05 oz,[],Many in stock,"https://www.instacart.com/image-server/257x257/filters:fill(FFF,true):format(jpg)/d2lnr5mha7bycj.cloudfront.net/product-image/file/large_a88d2e5d-421f-477d-9592-5f68c192a06f.jpeg,"
Costco,"Ajinomoto Yakitori Chicken Fried Rice, 54 oz",$18.99,,,54 oz,[],Many in stock,"https://www.instacart.com/image-server/257x257/filters:fill(FFF,true):format(jpg)/d2lnr5mha7bycj.cloudfront.net/product-image/file/large_9a8957da-460d-4cba-abe7-d1609648f2bf.jpeg,"
Costco,"Kirkland Signature Cauliflower Crust Pizza, Supreme, 2 ct",$14.99,,,2 ct,['Gluten-Free'],Many in stock,"https://www.instacart.com/image-server/257x257/filters:fill(FFF,true):format(jpg)/d2lnr5mha7bycj.cloudfront.net/product-image/file/large_90920367-ccaa-4eb5-9e45-ba7e3dceeff7.jpg,"
Costco,"Beechers Chile Mac & Cheese, 46 oz",$15.99,,,46 oz,[],,"https://www.instacart.com/image-server/257x257/filters:fill(FFF,true):format(jpg)/d2lnr5mha7bycj.cloudfront.net/product-image/file/large_86823c0a-9b27-4382-b5d2-7f522c5ea8bd.jpg,"
Costco,"Kirkland Signature Italian Sausage and Beef Lasagna, 3 lbs, 2 ct",$20.99,,,2 x 48 oz,[],Many in stock,"https://www.instacart.com/image-server/257x257/filters:fill(FFF,true):format(jpg)/d2lnr5mha7bycj.cloudfront.net/product-image/file/large_70b6c5e1-b565-4baa-9d88-4ec4ab06f40d.jpeg,"
Costco,"Ajinomoto Yakisoba with Vegetables, All Natural, 9 oz, 6 ct",$17.99,,,6 x 9 oz,[],Many in stock,"https://www.instacart.com/image-server/257x257/filters:fill(FFF,true):format(jpg)/d2lnr5mha7bycj.cloudfront.net/product-image/file/large_ebdb5027-8ab3-46c6-a809-460edb34d5e6.jpg,"
Costco,"Ajinomoto Shoyu Ramen Bowls with Chicken, 6 ct",$21.99,,,56.7 oz,[],Many in stock,"https://www.instacart.com/image-server/257x257/filters:fill(FFF,true):format(jpg)/d2lnr5mha7bycj.cloudfront.net/product-image/file/large_2e0edd50-9173-45bd-9ba3-123f3d232d1b.jpg,"
Costco,"Motor City Pizza Co. Double Pepperoni Pizza, 2 ct",$15.99,,,2 x 57.05 oz,[],Many in stock,"https://www.instacart.com/image-server/257x257/filters:fill(FFF,true):format(jpg)/d2lnr5mha7bycj.cloudfront.net/product-image/file/large_2bf316ef-c2f8-40af-9a9b-e0ba27ecbe61.jpeg,"
Costco,"Charlotte's Crustoffs Peanut Butter & Grape Sandwiches, 18-count",$15.99,,,18 x 2.8 oz,[],Many in stock,"https://www.instacart.com/image-server/257x257/filters:fill(FFF,true):format(jpg)/d2lnr5mha7bycj.cloudfront.net/product-image/file/large_273e9d92-d1ee-467b-96dc-36bc9f672d59.jpg,"
Costco,"Bibigo Vegetable Spring Rolls, 50 ct",$11.99,,,48 oz,[],,"https://www.instacart.com/image-server/257x257/filters:fill(FFF,true):format(jpg)/d2lnr5mha7bycj.cloudfront.net/product-image/file/large_3b1b1112-6c85-4bbf-bc42-05d2971b9845.jpg,"
Costco,"Sabatasso's Gluten-Free Four-Cheese Pizza, 3-pack",$20.99,,,52.5 oz,['Gluten-Free'],Many in stock,"https://www.instacart.com/image-server/257x257/filters:fill(FFF,true):format(jpg)/d2lnr5mha7bycj.cloudfront.net/product-image/file/large_0b9b9251-db0a-4296-a4db-379c8df69c26.jpg,"
Costco,"LXZ Pampano Rice Noodle Soup , 7.23 lb",$24.99,,,7.33 lb,[],,"https://www.instacart.com/image-server/257x257/filters:fill(FFF,true):format(jpg)/d2lnr5mha7bycj.cloudfront.net/product-image/file/large_9be199ea-02ba-4f4b-80f2-354433e9b95d.jpg,"
Costco,"Lapaloma Mini Empanadas, Beef Nacho Style, 36 ct",$14.59,,,36 ct,[],Many in stock,"https://www.instacart.com/image-server/257x257/filters:fill(FFF,true):format(jpg)/d2lnr5mha7bycj.cloudfront.net/product-image/file/large_04746850-fe4b-48c1-9e3c-1d47b2a85b29.jpg,"
Costco,"Don Lee Farms Mini Crispy Tacos Variety Pack, 30-count",$21.99,,,30 ct,[],Many in stock,"https://www.instacart.com/image-server/257x257/filters:fill(FFF,true):format(jpg)/d2lnr5mha7bycj.cloudfront.net/product-image/file/large_ed30e152-33ed-4935-85a3-bbde17e64ac7.jpg,"
Costco,"Kirkland Signature Cheese Pizza, 18.25 oz, 4 ct",$14.99,,,4 ct,[],Many in stock,"https://www.instacart.com/image-server/257x257/filters:fill(FFF,true):format(jpg)/d2lnr5mha7bycj.cloudfront.net/product-image/file/large_a88eac87-00e4-490b-9f26-c08f438b8aa2.jpg,"
Costco,"Ventera Ranch Kung Pao Chicken, 38 oz.",$8.69,,,38 oz,[],,"https://www.instacart.com/image-server/257x257/filters:fill(FFF,true):format(jpg)/d2lnr5mha7bycj.cloudfront.net/product-image/file/large_5682400e-98d8-4530-910b-39f833b41e58.jpg,"
Costco,"Don Miguel Breakfast Burritos, Egg and Sausage, 7 oz, 6 ct",$15.59,,,42 oz,[],,"https://www.instacart.com/image-server/257x257/filters:fill(FFF,true):format(jpg)/d2lnr5mha7bycj.cloudfront.net/product-image/file/large_7cef7180-947d-426f-8f48-e0d972a6ae23.jpg,"
Costco,Ventera Nashville Style Hot Chicken,$9.59,/lb,,$0.60/oz,[],,"https://www.instacart.com/image-server/257x257/filters:fill(FFF,true):format(jpg)/d2lnr5mha7bycj.cloudfront.net/product-image/file/large_2eb93a7b-8f53-442b-ba3e-401e274ee906.jpg,"
Costco,"Snapdragon Chicken Pad Thai, 2 x 16 oz",$16.99,,,32 oz,[],Many in stock,"https://www.instacart.com/image-server/257x257/filters:fill(FFF,true):format(jpg)/d2lnr5mha7bycj.cloudfront.net/product-image/file/large_5a345e48-2de9-482c-884e-f9d2e22b1f02.jpg,"
Costco,"Rana Meal Solutions Tagliatelle Chicken & Portobello, 40 oz",$15.24,,,40 oz,[],,"https://www.instacart.com/image-server/257x257/filters:fill(FFF,true):format(jpg)/d2lnr5mha7bycj.cloudfront.net/product-image/file/large_48311727-3a15-43e1-9156-4ff42710a045.jpg,"
Costco,"Amnon's New York Select Kosher Cheese Pizza, 36 oz",$24.99,,,36 oz,[],,"https://www.instacart.com/image-server/257x257/filters:fill(FFF,true):format(jpg)/d2lnr5mha7bycj.cloudfront.net/product-image/file/large_0368b12c-f818-428f-b5dc-0f46d9d85c67.jpg,"
Costco,"Pierre Signatures Chicken Sandwiches, 6 oz, 6-count",$15.99,,,6 x 6 oz,[],,"https://www.instacart.com/image-server/257x257/filters:fill(FFF,true):format(jpg)/d2lnr5mha7bycj.cloudfront.net/product-image/file/large_f7ee167c-a602-4897-9617-1b157bf934b9.jpg,"
Costco,"Liquid I.V. Hydration Multiplier Electrolyte Drink Mix, Variety Pack, 0.56 oz, 30 ct",$35.99,,,30 x 0.56 oz,[],Many in stock,"https://www.instacart.com/image-server/257x257/filters:fill(FFF,true):format(jpg)/d2lnr5mha7bycj.cloudfront.net/product-image/file/large_0d9b0120-f000-470d-9e78-794618a05f8d.jpg,"
Costco,"Arm & Hammer Plus OxiClean Max Liquid Laundry Detergent, Fresh Scent, 200 fl oz",$18.99,,,200 fl oz,[],,"https://www.instacart.com/image-server/257x257/filters:fill(FFF,true):format(jpg)/d2lnr5mha7bycj.cloudfront.net/product-image/file/large_3e55c7de-4817-44be-895c-d2e58e27a0ff.jpg,"
Costco,"2 Dozen Premium Roses Rainforest Alliance Certified, Assorted Colors",$23.99,,,2,[],,"https://www.instacart.com/image-server/257x257/filters:fill(FFF,true):format(jpg)/d2lnr5mha7bycj.cloudfront.net/product-image/file/large_c2d2b866-0ac3-4886-a138-89e2aea5776c.jpg,"
Costco,Kirkland Signature Salmon Milano with Basil Pesto Butter,$35.85,each (est.),$16.99 / lb,About 2.11 lb each,[],,"https://www.instacart.com/image-server/257x257/filters:fill(FFF,true):format(jpg)/d2lnr5mha7bycj.cloudfront.net/product-image/file/large_a3e0678b-d841-4b2f-99cf-f5be9da88858.jpeg,"
Costco,"Kirkland Signature Cold Brew Coffee, Colombian, 11 fl oz, 12 ct",$19.99,,,12 x 11 fl oz,[],Many in stock,"https://www.instacart.com/image-server/257x257/filters:fill(FFF,true):format(jpg)/d2lnr5mha7bycj.cloudfront.net/product-image/file/large_0bbf819d-b54b-43ba-9ff7-383c0e152688.jpeg,"
Costco,"Kirkland Signature Absorbent Pads, 23""x30"", 100 ct",$21.99,,,100 ct,[],Many in stock,"https://www.instacart.com/image-server/257x257/filters:fill(FFF,true):format(jpg)/d2lnr5mha7bycj.cloudfront.net/product-image/file/large_4f494a18-874d-4884-bfac-2a80316ae423.jpeg,"
Costco,"Kirkland Signature Prosecco DOCG, Italy, 750 ml",$10.09,,,750 ml,['Light-Bodied'],Many in stock,"https://www.instacart.com/image-server/257x257/filters:fill(FFF,true):format(jpg)/d2lnr5mha7bycj.cloudfront.net/product-image/file/large_23bf55ae-b498-49fd-937b-1a35a6c35521.jpeg,"
Costco,"Kirkland Signature Hard Seltzer, 24 x 12 fl oz",$32.49,,,24 x 12 oz,['Gluten-Free'],,"https://www.instacart.com/image-server/257x257/filters:fill(FFF,true):format(jpg)/d2lnr5mha7bycj.cloudfront.net/product-image/file/large_c91bd7c5-84c6-459f-91f0-dd98d667100e.jpg,"
Costco,"Kirkland Signature Diapers, Size 6, 132 ct",$55.99,,,132 ct,['Size 6'],Many in stock,"https://www.instacart.com/image-server/257x257/filters:fill(FFF,true):format(jpg)/d2lnr5mha7bycj.cloudfront.net/product-image/file/large_760be256-6bd6-4add-8d10-d4d15e70f423.jpg,"
Costco,"Kirkland Signature Nature's Domain Salmon & Sweet Potato Dog Food, 35 lbs",$48.99,,,35 lb,[],Many in stock,"https://www.instacart.com/image-server/257x257/filters:fill(FFF,true):format(jpg)/d2lnr5mha7bycj.cloudfront.net/product-image/file/large_1053500b-af6f-4791-a54d-8423c69ba7b3.jpg,"
Costco,"Premier Protein Shake, 30g Protein, Chocolate, 11 fl oz, 18 ct",$37.99,,,18 x 11 fl oz,[],,"https://www.instacart.com/image-server/257x257/filters:fill(FFF,true):format(jpg)/d2lnr5mha7bycj.cloudfront.net/product-image/file/large_4f7f7e26-e405-4496-b6b4-7abdc566f5d3.jpg,"
Costco,"Kirkland Signature Nitrile Exam Gloves, Medium, 2 x 200 ct",$23.99,,,2 ct,[],Many in stock,"https://www.instacart.com/image-server/257x257/filters:fill(FFF,true):format(jpg)/d2lnr5mha7bycj.cloudfront.net/product-image/file/large_244b3599-7970-4117-adc3-61c1ddac1bb6.jpg,"
Costco,"Kirkland Signature Alkaline Water, 1 Liter, 18 ct",$11.99,,,18 x 33.8 fl oz,[],Many in stock,"https://www.instacart.com/image-server/257x257/filters:fill(FFF,true):format(jpg)/d2lnr5mha7bycj.cloudfront.net/product-image/file/large_de2603a3-ee59-4066-a34a-871fcc366808.jpg,"
Costco,"Kirkland Signature Thick Sliced Bacon, 2 x 1.5 lbs",$13.99,,,2 x 1.5 lb,[],Many in stock,"https://www.instacart.com/image-server/257x257/filters:fill(FFF,true):format(jpg)/d2lnr5mha7bycj.cloudfront.net/product-image/file/large_0e0f5cef-fa19-4b68-bae3-3e8644c0cd82.jpg,"
Costco,"Dave's Organic Bread, 21 Whole Grains, 27 oz, 2 ct",$10.59,,,2 x 27 oz,['Organic'],Many in stock,"https://www.instacart.com/image-server/257x257/filters:fill(FFF,true):format(jpg)/d2lnr5mha7bycj.cloudfront.net/product-image/file/large_ec5cb002-99ed-4f2e-abeb-f6b754d964f0.jpg,"
Costco,"Del Monte Cut Green Beans, 14.5 oz can, 12 ct",$13.99,,,14.5 oz,[],Many in stock,"https://www.instacart.com/image-server/257x257/filters:fill(FFF,true):format(jpg)/d2lnr5mha7bycj.cloudfront.net/product-image/file/large_14d9a12e-34fb-4ae7-8895-9bbc370f53db.jpg,"
Costco,"S&W Organic Black Beans, 8 x 15 oz",$10.59,,,8 x 15 oz,['Organic'],Many in stock,"https://www.instacart.com/image-server/257x257/filters:fill(FFF,true):format(jpg)/d2lnr5mha7bycj.cloudfront.net/product-image/file/large_2a81d3e2-9687-4a4c-8c5c-bdc2096c782b.jpeg,"
Costco,"Krusteaz Buttermilk Complete Pancake Mix, 10 lbs",$9.99,,,10 lb,[],,"https://www.instacart.com/image-server/257x257/filters:fill(FFF,true):format(jpg)/d2lnr5mha7bycj.cloudfront.net/product-image/file/large_6fd71087-a7c2-41ec-87f8-cb0f4e0da2c1.jpg,"
Costco,"Quaker Instant Oatmeal, Variety Pack, 1.51 oz, 52 ct",$15.99,,,52 ct,[],Many in stock,"https://www.instacart.com/image-server/257x257/filters:fill(FFF,true):format(jpg)/d2lnr5mha7bycj.cloudfront.net/product-image/file/large_8407814d-cf2c-451e-bac0-97896986e962.jpg,"
Costco,"Coleman Natural Foods Bacon, Hickory Smoked, 12 oz, 3 ct",$16.99,,,3 x 12 oz,[],Many in stock,"https://www.instacart.com/image-server/257x257/filters:fill(FFF,true):format(jpg)/d2lnr5mha7bycj.cloudfront.net/product-image/file/large_74455811-080e-4023-ba9c-7f817d17e357.jpg,"
Costco,"El Monterey Chicken And Cheese Taquitos, 30-count",$16.99,,,30 ct,[],Many in stock,"https://www.instacart.com/image-server/257x257/filters:fill(FFF,true):format(jpg)/d2lnr5mha7bycj.cloudfront.net/product-image/file/large_6076848c-394f-46af-8b62-3ada00627002.jpg,"
Costco,"Bibigo Mini Chicken & Cilantro Wontons, 48 oz",$11.99,,,48 oz,[],Many in stock,"https://www.instacart.com/image-server/257x257/filters:fill(FFF,true):format(jpg)/d2lnr5mha7bycj.cloudfront.net/product-image/file/large_eb4c7e25-62c2-4450-a1eb-933767c470d5.jpg,"
Costco,"Ling Ling All Natural Potstickers, Chicken & Vegetable, 4.2 lbs",$15.99,,,67.2 oz,[],Many in stock,"https://www.instacart.com/image-server/257x257/filters:fill(FFF,true):format(jpg)/d2lnr5mha7bycj.cloudfront.net/product-image/file/large_5987b790-2992-46cf-b24d-781fd5a4a809.jpg,"
Costco,"Tropicland Organic Sweet Potato Fries, 4 lbs",$11.99,,,4 lb,[],Many in stock,"https://www.instacart.com/image-server/257x257/filters:fill(FFF,true):format(jpg)/d2lnr5mha7bycj.cloudfront.net/product-image/file/large_ee576b53-573e-4b48-8e34-ec67e6a0a6f6.jpg,"
Costco,"Petite Cuisine Mozzarella Sticks, 5 lbs",$19.99,,,5 lb,[],Many in stock,"https://www.instacart.com/image-server/257x257/filters:fill(FFF,true):format(jpg)/d2lnr5mha7bycj.cloudfront.net/product-image/file/large_28e76656-8024-4d26-9c26-08eb6f261b2e.jpg,"
Costco,"Brazi Bites Brazilian Cheese Bread, 36 oz",$17.99,,,62 x 36 oz,['Gluten-Free'],Many in stock,"https://www.instacart.com/image-server/257x257/filters:fill(FFF,true):format(jpg)/d2lnr5mha7bycj.cloudfront.net/product-image/file/large_dfa2bfde-684a-4190-be1b-71e8ba21c73a.jpg,"
Costco,"Foster Farms Mini Corn Dogs, 84-count",$13.59,,,84 ct,[],Many in stock,"https://www.instacart.com/image-server/257x257/filters:fill(FFF,true):format(jpg)/d2lnr5mha7bycj.cloudfront.net/product-image/file/large_e8aeec83-c739-43ba-8dd8-860b5305ac5b.jpg,"
Costco,"Totino's Pizza Rolls, Pepperoni, 39.9 oz, 2 count",$14.99,,,2 x 39.9 oz,[],,"https://www.instacart.com/image-server/257x257/filters:fill(FFF,true):format(jpg)/d2lnr5mha7bycj.cloudfront.net/product-image/file/large_22259700-8788-46f0-88a9-82c0aacd71bb.jpg,"
Costco,"Macabee Pizza Bagels, Mozzarella Cheese And Seasoned Sauce, 24-count",$14.99,,,61.33 oz,[],Many in stock,"https://www.instacart.com/image-server/257x257/filters:fill(FFF,true):format(jpg)/d2lnr5mha7bycj.cloudfront.net/product-image/file/large_3c55f826-3e96-483a-a9cb-a111750c40ba.jpg,"
Costco,"Partini Bacon Wrapped Jalapeno Poppers, 20 ct",$14.99,,,20 ct,[],Many in stock,"https://www.instacart.com/image-server/257x257/filters:fill(FFF,true):format(jpg)/d2lnr5mha7bycj.cloudfront.net/product-image/file/large_d9111079-49e0-4646-8b46-571f8a5a82f6.jpg,"
Costco,"La Vie Gourmand Halloumi Cheese Fries, 1.28 lbs.",$15.99,,,1.28 lb,[],Many in stock,"https://www.instacart.com/image-server/257x257/filters:fill(FFF,true):format(jpg)/d2lnr5mha7bycj.cloudfront.net/product-image/file/large_18534f08-3707-436c-8890-e94b6beb5e26.jpg,"
Costco,"Cuisine Adventures Green Chile Chicken Firecrackers, 30 oz",$16.99,,,30 oz,[],Many in stock,"https://www.instacart.com/image-server/257x257/filters:fill(FFF,true):format(jpg)/d2lnr5mha7bycj.cloudfront.net/product-image/file/large_deff04cf-7021-45e0-bf9a-484e0d526714.jpg,"
Costco,"Kasia's Cheese Blintzes, 2 X 13 oz",$10.99,,,2 x 13 oz,[],Many in stock,"https://www.instacart.com/image-server/257x257/filters:fill(FFF,true):format(jpg)/d2lnr5mha7bycj.cloudfront.net/product-image/file/large_7e0bfd51-8a24-41f1-8409-1c53ff8da91b.jpg,"
Costco,"Kirkland Signature Shredded Cheddar Jack Cheeses, 2 x 2.5 lbs",$15.99,,,2 x 2.5 lb,[],Many in stock,"https://www.instacart.com/image-server/257x257/filters:fill(FFF,true):format(jpg)/d2lnr5mha7bycj.cloudfront.net/product-image/file/large_fb4792ff-10c2-45e0-821f-ce7680c95cdb.jpg,"
Costco,"Frigo Cheese Heads String Cheese Sticks, Original, 1 oz, 60 ct",$13.59,,,60 x 1 oz,['Keto'],Many in stock,"https://www.instacart.com/image-server/257x257/filters:fill(FFF,true):format(jpg)/d2lnr5mha7bycj.cloudfront.net/product-image/file/large_e874fddc-0924-4e90-818e-fa69f103472a.jpeg,"
Costco,"Tillamook Extra Sharp White Cheddar Cheese, 2 lbs",$14.99,,,32 oz,"['Cow Milk', 'Keto']",,"https://www.instacart.com/image-server/257x257/filters:fill(FFF,true):format(jpg)/d2lnr5mha7bycj.cloudfront.net/product-image/file/large_119ddc3c-c241-4a6b-9eea-89190a98c411.jpg,"
Costco,"Kirkland Signature Shredded Parmigiano Reggiano, 16 oz",$16.99,,,16 oz,[],Many in stock,"https://www.instacart.com/image-server/257x257/filters:fill(FFF,true):format(jpg)/d2lnr5mha7bycj.cloudfront.net/product-image/file/large_68f58ef0-6d59-4fcf-aebd-ccd91f6165ad.jpg,"
Costco,"Babybel Mini Snack Cheese, Original, 0.71 oz, 36 ct",$16.99,,,36 x 0.75 oz,['Cow Milk'],Many in stock,"https://www.instacart.com/image-server/257x257/filters:fill(FFF,true):format(jpg)/d2lnr5mha7bycj.cloudfront.net/product-image/file/large_f6a13a92-e38d-4a38-817e-1ac28ef99738.jpg,"
Costco,"Kirkland Signature Shredded Mozzarella, 2 X 2.5 lbs",$14.99,,,2 x 2.5 lb,['Keto'],Many in stock,"https://www.instacart.com/image-server/257x257/filters:fill(FFF,true):format(jpg)/d2lnr5mha7bycj.cloudfront.net/product-image/file/large_37246f74-cf91-44e0-a1fd-7329a1d18fc2.jpg,"
Costco,"Queso Mama White Queso With Green Chiles, 32 oz",$10.99,,,32 oz,[],Many in stock,"https://www.instacart.com/image-server/257x257/filters:fill(FFF,true):format(jpg)/d2lnr5mha7bycj.cloudfront.net/product-image/file/large_5f267e53-d2d6-46a5-8cbd-dae298aa63ce.jpg,"
Costco,"Cello Cheese Cracker Cut Tray, 2 lbs",$15.99,,,2 lb,[],Many in stock,"https://www.instacart.com/image-server/257x257/filters:fill(FFF,true):format(jpg)/d2lnr5mha7bycj.cloudfront.net/product-image/file/large_81d0b4c6-8887-414e-934e-9ab2b678813a.jpg,"
Costco,"Organic Valley Stringles String Cheese, 24 oz",$11.99,,,24 oz,"['Organic', 'Non-GMO']",Many in stock,"https://www.instacart.com/image-server/257x257/filters:fill(FFF,true):format(jpg)/d2lnr5mha7bycj.cloudfront.net/product-image/file/large_871d7c75-b7fa-4e9c-8c92-6a188d18981e.jpg,"
Costco,"BelGioioso Fresh Mozzarella Snacking Cheese, 1 oz, 24 ct",$11.99,,,24 x 1 oz,[],Many in stock,"https://www.instacart.com/image-server/257x257/filters:fill(FFF,true):format(jpg)/d2lnr5mha7bycj.cloudfront.net/product-image/file/large_ac9596c3-2ba3-44fd-9f9b-e47061e32c97.jpeg,"
Costco,"Kraft Singles American Cheese, 96 Slices, 4 lbs",$15.59,,,4 lb,[],,"https://www.instacart.com/image-server/257x257/filters:fill(FFF,true):format(jpg)/d2lnr5mha7bycj.cloudfront.net/product-image/file/large_700660be-f44a-47e5-8dcc-6d0c08a47ef5.jpg,"
Costco,"Kirkland Signature Fresh Sliced Mozzarella, 2 x 18 oz",$9.99,,,2 x 18 oz,[],Many in stock,"https://www.instacart.com/image-server/257x257/filters:fill(FFF,true):format(jpg)/d2lnr5mha7bycj.cloudfront.net/product-image/file/large_77d0a733-5bb5-4290-bdbe-6470ddaabc34.jpg,"
Costco,"Kraft Grated Parmesan Cheese, 24 oz",$9.99,,,24 oz,['Keto'],,"https://www.instacart.com/image-server/257x257/filters:fill(FFF,true):format(jpg)/d2lnr5mha7bycj.cloudfront.net/product-image/file/large_d3aab99c-cdef-4e38-892f-402f498db121.jpg,"
Costco,"Tillamook Medium Cheddar Cheese, 2.5 lbs",$10.99,,,2.5 lb,"['Cow Milk', 'Keto']",Many in stock,"https://www.instacart.com/image-server/257x257/filters:fill(FFF,true):format(jpg)/d2lnr5mha7bycj.cloudfront.net/product-image/file/large_007f9932-3a4f-4502-a313-f5ae4c59c52c.jpg,"
Costco,"Boursin Gournay Cheese Variety Pack, 3 x 5.2 oz",$11.99,,,3 x 5.2 oz,[],Many in stock,"https://www.instacart.com/image-server/257x257/filters:fill(FFF,true):format(jpg)/d2lnr5mha7bycj.cloudfront.net/product-image/file/large_87eedb1c-cb46-4ab9-9385-2c1fbf57440b.jpg,"
Costco,"Cabot Seriously Sharp Cheddar Cheese, 2 lbs",$10.99,,,2 lb,[],Many in stock,"https://www.instacart.com/image-server/257x257/filters:fill(FFF,true):format(jpg)/d2lnr5mha7bycj.cloudfront.net/product-image/file/large_f2008308-bc80-4eea-a770-659fba271915.jpg,"
Costco,"Kirkland Signature Organic Greek Feta, 28.2 oz",$15.99,,,28.2 oz,"['Organic', 'Non-GMO']",Many in stock,"https://www.instacart.com/image-server/257x257/filters:fill(FFF,true):format(jpg)/d2lnr5mha7bycj.cloudfront.net/product-image/file/large_0d710e10-a9e7-4116-a9b4-6e6159720d04.jpg,"
Costco,"Arla Sliced Havarti Cheese, 2 lbs",$10.99,,,2 lb,[],,"https://www.instacart.com/image-server/257x257/filters:fill(FFF,true):format(jpg)/d2lnr5mha7bycj.cloudfront.net/product-image/file/large_2d31e6e6-6962-411d-bf04-19fd6a99e14f.jpg,"
Costco,Kirkland Signature Coastal Cheddar,$16.41,/pkg (est.),$8.59 / lb,About 1.91 lb / package,[],,"https://www.instacart.com/image-server/257x257/filters:fill(FFF,true):format(jpg)/d2lnr5mha7bycj.cloudfront.net/product-image/file/large_fb3f79f2-f591-4826-b796-fc75e54d7e48.jpg,"
Costco,"Roth 4 Variety Pack Cheese Slices, 2 lb Package",$11.99,,,2 lb,['Cow Milk'],Many in stock,"https://www.instacart.com/image-server/257x257/filters:fill(FFF,true):format(jpg)/d2lnr5mha7bycj.cloudfront.net/product-image/file/large_f9822193-3107-4785-a34b-800245d96fef.jpeg,"
Costco,Kirkland Signature Italian Parmesan Parmigiano Reggiano,$20.13,/pkg (est.),$12.99 / lb,About 1.55 lb / package,[],,"https://www.instacart.com/image-server/257x257/filters:fill(FFF,true):format(jpg)/d2lnr5mha7bycj.cloudfront.net/product-image/file/large_1712bd53-e634-4900-b1be-ac8b8982a4c1.jpg,"
Costco,"Kirkland Signature Fresh Goat Cheese, 10.5 oz, 2 ct",$9.59,,,2 x 10.5 oz,['Goat Milk'],Many in stock,"https://www.instacart.com/image-server/257x257/filters:fill(FFF,true):format(jpg)/d2lnr5mha7bycj.cloudfront.net/product-image/file/large_18ddef5a-47f9-441f-bb81-0c45cba7d879.jpeg,"
Costco,Tnuva Feta Sheep's Milk Cheese,$19.28,/pkg (est.),$9.99 / lb,About 1.93 lb / package,[],,"https://www.instacart.com/image-server/257x257/filters:fill(FFF,true):format(jpg)/d2lnr5mha7bycj.cloudfront.net/product-image/file/large_5d664617-7b94-426b-abea-75eb206129d1.jpg,"
Costco,"Belgioioso Burrata, 16 oz",$8.99,,,16 oz,['Keto'],Many in stock,"https://www.instacart.com/image-server/257x257/filters:fill(FFF,true):format(jpg)/d2lnr5mha7bycj.cloudfront.net/product-image/file/large_0ab23f4f-4e7f-4586-88e3-2d8471b4fcc6.jpg,"
Costco,"Kerrygold Dubliner Cheese, 100% Natural",$16.16,/pkg (est.),$8.69 / lb,About 1.86 lb / package,[],,"https://www.instacart.com/image-server/257x257/filters:fill(FFF,true):format(jpg)/d2lnr5mha7bycj.cloudfront.net/product-image/file/large_32b0f086-3808-47fb-b708-cf79feac987a.jpg,"
Costco,Meridith Feta Cheese Marinated Garlic Oil 19.4 oz,$18.99,,,19.4 oz,[],,"https://www.instacart.com/image-server/257x257/filters:fill(FFF,true):format(jpg)/d2lnr5mha7bycj.cloudfront.net/product-image/file/large_f6ed3a34-f0ae-4d97-99e3-0220d7e759f2.jpeg,"
Costco,Beemster Gouda Aged 20 Month,$11.75,/pkg (est.),$11.99 / lb,About 0.98 lb / package,[],,"https://www.instacart.com/image-server/257x257/filters:fill(FFF,true):format(jpg)/d2lnr5mha7bycj.cloudfront.net/product-image/file/large_bff3211f-c0da-4585-842e-3328f583313d.jpeg,"
Costco,"BelGioioso Shredded Parmesan Romano, 2 lb",$14.99,,,2 lb,['Cow Milk'],Many in stock,"https://www.instacart.com/image-server/257x257/filters:fill(FFF,true):format(jpg)/d2lnr5mha7bycj.cloudfront.net/product-image/file/large_8377f706-c954-43cc-b70e-480f2fb446e6.jpg,"
Costco,"Kirkland Signature Spanish Manchego, Aged 6 Months",$26.98,/pkg (est.),$14.99 / lb,About 1.8 lb / package,[],,"https://www.instacart.com/image-server/257x257/filters:fill(FFF,true):format(jpg)/d2lnr5mha7bycj.cloudfront.net/product-image/file/large_47afd110-71da-420e-bee6-d2b2852de710.jpg,"
Costco,"Natural & Kosher Sliced Muenster Cheese, 32 oz",$13.99,,,32 oz,['Keto'],Many in stock,"https://www.instacart.com/image-server/257x257/filters:fill(FFF,true):format(jpg)/d2lnr5mha7bycj.cloudfront.net/product-image/file/large_582171fe-799e-4970-87f5-29a55026b46e.jpg,"
Costco,"Dodoni Greek Feta, 28 Oz",$16.99,,,28 oz,[],Many in stock,"https://www.instacart.com/image-server/257x257/filters:fill(FFF,true):format(jpg)/d2lnr5mha7bycj.cloudfront.net/product-image/file/large_aed13056-728e-4073-8062-85cb2a0fef88.jpg,"
Costco,"Kirkland Signature Shredded Sharp Cheddar Cheese, 2.5 lbs, 2 count",$19.99,,,2 x 2.5 lb,['Keto'],Many in stock,"https://www.instacart.com/image-server/257x257/filters:fill(FFF,true):format(jpg)/d2lnr5mha7bycj.cloudfront.net/product-image/file/large_34169b61-d9af-4546-a9a8-7e56ace679dc.jpg,"
Costco,"Cello Feta Cheese, Crumbles, 24 oz",$8.69,,,24 oz,[],Many in stock,"https://www.instacart.com/image-server/257x257/filters:fill(FFF,true):format(jpg)/d2lnr5mha7bycj.cloudfront.net/product-image/file/large_1a7bd15f-fa9a-48a4-940d-dc4916120fd3.jpg,"
Costco,"Adams Reserve Extra Sharp Cheddar Cheese Slices, 32 oz",$9.99,,,6/32 oz,[],Many in stock,"https://www.instacart.com/image-server/257x257/filters:fill(FFF,true):format(jpg)/d2lnr5mha7bycj.cloudfront.net/product-image/file/large_2988cc25-e36b-4812-8888-0c895a50e5ed.jpg,"
Costco,"Farm Rich Breaded Cheddar Cheese Curds, 2.5 lbs",$13.99,,,2.5 lb,[],Many in stock,"https://www.instacart.com/image-server/257x257/filters:fill(FFF,true):format(jpg)/d2lnr5mha7bycj.cloudfront.net/product-image/file/large_55765bb6-ee40-41cc-b54d-4202e74ac56f.jpg,"
Costco,"Natural & Kosher Shred Mexican Blend, 32 oz",$11.99,,,32 oz,[],Many in stock,"https://www.instacart.com/image-server/257x257/filters:fill(FFF,true):format(jpg)/d2lnr5mha7bycj.cloudfront.net/product-image/file/large_a7abc513-4efe-4a60-92c4-8a52d3191b42.jpg,"
Costco,"Kirkland Signature French Brie, 1.32 lbs",$11.99,,,1.32 lb,[],Many in stock,"https://www.instacart.com/image-server/257x257/filters:fill(FFF,true):format(jpg)/d2lnr5mha7bycj.cloudfront.net/product-image/file/large_89217916-22ae-4b13-a87c-8cac8a81572d.jpg,"
Costco,"Snowdonia Cheese Company Truffle Trove, 7 oz",$9.69,,,7 oz,[],,"https://www.instacart.com/image-server/257x257/filters:fill(FFF,true):format(jpg)/d2lnr5mha7bycj.cloudfront.net/product-image/file/large_29b748e9-4776-4bc1-8683-1b2dcf47fde0.jpg,"
Costco,Kirkland Signature Pecorino Romano Cheese,$27.84,/pkg (est.),$13.99 / lb,About 1.99 lb / package,[],,"https://www.instacart.com/image-server/257x257/filters:fill(FFF,true):format(jpg)/d2lnr5mha7bycj.cloudfront.net/product-image/file/large_b68f7f47-4c6c-4724-ab3b-d44dcaaddb77.jpeg,"
Costco,"Kirkland Signature Baguette, 2 x 24 oz",$7.49,,,2 x 24 oz,[],Many in stock,"https://www.instacart.com/image-server/257x257/filters:fill(FFF,true):format(jpg)/d2lnr5mha7bycj.cloudfront.net/product-image/file/large_368444bc-eea9-4221-bc6c-776da1a9015e.jpg,"
Costco,"Sara Lee Artesano Bread, 2 x 20 oz",$5.99,,,2 x 20 oz,[],Many in stock,"https://www.instacart.com/image-server/257x257/filters:fill(FFF,true):format(jpg)/d2lnr5mha7bycj.cloudfront.net/product-image/file/large_b54c0df3-a88d-4d3e-beff-8a21a60dbd5d.jpg,"
Costco,"Kirkland Signature Country French Bread, 2-pack",$7.49,,,2 ct,[],Many in stock,"https://www.instacart.com/image-server/257x257/filters:fill(FFF,true):format(jpg)/d2lnr5mha7bycj.cloudfront.net/product-image/file/large_1d76144f-3e29-4f06-b41b-eb9798dd6b2f.jpeg,"
Costco,"Schwebel's Giant White Bread, 2 X 22 oz",$4.99,,,2 x 22 oz,[],Many in stock,"https://www.instacart.com/image-server/257x257/filters:fill(FFF,true):format(jpg)/d2lnr5mha7bycj.cloudfront.net/product-image/file/large_df153f47-e9c1-4481-b2b9-54217e32a374.jpg,"
Costco,"Canyon Bakehouse Multigrain Bread, Gluten Free, 16 oz, 2 ct",$11.99,,,32 oz,['Gluten-Free'],Many in stock,"https://www.instacart.com/image-server/257x257/filters:fill(FFF,true):format(jpg)/d2lnr5mha7bycj.cloudfront.net/product-image/file/large_38ed60aa-f668-4f64-975d-530e4b3a352e.jpg,"
Costco,Kirkland Signature Roasted Garlic Parmesan Bread,$9.99,,,1 each,[],,"https://www.instacart.com/image-server/257x257/filters:fill(FFF,true):format(jpg)/d2lnr5mha7bycj.cloudfront.net/product-image/file/large_608ccb51-8f08-4b02-931d-c5c86d9f81ae.jpg,"
Costco,"Schwebel's Rheuben Rye Bread, 36 oz",$4.89,,,36 oz,[],Many in stock,"https://www.instacart.com/image-server/257x257/filters:fill(FFF,true):format(jpg)/d2lnr5mha7bycj.cloudfront.net/product-image/file/large_be6150d0-3a5c-4e61-83b6-bec0dc4549e7.jpg,"
Costco,"Stan’s San Francisco Sourdough Bread, 32 oz",$5.59,,,32 oz,[],Many in stock,"https://www.instacart.com/image-server/257x257/filters:fill(FFF,true):format(jpg)/d2lnr5mha7bycj.cloudfront.net/product-image/file/large_b766bd90-79e5-4d0f-ae58-f63481ac9bf0.jpg,"
Costco,"The Essential Baking Company Organic Sourdough Bread, 54.6 oz",$10.99,,,54.6 oz,['Organic'],,"https://www.instacart.com/image-server/257x257/filters:fill(FFF,true):format(jpg)/d2lnr5mha7bycj.cloudfront.net/product-image/file/large_f9c1fd25-981a-4614-8a14-9ac806c8cb10.jpg,"
Costco,"Innkeeper's Multigrain Bread, 28 oz, 2 count",$6.69,,,56 oz,[],,"https://www.instacart.com/image-server/257x257/filters:fill(FFF,true):format(jpg)/d2lnr5mha7bycj.cloudfront.net/product-image/file/large_94973fb7-ab31-4f02-9084-6b083944e563.jpg,"
Costco,"Natural Ovens Keto Friendly Bread, 2 x 18 oz",$11.99,,,2 x 18 oz,['Keto'],Many in stock,"https://www.instacart.com/image-server/257x257/filters:fill(FFF,true):format(jpg)/d2lnr5mha7bycj.cloudfront.net/product-image/file/large_7ebc6b7e-cd75-4532-aece-9058972bfb07.jpeg,"
Costco,Goldbergs Kosher Challah Bread 2/20 oz,$9.99,,,2 x 20 oz,[],,"https://www.instacart.com/image-server/257x257/filters:fill(FFF,true):format(jpg)/d2lnr5mha7bycj.cloudfront.net/product-image/file/large_cf02d9b3-673f-4a75-bc67-fefcc1e85cc4.jpeg,"
Costco,"La Boulangere Brioche Bread, Sliced, 15.87 oz, 2 ct",$12.99,,,2 x 31.75 oz,[],,"https://www.instacart.com/image-server/257x257/filters:fill(FFF,true):format(jpg)/d2lnr5mha7bycj.cloudfront.net/product-image/file/large_faf85d01-a7d4-43fc-96ce-65c2faf94919.jpg,"
Costco,"Nellie Duncan Irish Soda Bread, 40 oz",$8.69,,,40 oz,[],,"https://www.instacart.com/image-server/257x257/filters:fill(FFF,true):format(jpg)/d2lnr5mha7bycj.cloudfront.net/product-image/file/large_1c8daf85-b2d8-41c3-8bb7-323de589e9f4.jpg,"
Costco,"Schwebel's Baking Co Sweet Harvest Wheat, 2 x 20 oz",$4.99,,,20 oz,[],,"https://www.instacart.com/image-server/257x257/filters:fill(FFF,true):format(jpg)/d2lnr5mha7bycj.cloudfront.net/product-image/file/large_3ffa5b07-3a9b-4fbb-a12d-dbc31743366d.jpg,"
Costco,"Rao's Marinara Sauce, 28 oz, 2-count",$14.99,,,2 x 28 oz,[],Many in stock,"https://www.instacart.com/image-server/257x257/filters:fill(FFF,true):format(jpg)/d2lnr5mha7bycj.cloudfront.net/product-image/file/large_64f09c72-291c-4295-993a-bf0c5d6f6bcd.jpg,"
Costco,"Kirkland Signature Italian Basil Pesto, 22 oz",$11.99,,,22 oz,[],Many in stock,"https://www.instacart.com/image-server/257x257/filters:fill(FFF,true):format(jpg)/d2lnr5mha7bycj.cloudfront.net/product-image/file/large_d2c0191b-2e16-4176-87e1-50005e18be2d.jpeg,"
Costco,"Heinz Simply Heinz Ketchup, 3 x 44 oz",$15.99,,,3 x 44 oz,[],,"https://www.instacart.com/image-server/257x257/filters:fill(FFF,true):format(jpg)/d2lnr5mha7bycj.cloudfront.net/product-image/file/large_ec800f7f-618d-4fb6-a2db-a02c1d09eaca.jpg,"
Costco,"Cleveland Kitchen Dill Pickle Chips, 52 oz",$8.69,,,52 oz,[],Many in stock,"https://www.instacart.com/image-server/257x257/filters:fill(FFF,true):format(jpg)/d2lnr5mha7bycj.cloudfront.net/product-image/file/large_caea4828-5e8e-456d-a7f6-d8ba42e386d3.jpg,"
Costco,"Hidden Valley Ranch Dressing, 2 x 40 oz",$15.59,,,2 x 40 fl oz,[],,"https://www.instacart.com/image-server/257x257/filters:fill(FFF,true):format(jpg)/d2lnr5mha7bycj.cloudfront.net/product-image/file/large_23951e21-d1cd-41be-aa4c-90757c56a4ce.jpg,"
Costco,"Bachan's Japanese Barbecue Sauce, Original, 34 oz",$11.99,,,34 oz,[],Many in stock,"https://www.instacart.com/image-server/257x257/filters:fill(FFF,true):format(jpg)/d2lnr5mha7bycj.cloudfront.net/product-image/file/large_e9f40eb9-0860-4a62-967d-f8936157f954.jpg,"
Costco,"Hellmann's Real Mayonnaise, 64 fl oz",$11.99,,,64 fl oz,[],,"https://www.instacart.com/image-server/257x257/filters:fill(FFF,true):format(jpg)/d2lnr5mha7bycj.cloudfront.net/product-image/file/large_6a74074d-9723-4e84-890d-05e0e29ed8f1.jpeg,"
Costco,"Rao's Alfredo Sauce, 2 x 15 oz",$13.99,,,2 x 15 oz,[],Many in stock,"https://www.instacart.com/image-server/257x257/filters:fill(FFF,true):format(jpg)/d2lnr5mha7bycj.cloudfront.net/product-image/file/large_42ba69f8-7564-4763-87a8-f3a5a7651752.jpeg,"
Costco,"Famous Dave's Sweet 'n Spicy Pickles, 64 oz.",$7.99,,,64 oz,[],Many in stock,"https://www.instacart.com/image-server/257x257/filters:fill(FFF,true):format(jpg)/d2lnr5mha7bycj.cloudfront.net/product-image/file/large_9b29903a-8862-4587-81e0-8fe5add3371d.jpg,"
Costco,Cholula Original Hot Sauce,$11.99,,,2 x 12 fl oz,[],Many in stock,"https://www.instacart.com/image-server/257x257/filters:fill(FFF,true):format(jpg)/d2lnr5mha7bycj.cloudfront.net/product-image/file/large_8096110c-b07c-49c4-9a7a-e433ec50ea33.jpeg,"
Costco,"Chosen Foods Avocado Oil Mayonnaise, 32 oz",$11.99,,,32 oz,[],Many in stock,"https://www.instacart.com/image-server/257x257/filters:fill(FFF,true):format(jpg)/d2lnr5mha7bycj.cloudfront.net/product-image/file/large_86810bb5-d6c9-4b46-8672-2ad0dc20db8d.jpg,"
Costco,"Vlasic Kosher Dill Baby Pickles, 2 x 32 oz",$7.99,,,2 x 32 oz,[],Many in stock,"https://www.instacart.com/image-server/257x257/filters:fill(FFF,true):format(jpg)/d2lnr5mha7bycj.cloudfront.net/product-image/file/large_a53ac625-757b-4647-b171-9b7a121045a7.jpg,"
Costco,Jongga Sliced Cabbage Kimchi 52.9 Oz,$9.99,,,52.9 oz,[],,"https://www.instacart.com/image-server/257x257/filters:fill(FFF,true):format(jpg)/d2lnr5mha7bycj.cloudfront.net/product-image/file/large_84fa6005-e84d-4a9b-9d25-509ad97f67e5.jpg,"
Costco,"Kirkland Signature Marinara, 3 x 32 oz",$15.99,,,3 x 32 oz,['Organic'],Many in stock,"https://www.instacart.com/image-server/257x257/filters:fill(FFF,true):format(jpg)/d2lnr5mha7bycj.cloudfront.net/product-image/file/large_d9b1aa30-1a07-49f4-b4f9-2a1a812932f5.jpg,"
Costco,"Classico Organic Pasta Sauce, 3 x 32 oz",$15.99,,,3 x 32 oz,"['Organic', 'Vegan']",Many in stock,"https://www.instacart.com/image-server/257x257/filters:fill(FFF,true):format(jpg)/d2lnr5mha7bycj.cloudfront.net/product-image/file/large_47837c6b-7199-4a00-86c3-e9a06e997d2b.jpeg,"
Costco,"Hidden Valley Ranch Dry Dressing Mix, 20 oz",$13.59,,,20 oz,[],,"https://www.instacart.com/image-server/257x257/filters:fill(FFF,true):format(jpg)/d2lnr5mha7bycj.cloudfront.net/product-image/file/large_0f2d1b3c-24d9-4fe6-8686-c1039c39e238.jpg,"
Costco,"Tasso's Garlic & Jalapeno Double Stuffed Olives, 35.27 oz",$8.49,,,20 oz,['Vegan'],,"https://www.instacart.com/image-server/257x257/filters:fill(FFF,true):format(jpg)/d2lnr5mha7bycj.cloudfront.net/product-image/file/large_46a8e6bc-efc7-4af3-8238-0939a54d942d.jpg,"
Costco,"A.1. Steak Sauce, 2 x 20 oz",$13.99,,,2 x 20 oz,['Vegan'],,"https://www.instacart.com/image-server/257x257/filters:fill(FFF,true):format(jpg)/d2lnr5mha7bycj.cloudfront.net/product-image/file/large_d0d77f1a-fcd6-4416-bac5-1a8f5b3b3e59.jpg,"
Costco,"Sweet Baby Ray's Barbeque Sauce, 2 x 40 oz",$7.39,,,2 x 40 oz,[],Many in stock,"https://www.instacart.com/image-server/257x257/filters:fill(FFF,true):format(jpg)/d2lnr5mha7bycj.cloudfront.net/product-image/file/large_dd657947-6009-4478-8c08-1c021968a8c0.jpeg,"
Costco,"Kirkland Signature Organic Salsa, Medium, 38 oz, 2 ct",$11.99,,,2 x 38 oz,['Organic'],Many in stock,"https://www.instacart.com/image-server/257x257/filters:fill(FFF,true):format(jpg)/d2lnr5mha7bycj.cloudfront.net/product-image/file/large_cfd82403-4a4a-4810-8d8e-826707d41380.jpg,"
Costco,"KFI Butter Chicken Cooking Sauce, 2 x 24.5 oz",$9.69,,,2 x 24.5 oz,[],Many in stock,"https://www.instacart.com/image-server/257x257/filters:fill(FFF,true):format(jpg)/d2lnr5mha7bycj.cloudfront.net/product-image/file/large_bee19130-bdfd-40c1-bbec-9da1c8307ed2.jpg,"
Costco,"Lea & Perrins The Original Worcestershire Sauce, 2 x 20 fl oz",$9.99,,,2 x 20 fl oz,[],,"https://www.instacart.com/image-server/257x257/filters:fill(FFF,true):format(jpg)/d2lnr5mha7bycj.cloudfront.net/product-image/file/large_361c6f82-d1d4-44a2-9342-365be3e3ffc2.jpg,"
Costco,"Rao's Calabrian Chili Marinara Sauce, 22 oz, 2-pack",$18.99,,,2 x 22 oz,[],Many in stock,"https://www.instacart.com/image-server/257x257/filters:fill(FFF,true):format(jpg)/d2lnr5mha7bycj.cloudfront.net/product-image/file/large_b4fca865-6d39-4923-85a3-451dd1169b8b.jpg,"
Costco,"Olive Garden Signature Italian Dressing, 28 fl oz, 2 count",$10.99,,,2 x 28 oz,[],Many in stock,"https://www.instacart.com/image-server/257x257/filters:fill(FFF,true):format(jpg)/d2lnr5mha7bycj.cloudfront.net/product-image/file/large_9ac54714-7b57-4e38-a129-f7dc98995e19.jpeg,"
Costco,"Mateo's Gourmet Salsa, 32 oz",$8.49,,,32 oz,[],Many in stock,"https://www.instacart.com/image-server/257x257/filters:fill(FFF,true):format(jpg)/d2lnr5mha7bycj.cloudfront.net/product-image/file/large_7472b766-0ac7-4413-a189-2955fe5c0939.jpeg,"
Costco,"Frank's Red Hot, 25 fl oz, 2 count",$10.99,,,2 x 25 fl oz,['Vegan'],Many in stock,"https://www.instacart.com/image-server/257x257/filters:fill(FFF,true):format(jpg)/d2lnr5mha7bycj.cloudfront.net/product-image/file/large_c2115cc7-e6b2-40cd-b75a-5c0a844fedd4.jpg,"
Costco,"Kirkland Signature Pimiento Stuffed Olive, 2 x 21 oz",$19.99,,,2 x 21 oz,[],Many in stock,"https://www.instacart.com/image-server/257x257/filters:fill(FFF,true):format(jpg)/d2lnr5mha7bycj.cloudfront.net/product-image/file/large_b8a1d9a6-7944-4e82-8140-213287a4c559.jpg,"
Costco,"Lindsay Large Black Pitted Olives, 6 oz, 8 ct",$16.99,,,8 x 6 oz,['Vegan'],Many in stock,"https://www.instacart.com/image-server/257x257/filters:fill(FFF,true):format(jpg)/d2lnr5mha7bycj.cloudfront.net/product-image/file/large_add27b27-0954-474f-80f9-e2afcff5334a.jpg,"
Costco,"Safies Sweet Pickled Beets, 35 oz",$6.99,,,35 oz,[],Many in stock,"https://www.instacart.com/image-server/257x257/filters:fill(FFF,true):format(jpg)/d2lnr5mha7bycj.cloudfront.net/product-image/file/large_ad749453-bee9-47bc-a3d3-a1443a5c6070.jpeg,"
Costco,"Garlic Expressions Dressing & Marinade, 12.5 fl oz, 3-count",$11.99,,,3 x 12.5 fl oz,[],Many in stock,"https://www.instacart.com/image-server/257x257/filters:fill(FFF,true):format(jpg)/d2lnr5mha7bycj.cloudfront.net/product-image/file/large_15819559-86ec-4936-82cf-8b1bf7e3333b.jpg,"
Costco,"Kewpie Japanese Style Mayonnaise, 24 oz",$8.59,,,24 oz,[],Many in stock,"https://www.instacart.com/image-server/257x257/filters:fill(FFF,true):format(jpg)/d2lnr5mha7bycj.cloudfront.net/product-image/file/large_e18f5ee1-6b96-4f36-9d5a-479f1c7867fc.jpg,"
Costco,"Tassos Mediterranean Gourmet Greek Olives, 1.9 Liter",$14.99,,,1.9 L,[],,"https://www.instacart.com/image-server/257x257/filters:fill(FFF,true):format(jpg)/d2lnr5mha7bycj.cloudfront.net/product-image/file/large_f26fcf10-434d-48a6-8a3f-9f43e73eeca0.jpg,"
Costco,"French's Yellow Mustard, 2 x 30 oz",$6.99,,,2 x 30 oz,[],Many in stock,"https://www.instacart.com/image-server/257x257/filters:fill(FFF,true):format(jpg)/d2lnr5mha7bycj.cloudfront.net/product-image/file/large_a592a685-c2e5-4701-b7a6-a597094822cc.jpg,"
Costco,"Willy's Fresh Salsa Original Medium Salsa, 48 oz.",$8.69,,,48 oz,[],,"https://www.instacart.com/image-server/257x257/filters:fill(FFF,true):format(jpg)/d2lnr5mha7bycj.cloudfront.net/product-image/file/large_30e0089e-69e1-4e61-b2d4-a4d938e8964a.jpg,"
Costco,"Erie Island Signature Blend Coffee, 2 lbs",$14.99,,,2 lb,[],Many in stock,"https://www.instacart.com/image-server/257x257/filters:fill(FFF,true):format(jpg)/d2lnr5mha7bycj.cloudfront.net/product-image/file/large_b3a4ca6a-abe7-4d71-b9df-1915390e50c4.jpg,"
Costco,"Little Italy Marinara Sauce, 3 x 32 oz",$14.99,,,3 x 32 oz,[],Many in stock,"https://www.instacart.com/image-server/257x257/filters:fill(FFF,true):format(jpg)/d2lnr5mha7bycj.cloudfront.net/product-image/file/large_e4474324-1826-4fd6-b01c-2da5d8a85fad.jpg,"
Costco,"Wildbrine Organic Raw Geen Sauerkraut, 50 oz",$10.99,,,50 oz,"['Vegan', 'Organic']",Many in stock,"https://www.instacart.com/image-server/257x257/filters:fill(FFF,true):format(jpg)/d2lnr5mha7bycj.cloudfront.net/product-image/file/large_690fd1ef-a479-4b3c-9176-a8e6b924ef0b.jpg,"
Costco,"Montgomery Inn Barbecue Sauce, 2 x 40 oz",$9.99,,,2 x 40 oz,[],Many in stock,"https://www.instacart.com/image-server/257x257/filters:fill(FFF,true):format(jpg)/d2lnr5mha7bycj.cloudfront.net/product-image/file/large_1667d01f-c708-4cd8-bd22-6dca43c83e98.jpeg,"
Costco,"Buffalo Wild Wings Parmesan Garlic Sauce, 2 x 24 oz",$11.99,,,2 x 24 oz,[],,"https://www.instacart.com/image-server/257x257/filters:fill(FFF,true):format(jpg)/d2lnr5mha7bycj.cloudfront.net/product-image/file/large_a80e6de6-6a83-40fe-92d2-0e035cfe741a.jpg,"
Costco,"Kikkoman Soy Sauce, 2 qt",$8.69,,,64 qt,[],Many in stock,"https://www.instacart.com/image-server/257x257/filters:fill(FFF,true):format(jpg)/d2lnr5mha7bycj.cloudfront.net/product-image/file/large_80b140d1-9272-4567-a526-ef87606aa536.jpeg,"
Costco,"Panera Broccoli Cheddar Soup, 24 oz, 2-count",$11.99,,,2 x 24 oz,[],Many in stock,"https://www.instacart.com/image-server/257x257/filters:fill(FFF,true):format(jpg)/d2lnr5mha7bycj.cloudfront.net/product-image/file/large_c7358174-a5ad-4655-890f-d27378cfd88c.jpg,"
Costco,"Swanson All Natural 33% Less Sodium Chicken Broth, 12 X 14.5 oz",$10.99,,,12 x 14.5 oz,[],,"https://www.instacart.com/image-server/257x257/filters:fill(FFF,true):format(jpg)/d2lnr5mha7bycj.cloudfront.net/product-image/file/large_16be1b93-e2eb-47a6-af6e-9ca2c0ac4e9a.jpeg,"
Costco,"Marie Callender's Angus Beef Chili Cans, 8 x 15 oz.",$15.59,,,8 x 15 oz,[],Many in stock,"https://www.instacart.com/image-server/257x257/filters:fill(FFF,true):format(jpg)/d2lnr5mha7bycj.cloudfront.net/product-image/file/large_885833c3-bcb3-44b3-82de-6eae3aec6f14.jpg,"
