Store,Item Name,Price,Units,Unit Price,Amount,Tags,In Stock,Image
Daves,Pureau Ultra - Purified Water,$4.39 ,,,24 x 16.9 fl oz,[],,"https://www.instacart.com/image-server/257x257/filters:fill(FFF,true):format(jpg)/d2lnr5mha7bycj.cloudfront.net/product-image/file/large_2df54011-22d3-4363-a2c1-3282a4d50f49.jpg,"
Daves,Banana,$0.24 ,each (est.),$0.69 / lb,About 0.35 lb each,[],,"https://www.instacart.com/image-server/257x257/filters:fill(FFF,true):format(jpg)/d2lnr5mha7bycj.cloudfront.net/product-image/file/large_d85da0df-7f4a-4a8c-b066-b7bbfd871f70.jpg,"
Daves,Chicken Tenders,$5.49 ,/lb,,/lb,[],,"https://www.instacart.com/image-server/257x257/filters:fill(FFF,true):format(jpg)/d2lnr5mha7bycj.cloudfront.net/product-image/file/large_8c852464-f591-46fe-a060-5e0ceafa3a8e.jpg,"
Daves,Original price: $6.09,$5.49 ,,,11 oz,['Gluten-Free'],,"https://www.instacart.com/image-server/257x257/filters:fill(FFF,true):format(jpg)/d2lnr5mha7bycj.cloudfront.net/product-image/file/large_5a56798c-6c28-4925-9105-d443bf7ef65d.jpg,"
Daves,Original price: $15.39,$12.09 ,,,18 ct,[],,"https://www.instacart.com/image-server/257x257/filters:fill(FFF,true):format(jpg)/d2lnr5mha7bycj.cloudfront.net/product-image/file/large_bb5822e0-366b-46fd-8b06-c3d8284dcc5b.png,"
Daves,Jumbo Packed Ground Beef,$4.99 ,/lb,,/lb,[],,"https://www.instacart.com/image-server/257x257/filters:fill(FFF,true):format(jpg)/d2lnr5mha7bycj.cloudfront.net/product-image/file/large_921a92ed-3419-41fd-9a80-79e4a3079fd2.jpg,"
Daves,Farm Fresh 2% Reduced Fat Milk,$3.29 ,,,1 gal,[],Many in stock,"https://www.instacart.com/image-server/257x257/filters:fill(FFF,true):format(jpg)/d2lnr5mha7bycj.cloudfront.net/product-image/file/large_b828f044-12b1-49c2-bffb-4baeb91cc2b7.jpg,"
Daves,Food Club Spring Water,$5.49 ,,,24 x 16.9 fl oz,[],Many in stock,"https://www.instacart.com/image-server/257x257/filters:fill(FFF,true):format(jpg)/d2lnr5mha7bycj.cloudfront.net/product-image/file/large_bf3fa714-3005-49f4-9532-249202646f42.JPG,"
Daves,Original price: $5.49,$4.39 ,,,12 x 1 oz,[],Many in stock,"https://www.instacart.com/image-server/257x257/filters:fill(FFF,true):format(jpg)/d2lnr5mha7bycj.cloudfront.net/product-image/file/large_ad78fdda-d405-4935-b0ce-977942d8fc41.jpg,"
Daves,Original price: $2.99,$2.59 ,,,59 fl oz,[],,"https://www.instacart.com/image-server/257x257/filters:fill(FFF,true):format(jpg)/d2lnr5mha7bycj.cloudfront.net/product-image/file/large_6f6de70d-54b3-4929-b9e8-2a8cde7eb10a.jpg,"
Daves,Green Bell Pepper,$1.67 ,each (est.),$2.79 / lb,About 0.6 lb each,[],,"https://www.instacart.com/image-server/257x257/filters:fill(FFF,true):format(jpg)/d2lnr5mha7bycj.cloudfront.net/product-image/file/large_3ffcdeaa-1363-450e-9de1-37c02ee53ba6.jpg,"
Daves,Original price: $3.29,$2.99 ,,,16 oz,[],,"https://www.instacart.com/image-server/257x257/filters:fill(FFF,true):format(jpg)/d2lnr5mha7bycj.cloudfront.net/product-image/file/large_bd98ac77-1c9f-4bb3-bbd9-2ab94a69aec7.png,"
Daves,Original price: $5.49,$4.39 ,,,12 x 3 oz,[],Many in stock,"https://www.instacart.com/image-server/257x257/filters:fill(FFF,true):format(jpg)/d2lnr5mha7bycj.cloudfront.net/product-image/file/large_2eb07735-7fc7-4937-b4fc-8d7130ac34e7.png,"
Daves,"""JIFFY"" Corn Muffin Mix",$0.89 ,,,8.5 oz,[],Many in stock,"https://www.instacart.com/image-server/257x257/filters:fill(FFF,true):format(jpg)/d2lnr5mha7bycj.cloudfront.net/product-image/file/large_89e55083-f649-43cf-a553-f020def185d6.png,"
Daves,Dave's Butter Top Wheat Bread,$2.69 ,,,20 oz,[],Many in stock,"https://www.instacart.com/image-server/257x257/filters:fill(FFF,true):format(jpg)/d2lnr5mha7bycj.cloudfront.net/product-image/file/large_01e43eee-6916-4e18-8a0b-57013490e3a0.jpg,"
Daves,Original price: $3.69,$3.29 ,,,8 oz,['Keto'],,"https://www.instacart.com/image-server/257x257/filters:fill(FFF,true):format(jpg)/d2lnr5mha7bycj.cloudfront.net/product-image/file/large_c48ae80c-2ff5-4a74-9ba3-6b8a620413c6.png,"
Daves,Original price: $4.09,$3.29 ,,,14 oz,[],Many in stock,"https://www.instacart.com/image-server/257x257/filters:fill(FFF,true):format(jpg)/d2lnr5mha7bycj.cloudfront.net/product-image/file/large_b057d4c7-f2ff-49fc-9512-a9b5584c9cc6.png,"
Daves,Food Club Chicken Broth,$2.49 ,,,32 oz,[],Many in stock,"https://www.instacart.com/image-server/257x257/filters:fill(FFF,true):format(jpg)/d2lnr5mha7bycj.cloudfront.net/product-image/file/large_71cc95d2-927d-420c-b37b-2b3e077b1f11.png,"
Daves,Jimmy Dean Pancakes and Sausage on a Stick Frozen Breakfast,$12.69 ,,,12 ct,[],,"https://www.instacart.com/image-server/257x257/filters:fill(FFF,true):format(jpg)/d2lnr5mha7bycj.cloudfront.net/product-image/file/large_7f8662a1-db98-4f50-b9f4-23ad75854ba1.jpg,"
Daves,"Mr Chikin Chicken Wing Sections, Uncooked, Ice Glazed",$12.09 ,,,64 oz,[],,"https://www.instacart.com/image-server/257x257/filters:fill(FFF,true):format(jpg)/d2lnr5mha7bycj.cloudfront.net/product-image/file/large_f9b100e3-99b6-4672-a855-37068c75295f.png,"
Daves,Boneless Chuck Roast,$19.55 ,/pkg (est.),$8.69 / lb,About 2.25 lb / package,[],,"https://www.instacart.com/image-server/257x257/filters:fill(FFF,true):format(jpg)/d2lnr5mha7bycj.cloudfront.net/product-image/file/large_7444500f-532e-44da-b687-aa81f49da234.jpg,"
Daves,Original price: $4.09,$3.89 ,,,16 oz,[],,"https://www.instacart.com/image-server/257x257/filters:fill(FFF,true):format(jpg)/d2lnr5mha7bycj.cloudfront.net/product-image/file/large_3eed3100-5e7a-4a66-9380-05a786702414.jpg,"
Daves,Sauder's Eggs Large White Eggs,$3.89 ,,,12 ct,[],Many in stock,"https://www.instacart.com/image-server/257x257/filters:fill(FFF,true):format(jpg)/d2lnr5mha7bycj.cloudfront.net/product-image/file/large_5a219a2e-e88b-4203-9da3-c424b5f21cf3.jpg,"
Daves,Original price: $6.59,$5.49 ,,,8 ct,[],,"https://www.instacart.com/image-server/257x257/filters:fill(FFF,true):format(jpg)/d2lnr5mha7bycj.cloudfront.net/product-image/file/large_cc8330e3-7fca-4969-8598-9b64defd4ad5.jpg,"
Daves,Original price: $2.79,$2.19 ,,,16 oz,[],Many in stock,"https://www.instacart.com/image-server/257x257/filters:fill(FFF,true):format(jpg)/d2lnr5mha7bycj.cloudfront.net/product-image/file/large_a6bd37b0-d9dd-41e3-a99d-68882565fcbd.jpg,"
Daves,Original price: $5.49,$5.29 ,,,1 pt,[],Many in stock,"https://www.instacart.com/image-server/257x257/filters:fill(FFF,true):format(jpg)/d2lnr5mha7bycj.cloudfront.net/product-image/file/large_0764ed83-9b8c-48c8-955e-539604df21db.png,"
Daves,Porky Pack Pork Chops,$3.89 ,/lb,,/lb,[],,"https://www.instacart.com/image-server/257x257/filters:fill(FFF,true):format(jpg)/d2lnr5mha7bycj.cloudfront.net/product-image/file/large_f5355ec1-f626-4cae-b277-4209590fd9fb.jpg,"
Daves,Canada Dry Ginger Ale,$9.89 ,,,12 x 12 fl oz,[],,"https://www.instacart.com/image-server/257x257/filters:fill(FFF,true):format(jpg)/d2lnr5mha7bycj.cloudfront.net/product-image/file/large_f40d5265-801a-447b-822b-57e899a75ba1.png,"
Daves,Heluva Good! French Onion Dip,$3.29 ,,,12 oz,[],Many in stock,"https://www.instacart.com/image-server/257x257/filters:fill(FFF,true):format(jpg)/d2lnr5mha7bycj.cloudfront.net/product-image/file/large_70dccdd5-fd4c-4ced-a27b-9c7103e23aa1.jpg,"
Daves,Original price: $5.49,$4.39 ,,,8 ct,[],,"https://www.instacart.com/image-server/257x257/filters:fill(FFF,true):format(jpg)/d2lnr5mha7bycj.cloudfront.net/product-image/file/large_1ac16597-4b87-4fbd-ab0a-788114e0b2be.png,"
Daves,Bibigo Steamed Dumplings Chicken and Vegetable,$4.39 ,,,6.6 oz,[],,"https://www.instacart.com/image-server/257x257/filters:fill(FFF,true):format(jpg)/d2lnr5mha7bycj.cloudfront.net/product-image/file/large_f2b8bbae-4c44-4978-a9eb-aada34593188.jpg,"
Daves,Original price: $6.59,$5.49 ,,,19 oz,[],,"https://www.instacart.com/image-server/257x257/filters:fill(FFF,true):format(jpg)/d2lnr5mha7bycj.cloudfront.net/product-image/file/large_65c24dc9-17d4-45e7-aa8e-a1cbbcb354b7.png,"
Daves,Bibigo Steamed Dumplings Pork & Vegetable,$4.39 ,,,6.6 oz,[],,"https://www.instacart.com/image-server/257x257/filters:fill(FFF,true):format(jpg)/d2lnr5mha7bycj.cloudfront.net/product-image/file/large_756df4fd-d517-43fb-9ba8-af935ea55fef.jpg,"
Daves,Stouffer's ’S Bacon And White Cheddar Mac & Cheese Bites Frozen Appetizer,$9.89 ,,,12 oz,[],,"https://www.instacart.com/image-server/257x257/filters:fill(FFF,true):format(jpg)/d2lnr5mha7bycj.cloudfront.net/product-image/file/large_0d067cc4-ecf1-43c7-96d2-69dc88325172.jpg,"
Daves,"Totino's Pizza Rolls, Combination",$18.69 ,,,100 ct,[],,"https://www.instacart.com/image-server/257x257/filters:fill(FFF,true):format(jpg)/d2lnr5mha7bycj.cloudfront.net/product-image/file/large_093e33a7-fe3d-4c10-97e7-9a96f98dfef4.png,"
Daves,"Checkers & Rally's Fries, Famous, Seasoned",$7.29 ,,,28 oz,[],,"https://www.instacart.com/image-server/257x257/filters:fill(FFF,true):format(jpg)/d2lnr5mha7bycj.cloudfront.net/product-image/file/large_9a6c9062-8fb9-4f04-84f5-0dbcb94151dc.png,"
Daves,Original price: $6.59,$5.49 ,,,32 oz,['Vegan'],,"https://www.instacart.com/image-server/257x257/filters:fill(FFF,true):format(jpg)/d2lnr5mha7bycj.cloudfront.net/product-image/file/large_e42e21c5-1fc6-4f84-bde4-a09c3d4aa213.png,"
Daves,Stouffer's Mac & Cheese Bites Frozen Appetizer,$9.89 ,,,14 oz,[],,"https://www.instacart.com/image-server/257x257/filters:fill(FFF,true):format(jpg)/d2lnr5mha7bycj.cloudfront.net/product-image/file/large_ecd1a2d6-edce-46d0-a4a7-4d8389b27c92.jpg,"
Daves,Bar-S Honey Crisp Batter Dipped Classic Corn Dogs Frozen Snack,$7.69 ,,,2.34 lb,[],,"https://www.instacart.com/image-server/257x257/filters:fill(FFF,true):format(jpg)/d2lnr5mha7bycj.cloudfront.net/product-image/file/large_cb2897b6-cafb-415b-8824-8d02d820b821.png,"
Daves,"Tyson Anytizers Home-Style Chicken Fries, Frozen",$10.99 ,,,28.05 oz,[],,"https://www.instacart.com/image-server/257x257/filters:fill(FFF,true):format(jpg)/d2lnr5mha7bycj.cloudfront.net/product-image/file/large_32d6c6e6-95aa-4003-bed4-1440e69f9486.jpg,"
Daves,"Totino's Pizza Rolls, Pepperoni",$18.69 ,,,100 ct,[],,"https://www.instacart.com/image-server/257x257/filters:fill(FFF,true):format(jpg)/d2lnr5mha7bycj.cloudfront.net/product-image/file/large_f9ca9aad-5bf8-4fd0-8b9a-9b51bb3d38e2.png,"
Daves,"State Fair Beef Mini Corn Dogs with Honey Sweetened Batter, Frozen",$8.79 ,,,21.1 oz,[],,"https://www.instacart.com/image-server/257x257/filters:fill(FFF,true):format(jpg)/d2lnr5mha7bycj.cloudfront.net/product-image/file/large_aed04081-018a-4c15-9e5a-cb5bfe00026d.jpg,"
Daves,Original price: $7.69,$5.49 ,,,8 oz,[],,"https://www.instacart.com/image-server/257x257/filters:fill(FFF,true):format(jpg)/d2lnr5mha7bycj.cloudfront.net/product-image/file/large_23b8d4d9-2051-467a-ae13-af485751b977.jpg,"
Daves,Original price: $13.99,$12.09 ,,,12 ct,[],,"https://www.instacart.com/image-server/257x257/filters:fill(FFF,true):format(jpg)/d2lnr5mha7bycj.cloudfront.net/product-image/file/large_26bd5653-7ad8-44fd-ae0e-4363d17a5eb8.jpg,"
Daves,"Totino's Pizza Rolls, Pepperoni",$21.99 ,,,130 ct,[],,"https://www.instacart.com/image-server/257x257/filters:fill(FFF,true):format(jpg)/d2lnr5mha7bycj.cloudfront.net/product-image/file/large_2cf0e43a-3bd5-43ba-84e0-7d684a15c9c3.png,"
Daves,"Totino's Pizza Rolls, Triple Cheese Flavored, Frozen Snacks",$9.89 ,,,24.8 oz,[],,"https://www.instacart.com/image-server/257x257/filters:fill(FFF,true):format(jpg)/d2lnr5mha7bycj.cloudfront.net/product-image/file/large_4e9c333a-124e-43ff-aa23-288f83c78920.png,"
Daves,Original price: $6.09,$5.49 ,,,5 ct,[],,"https://www.instacart.com/image-server/257x257/filters:fill(FFF,true):format(jpg)/d2lnr5mha7bycj.cloudfront.net/product-image/file/large_13e3a772-e115-49bc-9501-5e01d63cdd9b.jpg,"
Daves,Original price: $5.49,$4.99 ,,,4 x 2 oz,[],,"https://www.instacart.com/image-server/257x257/filters:fill(FFF,true):format(jpg)/d2lnr5mha7bycj.cloudfront.net/product-image/file/large_6ced0397-b7d7-4d8f-bfae-bd888c2da427.jpg,"
Daves,"Totino's Pizza Rolls, Cheese",$18.69 ,,,100 ct,[],,"https://www.instacart.com/image-server/257x257/filters:fill(FFF,true):format(jpg)/d2lnr5mha7bycj.cloudfront.net/product-image/file/large_3348271a-1bef-4f31-89df-68d5c3d21cc5.png,"
Daves,"P.F. Chang's Chicken Egg Rolls, Frozen Appetizers",$6.59 ,,,8.8 oz,[],,"https://www.instacart.com/image-server/257x257/filters:fill(FFF,true):format(jpg)/d2lnr5mha7bycj.cloudfront.net/product-image/file/large_b954971b-2a2c-4d54-9355-6c6b51c61eba.jpg,"
Daves,Original price: $13.99,$12.09 ,,,16 x 2.67 oz,[],,"https://www.instacart.com/image-server/257x257/filters:fill(FFF,true):format(jpg)/d2lnr5mha7bycj.cloudfront.net/product-image/file/large_e067cd16-dc02-4b34-a19f-ec44e14b3174.jpg,"
Daves,"Deep Indian Kitchen Samosas, Chicken Tikka, Medium Spice",$8.79 ,,,8 each,[],,"https://www.instacart.com/image-server/257x257/filters:fill(FFF,true):format(jpg)/d2lnr5mha7bycj.cloudfront.net/product-image/file/large_e46f5954-bbd7-4e17-bbfc-05ecb186fb91.png,"
Daves,Original price: $20.89,$17.59 ,,,52 oz,[],,"https://www.instacart.com/image-server/257x257/filters:fill(FFF,true):format(jpg)/d2lnr5mha7bycj.cloudfront.net/product-image/file/large_7230f674-cc0a-49ba-9420-b90657df08c5.jpg,"
Daves,"Totino's Pizza Rolls, Triple Pepperoni",$9.89 ,,,50 ct,[],,"https://www.instacart.com/image-server/257x257/filters:fill(FFF,true):format(jpg)/d2lnr5mha7bycj.cloudfront.net/product-image/file/large_7710bd34-0592-4160-a370-02628306d03c.png,"
Daves,"Totino's Pizza Rolls, Combination",$21.99 ,,,130 ct,[],,"https://www.instacart.com/image-server/257x257/filters:fill(FFF,true):format(jpg)/d2lnr5mha7bycj.cloudfront.net/product-image/file/large_b6a548ca-8f2d-47f1-bcab-b381f61a2f11.png,"
Daves,Original price: $7.69,$6.59 ,,,7 ct,[],,"https://www.instacart.com/image-server/257x257/filters:fill(FFF,true):format(jpg)/d2lnr5mha7bycj.cloudfront.net/product-image/file/large_82758c89-3d5a-4b7c-ad17-58ca658d300b.png,"
Daves,Original price: $9.89,$9.49 ,,,2.67 lb,[],,"https://www.instacart.com/image-server/257x257/filters:fill(FFF,true):format(jpg)/d2lnr5mha7bycj.cloudfront.net/product-image/file/large_8887e6a4-046b-453f-92e6-41b3410fb451.png,"
Daves,Original price: $13.19,$9.89 ,,,9 oz,[],,"https://www.instacart.com/image-server/257x257/filters:fill(FFF,true):format(jpg)/d2lnr5mha7bycj.cloudfront.net/product-image/file/large_a3a7f16f-bc80-445b-a279-464220c73e81.jpg,"
Daves,Original price: $9.89,$8.79 ,,,1.5 lb,[],,"https://www.instacart.com/image-server/257x257/filters:fill(FFF,true):format(jpg)/d2lnr5mha7bycj.cloudfront.net/product-image/file/large_cbd77837-47a0-4304-a6ba-86292c586930.png,"
Daves,Original price: $6.59,$6.19 ,,,8 each,[],,"https://www.instacart.com/image-server/257x257/filters:fill(FFF,true):format(jpg)/d2lnr5mha7bycj.cloudfront.net/product-image/file/large_a0806771-61f3-4d86-b957-cdeedbc22c35.png,"
Daves,"Ling Ling Potstickers, Chicken & Vegetable",$15.39 ,,,24 oz,[],,"https://www.instacart.com/image-server/257x257/filters:fill(FFF,true):format(jpg)/d2lnr5mha7bycj.cloudfront.net/product-image/file/large_447093ad-6c12-492d-96d2-51460aa502b3.png,"
Daves,Original price: $4.09,$3.29 ,,,9 ct,[],,"https://www.instacart.com/image-server/257x257/filters:fill(FFF,true):format(jpg)/d2lnr5mha7bycj.cloudfront.net/product-image/file/large_6dc0779e-bae3-4fc0-b725-b5c9c42564d5.jpg,"
Daves,Original price: $5.49,$4.99 ,,,9.49 oz,[],,"https://www.instacart.com/image-server/257x257/filters:fill(FFF,true):format(jpg)/d2lnr5mha7bycj.cloudfront.net/product-image/file/large_17ab9fc2-f24d-448a-a5b4-33afd21baeda.jpg,"
Daves,Arby's Crinkle Fries,$6.49 ,,,26 oz,[],,"https://www.instacart.com/image-server/257x257/filters:fill(FFF,true):format(jpg)/d2lnr5mha7bycj.cloudfront.net/product-image/file/large_ac725698-8bcb-4f76-9eee-74972b1b9fcb.png,"
Daves,Original price: $7.69,$6.09 ,,,28 oz,['Gluten-Free'],,"https://www.instacart.com/image-server/257x257/filters:fill(FFF,true):format(jpg)/d2lnr5mha7bycj.cloudfront.net/product-image/file/large_0dd35412-a394-4b23-9d6f-2423982a2b3d.jpg,"
Daves,Hot Pockets Four Cheese Pizza Frozen Snacks In A Garlic Buttery Crust Pizza Snacks,$4.99 ,,,2 x 4.5 oz,[],,"https://www.instacart.com/image-server/257x257/filters:fill(FFF,true):format(jpg)/d2lnr5mha7bycj.cloudfront.net/product-image/file/large_9933a407-8878-4e9e-a49e-c2bd7959bde6.jpg,"
Daves,Hot Pockets Hot Pocket Ham And Cheese Crispy Crust,$20.89 ,,,12 x 4.5 oz,[],,"https://www.instacart.com/image-server/257x257/filters:fill(FFF,true):format(jpg)/d2lnr5mha7bycj.cloudfront.net/product-image/file/large_11ca037f-420e-4e8d-a90c-e8c14ec1d3d3.jpg,"
Daves,Original price: $12.09,$10.99 ,,,24 oz,[],,"https://www.instacart.com/image-server/257x257/filters:fill(FFF,true):format(jpg)/d2lnr5mha7bycj.cloudfront.net/product-image/file/large_0ce0131f-d408-4fcd-a4f0-2d64c73ef66e.jpg,"
Daves,"Totino's Pizza Rolls, Pepperoni",$9.89 ,,,50 ct,[],,"https://www.instacart.com/image-server/257x257/filters:fill(FFF,true):format(jpg)/d2lnr5mha7bycj.cloudfront.net/product-image/file/large_02edecfd-2ee7-4873-96b1-6c4a72178c33.png,"
Daves,Original price: $7.69,$5.49 ,,,22 oz,[],,"https://www.instacart.com/image-server/257x257/filters:fill(FFF,true):format(jpg)/d2lnr5mha7bycj.cloudfront.net/product-image/file/large_38f04479-3e3e-4f6c-bac8-b86bd7992f40.png,"
Daves,Original price: $6.59,$5.49 ,,,30 oz,['Vegan'],,"https://www.instacart.com/image-server/257x257/filters:fill(FFF,true):format(jpg)/d2lnr5mha7bycj.cloudfront.net/product-image/file/large_4e4808c2-b149-4f73-a695-7dbc4ac51746.png,"
Daves,Original price: $7.69,$7.19 ,,,30 oz,['Gluten-Free'],,"https://www.instacart.com/image-server/257x257/filters:fill(FFF,true):format(jpg)/d2lnr5mha7bycj.cloudfront.net/product-image/file/large_f7d6df20-5f78-4bc6-8996-8ae9e375606b.jpg,"
Daves,Original price: $5.49,$4.39 ,,,907 g,[],,"https://www.instacart.com/image-server/257x257/filters:fill(FFF,true):format(jpg)/d1s8987jlndkbs.cloudfront.net/assets/missing-item-4bbe82b8555e4d1c12626fd482cb2409713e8e30835645ff3650ef66a725d03c.png,"
Daves,Original price: $5.49,$4.39 ,,,2 lb,[],,"https://www.instacart.com/image-server/257x257/filters:fill(FFF,true):format(jpg)/d1s8987jlndkbs.cloudfront.net/assets/missing-item-4bbe82b8555e4d1c12626fd482cb2409713e8e30835645ff3650ef66a725d03c.png,"
Daves,Hot Pockets Hot Pocket Pepperoni Pizza,$20.89 ,,,12 ct,[],,"https://www.instacart.com/image-server/257x257/filters:fill(FFF,true):format(jpg)/d2lnr5mha7bycj.cloudfront.net/product-image/file/large_fdaa0239-b12b-4b1e-9e6d-f7c2b12b368c.jpg,"
Daves,Original price: $7.69,$6.09 ,,,32 oz,"['Vegan', 'Gluten-Free']",,"https://www.instacart.com/image-server/257x257/filters:fill(FFF,true):format(jpg)/d2lnr5mha7bycj.cloudfront.net/product-image/file/large_18a6a5d8-d283-4d91-b9b1-58bab7158d3d.jpg,"
Daves,Original price: $13.19,$12.09 ,,,5 lb,['Vegan'],,"https://www.instacart.com/image-server/257x257/filters:fill(FFF,true):format(jpg)/d2lnr5mha7bycj.cloudfront.net/product-image/file/large_2d64f26f-32af-4279-8a16-5659bf757806.png,"
Daves,Iceberg Lettuce,$2.19 ,,,,[],Many in stock,"https://www.instacart.com/image-server/257x257/filters:fill(FFF,true):format(jpg)/d2lnr5mha7bycj.cloudfront.net/product-image/file/large_3ea38082-38f8-41f8-a6fc-0c4ed481c040.jpg,"
Daves,Yellow Onion,$1.50 ,each (est.),$2.09 / lb,About 0.72 lb each,[],,"https://www.instacart.com/image-server/257x257/filters:fill(FFF,true):format(jpg)/d2lnr5mha7bycj.cloudfront.net/product-image/file/large_c52783e5-46ee-4c38-b0a0-6e792b9fe497.jpg,"
Daves,Red On the Vine Tomato,$1.10 ,each (est.),$3.29 / lb,About 0.34 lb each,[],,"https://www.instacart.com/image-server/257x257/filters:fill(FFF,true):format(jpg)/d2lnr5mha7bycj.cloudfront.net/product-image/file/large_75068ae6-6ba0-4376-af36-ef1b01b7b608.jpg,"
Daves,5 lb. Alsum Farms & Produce Premium Gold Potatoes 5 lb. Alsum Premium Gold Potatoes,$5.49 ,,,5 lb,[],,"https://www.instacart.com/image-server/257x257/filters:fill(FFF,true):format(jpg)/d2lnr5mha7bycj.cloudfront.net/product-image/file/large_010d929a-bb4c-4175-9b4d-9abb54a572f1.jpg,"
Daves,Cucumber,$1.39 ,,,,[],Many in stock,"https://www.instacart.com/image-server/257x257/filters:fill(FFF,true):format(jpg)/d2lnr5mha7bycj.cloudfront.net/product-image/file/large_c3c55096-5e83-4b5b-8517-f96ac96c7d33.jpg,"
Daves,Roma Tomato,$0.66 ,each (est.),$2.19 / lb,About 0.3 lb each,[],,"https://www.instacart.com/image-server/257x257/filters:fill(FFF,true):format(jpg)/d2lnr5mha7bycj.cloudfront.net/product-image/file/large_3d1c36ab-4b8c-4b4c-b8f6-7c63e939e53d.jpg,"
Daves,NatureSweet Cherubs Heavenly Salad Tomatoes,$4.39 ,,,10 oz,[],Many in stock,"https://www.instacart.com/image-server/257x257/filters:fill(FFF,true):format(jpg)/d2lnr5mha7bycj.cloudfront.net/product-image/file/large_b74bc25d-b569-464a-a44f-8a0d5d2d2c29.png,"
Daves,5 lb. Alsum Farms & Produce Premium Red Potatoes 5 lb. Alsum Premium Red Potatoes,$5.49 ,,,5 lb,[],,"https://www.instacart.com/image-server/257x257/filters:fill(FFF,true):format(jpg)/d2lnr5mha7bycj.cloudfront.net/product-image/file/large_5659f4aa-4d18-4126-baed-03666be8c595.jpg,"
Daves,Red Onion,$1.51 ,each (est.),$2.19 / lb,About 0.69 lb each,[],,"https://www.instacart.com/image-server/257x257/filters:fill(FFF,true):format(jpg)/d2lnr5mha7bycj.cloudfront.net/product-image/file/large_01ad8efc-cdc1-4503-b80e-94851b480230.jpg,"
Daves,Sweet Onion,$1.79 ,each (est.),$2.09 / lb,About 0.86 lb each,[],,"https://www.instacart.com/image-server/257x257/filters:fill(FFF,true):format(jpg)/d2lnr5mha7bycj.cloudfront.net/product-image/file/large_cebc4e90-bfb2-462c-9b78-fe5770d20416.jpg,"
Daves,Bolthouse Farms Baby Carrots,$2.19 ,,,16 oz,['In season'],Many in stock,"https://www.instacart.com/image-server/257x257/filters:fill(FFF,true):format(jpg)/d2lnr5mha7bycj.cloudfront.net/product-image/file/large_969b31a7-2fe7-42c2-aac3-0fcf77563df3.jpg,"
Daves,Green Onions (Scallions),$1.69 ,,,1 bunch,[],Many in stock,"https://www.instacart.com/image-server/257x257/filters:fill(FFF,true):format(jpg)/d2lnr5mha7bycj.cloudfront.net/product-image/file/large_52f86e5a-a448-4186-b726-2e6f506a5a4a.jpg,"
Daves,English Seedless Cucumber,$2.19 ,,,1 ct,[],Many in stock,"https://www.instacart.com/image-server/257x257/filters:fill(FFF,true):format(jpg)/d2lnr5mha7bycj.cloudfront.net/product-image/file/large_5476a6d4-ff42-4d01-a194-86bfba1468b4.jpg,"
Daves,Red Potatoes Bag,$5.49 ,,,5 lb,[],,"https://www.instacart.com/image-server/257x257/filters:fill(FFF,true):format(jpg)/d2lnr5mha7bycj.cloudfront.net/product-image/file/large_98a4a757-935e-490e-9030-b4de510a4263.png,"
Daves,"Robinson Fresh Collard, Greens",$3.29 ,,,16 oz,[],Many in stock,"https://www.instacart.com/image-server/257x257/filters:fill(FFF,true):format(jpg)/d2lnr5mha7bycj.cloudfront.net/product-image/file/large_529d05a7-4870-42c1-989d-8725ea0513e5.png,"
Daves,Yukon Gold Potatoes,$5.49 ,,,5 lb,[],,"https://www.instacart.com/image-server/257x257/filters:fill(FFF,true):format(jpg)/d2lnr5mha7bycj.cloudfront.net/product-image/file/large_c58113e2-b1f4-4fcc-8532-d3a23bc6b424.png,"
Daves,Carrot,$1.39 ,,,1 ct,['In season'],Many in stock,"https://www.instacart.com/image-server/257x257/filters:fill(FFF,true):format(jpg)/d2lnr5mha7bycj.cloudfront.net/product-image/file/large_e78178a4-b3e3-46cf-81b4-520f8b69d80f.jpg,"
Daves,Celery,$2.19 ,,,,[],,"https://www.instacart.com/image-server/257x257/filters:fill(FFF,true):format(jpg)/d2lnr5mha7bycj.cloudfront.net/product-image/file/large_16407a67-0bab-4e18-8cbf-9ae3cf18b983.jpg,"
Daves,Fresh Express Lettuce Shreds,$2.19 ,,,8 oz bag,[],,"https://www.instacart.com/image-server/257x257/filters:fill(FFF,true):format(jpg)/d2lnr5mha7bycj.cloudfront.net/product-image/file/large_3e4ab555-70d5-4d02-a1be-691faace6b2a.png,"
Daves,Green Cabbage,$2.81 ,each (est.),$1.09 / lb,About 2.58 lb each,[],,"https://www.instacart.com/image-server/257x257/filters:fill(FFF,true):format(jpg)/d2lnr5mha7bycj.cloudfront.net/product-image/file/large_848473e2-7418-4f10-a154-a14531b9eb02.jpg,"
Daves,Fresh Express Baby Spinach,$4.39 ,,,5 oz container,[],Many in stock,"https://www.instacart.com/image-server/257x257/filters:fill(FFF,true):format(jpg)/d2lnr5mha7bycj.cloudfront.net/product-image/file/large_ee381b5b-b1c1-45db-8b8e-3be14f4e9862.png,"
Daves,Whole Carrots,$2.59 ,,,2 lb,['In season'],,"https://www.instacart.com/image-server/257x257/filters:fill(FFF,true):format(jpg)/d2lnr5mha7bycj.cloudfront.net/product-image/file/large_14a23d57-4080-4768-9099-ee970bf73bec.jpg,"
Daves,Giorgio Fresh Sliced White Mushrooms,$2.79 ,,,8 oz,[],,"https://www.instacart.com/image-server/257x257/filters:fill(FFF,true):format(jpg)/d2lnr5mha7bycj.cloudfront.net/product-image/file/large_bccf0e98-f416-4356-9a1a-2bcc87d91f1b.jpg,"
Daves,Orange Bell Pepper,$2.50 ,each (est.),$4.39 / lb,About 0.57 lb each,[],,"https://www.instacart.com/image-server/257x257/filters:fill(FFF,true):format(jpg)/d2lnr5mha7bycj.cloudfront.net/product-image/file/large_ecc30501-1c03-4ef0-8a2f-cecfef1549e9.jpg,"
Daves,Taylor Farms Broccoli Florets,$4.39 ,,,12 oz,[],,"https://www.instacart.com/image-server/257x257/filters:fill(FFF,true):format(jpg)/d2lnr5mha7bycj.cloudfront.net/product-image/file/large_6876c97f-f4e3-4ff0-814a-280d940bbaa1.png,"
Daves,Yam,$1.80 ,each (est.),$1.89 / lb,About 0.95 lb each,[],,"https://www.instacart.com/image-server/257x257/filters:fill(FFF,true):format(jpg)/d2lnr5mha7bycj.cloudfront.net/product-image/file/large_c59df73a-ea18-4013-a3c0-0c3ad4132e8a.jpg,"
Daves,Green Tomato,$1.95 ,each (est.),$3.29 / lb,About 0.59 lb each,[],,"https://www.instacart.com/image-server/257x257/filters:fill(FFF,true):format(jpg)/d2lnr5mha7bycj.cloudfront.net/product-image/file/large_26c758a9-67ae-4e87-8c91-f130dc1a49b3.jpg,"
Daves,Yellow Bell Pepper,$2.41 ,each (est.),$4.39 / lb,About 0.55 lb each,[],,"https://www.instacart.com/image-server/257x257/filters:fill(FFF,true):format(jpg)/d2lnr5mha7bycj.cloudfront.net/product-image/file/large_4fdf8171-7dae-458a-a500-ae2969af48fd.jpg,"
Daves,"Sun Supreme Potatoes, Idaho",$4.39 ,,,5 lb,['Organic'],,"https://www.instacart.com/image-server/257x257/filters:fill(FFF,true):format(jpg)/d2lnr5mha7bycj.cloudfront.net/product-image/file/large_06ef791e-f7c0-46ae-9ce6-48f2dafb6f95.png,"
Daves,Fresh Express Iceberg Garden Salad Blend,$2.19 ,,,12 oz bag,[],,"https://www.instacart.com/image-server/257x257/filters:fill(FFF,true):format(jpg)/d2lnr5mha7bycj.cloudfront.net/product-image/file/large_43727a3d-6985-43d1-a629-65d0fae3991b.png,"
Daves,Yellow Squash,$3.59 ,each (est.),$3.29 / lb,About 1.09 lb each,[],,"https://www.instacart.com/image-server/257x257/filters:fill(FFF,true):format(jpg)/d2lnr5mha7bycj.cloudfront.net/product-image/file/large_942e82f8-be5d-4179-be03-e39f123c7fe8.jpg,"
Daves,"Robinson Fresh Kale, Greens",$3.29 ,,,16 oz,[],,"https://www.instacart.com/image-server/257x257/filters:fill(FFF,true):format(jpg)/d2lnr5mha7bycj.cloudfront.net/product-image/file/large_919db2f3-f9a2-4736-9bfb-09a7ed76c44b.png,"
Daves,Original price: $2.79,$2.19 ,,,12 oz,[],,"https://www.instacart.com/image-server/257x257/filters:fill(FFF,true):format(jpg)/d2lnr5mha7bycj.cloudfront.net/product-image/file/large_80dd2ae8-526e-4dc6-bb9b-e2e1cac350b3.png,"
Daves,Bolthouse Farms Carrot Sticks,$2.19 ,,,12 oz bag,['In season'],,"https://www.instacart.com/image-server/257x257/filters:fill(FFF,true):format(jpg)/d2lnr5mha7bycj.cloudfront.net/product-image/file/large_38b20c73-c7cf-4d24-8fc3-47889fdbd378.jpg,"
Daves,"Fresh Express Salad, Leafy Green Romaine, Crunchy Blends",$4.39 ,,,9 oz,[],,"https://www.instacart.com/image-server/257x257/filters:fill(FFF,true):format(jpg)/d2lnr5mha7bycj.cloudfront.net/product-image/file/large_f1375b10-409b-41eb-bc24-4a0a8bd47c58.png,"
Daves,Italian Parsley Bunch,$1.69 ,,,1 bunch,[],Many in stock,"https://www.instacart.com/image-server/257x257/filters:fill(FFF,true):format(jpg)/d2lnr5mha7bycj.cloudfront.net/product-image/file/large_4ca265e1-6419-490e-8b30-c2e7b2e5e491.jpg,"
Daves,Eggplant,$3.43 ,each (est.),$2.79 / lb,About 1.23 lb each,[],,"https://www.instacart.com/image-server/257x257/filters:fill(FFF,true):format(jpg)/d2lnr5mha7bycj.cloudfront.net/product-image/file/large_261e5f84-bd83-4d72-9425-c4615d8642f2.jpg,"
Daves,Produce Seedless Cucumber,$2.19 ,,,,['Organic'],,"https://www.instacart.com/image-server/257x257/filters:fill(FFF,true):format(jpg)/d2lnr5mha7bycj.cloudfront.net/product-image/file/large_05a070ef-d8a9-4b3d-aa09-1ba9457ee38c.png,"
Daves,Store Brand Romaine Hearts,$4.39 ,,,22 oz,[],,"https://www.instacart.com/image-server/257x257/filters:fill(FFF,true):format(jpg)/d2lnr5mha7bycj.cloudfront.net/product-image/file/large_ade4e6b9-e34a-4977-ac9b-b55c7ee4664b.png,"
Daves,Original price: $14.29,$10.99 ,,,80 oz,[],,"https://www.instacart.com/image-server/257x257/filters:fill(FFF,true):format(jpg)/d2lnr5mha7bycj.cloudfront.net/product-image/file/large_4fed7ee8-3a82-4612-8dd8-dcf2754c9813.jpg,"
Daves,Original price: $6.29,$5.49 ,,,28 oz,[],,"https://www.instacart.com/image-server/257x257/filters:fill(FFF,true):format(jpg)/d2lnr5mha7bycj.cloudfront.net/product-image/file/large_9a5ad370-0bb4-4ae7-a5e0-0706141930f3.png,"
Daves,Original price: $8.79,$8.29 ,,,18.8 oz,[],,"https://www.instacart.com/image-server/257x257/filters:fill(FFF,true):format(jpg)/d2lnr5mha7bycj.cloudfront.net/product-image/file/large_8ac68ac4-977c-416b-9b52-c86d0751d8e6.png,"
Daves,Cinnamon Toast Crunch Breakfast Cereal,$7.69 ,,,16.8 oz,[],,"https://www.instacart.com/image-server/257x257/filters:fill(FFF,true):format(jpg)/d2lnr5mha7bycj.cloudfront.net/product-image/file/large_dab1c909-f7e3-4a9e-ac96-b40daef55181.png,"
Daves,Cinnamon Toast Crunch Breakfast Cereal,$6.59 ,,,12 oz,[],,"https://www.instacart.com/image-server/257x257/filters:fill(FFF,true):format(jpg)/d2lnr5mha7bycj.cloudfront.net/product-image/file/large_6b35f52d-628d-4215-a996-42df93fd8cb4.png,"
Daves,Cinnamon Toast Crunch Loaded Crispy Crème Filled Breakfast Cereal,$8.79 ,,,13 oz,[],,"https://www.instacart.com/image-server/257x257/filters:fill(FFF,true):format(jpg)/d2lnr5mha7bycj.cloudfront.net/product-image/file/large_4370d0bb-9e5f-4800-9696-aaf1fd1f9aac.png,"
Daves,"Quaker Grits, Quick 5-Minute",$3.69 ,,,24 oz,[],Many in stock,"https://www.instacart.com/image-server/257x257/filters:fill(FFF,true):format(jpg)/d2lnr5mha7bycj.cloudfront.net/product-image/file/large_7bd43b01-4161-4824-830d-76d2ab6dd781.png,"
Daves,Food Club Maple & Brown Sugar Instant Oatmeal,$4.39 ,,,15.1 oz,[],,"https://www.instacart.com/image-server/257x257/filters:fill(FFF,true):format(jpg)/d2lnr5mha7bycj.cloudfront.net/product-image/file/large_38ba6a8b-77cb-44e4-a902-2192de691693.png,"
Daves,Pearl Milling Company Original Baking Mix,$4.39 ,,,32 oz,[],,"https://www.instacart.com/image-server/257x257/filters:fill(FFF,true):format(jpg)/d2lnr5mha7bycj.cloudfront.net/product-image/file/large_f6efe37d-8ad4-46a0-a3b1-4f049f622154.png,"
Daves,Original price: $6.09,$5.49 ,,,12 oz,[],,"https://www.instacart.com/image-server/257x257/filters:fill(FFF,true):format(jpg)/d2lnr5mha7bycj.cloudfront.net/product-image/file/large_15549af4-6fb0-4c52-b553-1d7670a1a9c0.jpg,"
Daves,Honey Nut Cheerios Heart Healthy Cereal With Happy Heart Shapes,$7.69 ,,,15.4 oz,['Gluten-Free'],,"https://www.instacart.com/image-server/257x257/filters:fill(FFF,true):format(jpg)/d2lnr5mha7bycj.cloudfront.net/product-image/file/large_da19175e-6c5c-49ce-ac96-9041516048e3.png,"
Daves,"Pearl Milling Company Pancake & Waffle Mix, Buttermilk Complete",$6.19 ,,,32 oz,[],,"https://www.instacart.com/image-server/257x257/filters:fill(FFF,true):format(jpg)/d2lnr5mha7bycj.cloudfront.net/product-image/file/large_6e6d17c4-79c4-43a2-a449-e25c8b3baa6b.png,"
Daves,Original price: $6.59,$6.09 ,,,8.9 oz,[],Many in stock,"https://www.instacart.com/image-server/257x257/filters:fill(FFF,true):format(jpg)/d2lnr5mha7bycj.cloudfront.net/product-image/file/large_7a4672d5-39e3-4dbd-9a5d-52d3b4f4fcc6.jpg,"
Daves,Original price: $8.29,$7.69 ,,,18 oz,[],,"https://www.instacart.com/image-server/257x257/filters:fill(FFF,true):format(jpg)/d2lnr5mha7bycj.cloudfront.net/product-image/file/large_520740cb-36ae-498f-80c8-d8e7546354d0.jpg,"
Daves,Pillsbury Strawberry Toaster Strudel Pastries,$5.19 ,,,6 ct,[],,"https://www.instacart.com/image-server/257x257/filters:fill(FFF,true):format(jpg)/d2lnr5mha7bycj.cloudfront.net/product-image/file/large_7ade35b9-4de2-42df-ae0b-c31ff7a4c03a.png,"
Daves,Kellogg's Frosted Flakes Original,$6.59 ,,,13.5 oz,[],,"https://www.instacart.com/image-server/257x257/filters:fill(FFF,true):format(jpg)/d2lnr5mha7bycj.cloudfront.net/product-image/file/large_e0c5f429-e2bc-4fbb-b3e6-a99a3ca7ab5a.jpg,"
Daves,"Pop-Tarts Toaster Pastries, Breakfast Foods, Kids Snacks, Frosted Strawberry",$6.09 ,,,12 ct,[],,"https://www.instacart.com/image-server/257x257/filters:fill(FFF,true):format(jpg)/d2lnr5mha7bycj.cloudfront.net/product-image/file/large_8d2bc501-3e54-46c4-805a-61ebe3a0205c.jpg,"
Daves,Original price: $8.79,$8.29 ,,,19.7 oz,[],Many in stock,"https://www.instacart.com/image-server/257x257/filters:fill(FFF,true):format(jpg)/d2lnr5mha7bycj.cloudfront.net/product-image/file/large_b28cac0b-2cc1-4dde-acd1-ed0a2c338ceb.png,"
Daves,"Toast Crunch Cinnagraham Breakfast Cereal, Whole Grain",$6.59 ,,,12 oz,[],,"https://www.instacart.com/image-server/257x257/filters:fill(FFF,true):format(jpg)/d2lnr5mha7bycj.cloudfront.net/product-image/file/large_3504fd27-c535-48b1-9c77-eab232382d70.png,"
Daves,Original price: $6.09,$5.49 ,,,12.5 oz,[],Many in stock,"https://www.instacart.com/image-server/257x257/filters:fill(FFF,true):format(jpg)/d2lnr5mha7bycj.cloudfront.net/product-image/file/large_60f4ad28-57a0-46b8-808b-f9ac2f8f229e.jpg,"
Daves,"Pop-Tarts Toaster Pastries, Breakfast Foods, Kids Snacks, Frosted Strawberry",$3.89 ,,,8 ct,[],,"https://www.instacart.com/image-server/257x257/filters:fill(FFF,true):format(jpg)/d2lnr5mha7bycj.cloudfront.net/product-image/file/large_517d32e1-2287-4ef9-9542-c760712c78e4.jpg,"
Daves,Cap'N Crunch Fruit Cereal,$6.59 ,,,11.7 oz,[],Many in stock,"https://www.instacart.com/image-server/257x257/filters:fill(FFF,true):format(jpg)/d2lnr5mha7bycj.cloudfront.net/product-image/file/large_270c77ec-e5a9-427e-ab35-729fb236f95f.png,"
Daves,Chex Cinnamon Gluten Free Cereal,$6.59 ,,,12 oz,['Gluten-Free'],,"https://www.instacart.com/image-server/257x257/filters:fill(FFF,true):format(jpg)/d2lnr5mha7bycj.cloudfront.net/product-image/file/large_7e59a93a-8e0f-4d10-aa45-a85399ced07f.png,"
Daves,"Pop-Tarts Toaster Pastries, Breakfast Foods, Kids Snacks, Frosted Brown Sugar Cinnamon",$3.89 ,,,8 ct,[],,"https://www.instacart.com/image-server/257x257/filters:fill(FFF,true):format(jpg)/d2lnr5mha7bycj.cloudfront.net/product-image/file/large_232a93df-0a0d-453b-b8a6-d569ffe29a2b.jpg,"
Daves,Original price: $3.89,$3.29 ,,,18 oz,[],,"https://www.instacart.com/image-server/257x257/filters:fill(FFF,true):format(jpg)/d2lnr5mha7bycj.cloudfront.net/product-image/file/large_45caaaf7-da79-4b0e-8236-5015504ca162.png,"
Daves,"Cap'N Crunch Cereal, Peanut Butter Crunch, Sweetened Corn & Oat",$6.59 ,,,11.4 oz,[],,"https://www.instacart.com/image-server/257x257/filters:fill(FFF,true):format(jpg)/d2lnr5mha7bycj.cloudfront.net/product-image/file/large_d3b4efd1-ad5b-4e13-a9fe-9e2b854c1d0d.png,"
Daves,"Pop-Tarts Toaster Pastries, Breakfast Foods, Kids Snacks, Frosted Brown Sugar Cinnamon",$6.09 ,,,12 ct,[],,"https://www.instacart.com/image-server/257x257/filters:fill(FFF,true):format(jpg)/d2lnr5mha7bycj.cloudfront.net/product-image/file/large_2bb53b30-c600-407f-a1c7-38e00bfc2648.jpg,"
Daves,"Pop-Tarts Toaster Pastries, Breakfast Foods, Kids Snacks, Frosted S'mores",$3.89 ,,,8 ct,[],,"https://www.instacart.com/image-server/257x257/filters:fill(FFF,true):format(jpg)/d2lnr5mha7bycj.cloudfront.net/product-image/file/large_9d778d19-f327-46d2-8def-019208430f86.jpg,"
Daves,"Pop-Tarts Toaster Pastries, Breakfast Foods, Kids Snacks, Frosted Cookies and Creme",$3.89 ,,,8 ct,[],,"https://www.instacart.com/image-server/257x257/filters:fill(FFF,true):format(jpg)/d2lnr5mha7bycj.cloudfront.net/product-image/file/large_7f51275c-5115-43c2-b22e-49e20fd859ec.jpg,"
Daves,Original price: $6.09,$5.49 ,,,16.6 oz,[],Many in stock,"https://www.instacart.com/image-server/257x257/filters:fill(FFF,true):format(jpg)/d2lnr5mha7bycj.cloudfront.net/product-image/file/large_c9755b5f-4873-44b1-88b0-641e618afa38.png,"
Daves,Honey Nut Cheerios Heart Healthy Cereal With Happy Heart Shapes,$6.59 ,,,10.8 oz,['Gluten-Free'],,"https://www.instacart.com/image-server/257x257/filters:fill(FFF,true):format(jpg)/d2lnr5mha7bycj.cloudfront.net/product-image/file/large_326c1922-6d15-463a-b614-167a4c6f7aa4.png,"
Daves,Original price: $6.59,$6.09 ,,,12 oz,[],,"https://www.instacart.com/image-server/257x257/filters:fill(FFF,true):format(jpg)/d2lnr5mha7bycj.cloudfront.net/product-image/file/large_13009e31-9261-48cf-9dee-115da3a71350.jpg,"
Daves,Original price: $7.69,$7.19 ,,,12 oz,[],,"https://www.instacart.com/image-server/257x257/filters:fill(FFF,true):format(jpg)/d2lnr5mha7bycj.cloudfront.net/product-image/file/large_d1b9e3ef-0832-4a75-ac7a-ffb66f5ccebd.jpg,"
Daves,Cap'N Crunch Fruit Cereal,$7.19 ,,,16.8 oz,[],,"https://www.instacart.com/image-server/257x257/filters:fill(FFF,true):format(jpg)/d2lnr5mha7bycj.cloudfront.net/product-image/file/large_b2871907-c370-42fd-93b8-5310dc436c8b.png,"
Daves,Original price: $7.19,$6.59 ,,,20.5 oz,[],,"https://www.instacart.com/image-server/257x257/filters:fill(FFF,true):format(jpg)/d2lnr5mha7bycj.cloudfront.net/product-image/file/large_1ee10bdc-41e7-441e-b46a-5c32738d14f6.jpg,"
Daves,Original price: $6.09,$5.49 ,,,14.75 oz,[],,"https://www.instacart.com/image-server/257x257/filters:fill(FFF,true):format(jpg)/d2lnr5mha7bycj.cloudfront.net/product-image/file/large_df9f8d72-1e1b-4d8c-812d-9cbe44efb531.jpg,"
Daves,Original price: $4.39,$3.89 ,,,32 oz,[],Many in stock,"https://www.instacart.com/image-server/257x257/filters:fill(FFF,true):format(jpg)/d2lnr5mha7bycj.cloudfront.net/product-image/file/large_e549b143-d232-407b-9097-293e53802820.png,"
Daves,Wheat Chex Made with Whole Grain Breakfast Cereal,$6.59 ,,,14 oz,[],,"https://www.instacart.com/image-server/257x257/filters:fill(FFF,true):format(jpg)/d2lnr5mha7bycj.cloudfront.net/product-image/file/large_a9f20e53-ca4b-4c73-961b-d3b8e7fa0d6f.png,"
Daves,Original price: $6.09,$5.49 ,,,11.5 oz,[],,"https://www.instacart.com/image-server/257x257/filters:fill(FFF,true):format(jpg)/d2lnr5mha7bycj.cloudfront.net/product-image/file/large_28a27a91-3eb3-4262-9fa9-a8a68a2a9d19.png,"
Daves,General Mills Reese's Puffs Chocolatey Peanut Butter Kids Breakfast Cereal,$6.59 ,,,11.5 oz,[],,"https://www.instacart.com/image-server/257x257/filters:fill(FFF,true):format(jpg)/d2lnr5mha7bycj.cloudfront.net/product-image/file/large_9b7cb279-c364-4efa-baa1-454daa611231.png,"
Daves,Original price: $7.19,$6.59 ,,,14 oz,[],,"https://www.instacart.com/image-server/257x257/filters:fill(FFF,true):format(jpg)/d2lnr5mha7bycj.cloudfront.net/product-image/file/large_4c1a81c4-8831-4c0c-9017-10758000d7e8.jpg,"
Daves,"Quaker Instant Oatmeal, Fruit and Cream - Pack",$5.49 ,,,8 x 1.05 oz,[],,"https://www.instacart.com/image-server/257x257/filters:fill(FFF,true):format(jpg)/d2lnr5mha7bycj.cloudfront.net/product-image/file/large_3d7cc261-7bcb-4014-a039-fce2ec96f953.png,"
Daves,"Quaker Instant Grits, Butter - Pack",$5.49 ,,,10 x 0.98 oz,[],Many in stock,"https://www.instacart.com/image-server/257x257/filters:fill(FFF,true):format(jpg)/d2lnr5mha7bycj.cloudfront.net/product-image/file/large_92139194-b46f-474d-afb8-49ba04855660.png,"
Daves,Rice Chex Gluten Free Breakfast Cereal,$6.59 ,,,12 oz,[],,"https://www.instacart.com/image-server/257x257/filters:fill(FFF,true):format(jpg)/d2lnr5mha7bycj.cloudfront.net/product-image/file/large_7ec71823-c033-4c6d-b96c-fd9ec4eec54d.png,"
Daves,Original price: $8.29,$7.69 ,,,24 oz,[],,"https://www.instacart.com/image-server/257x257/filters:fill(FFF,true):format(jpg)/d2lnr5mha7bycj.cloudfront.net/product-image/file/large_f0cd9d4a-81db-4248-a3aa-9cc503b701d6.jpg,"
Daves,"General Mills Fruit Flavored Snacks, Fruit Fusion Assorted Flavors, Variety Pack",$6.09 ,,,5.1 oz,['Gluten-Free'],,"https://www.instacart.com/image-server/257x257/filters:fill(FFF,true):format(jpg)/d2lnr5mha7bycj.cloudfront.net/product-image/file/large_a5976692-8e27-415a-bb87-b39a9161b335.png,"
Daves,Original price: $9.89,$7.69 ,,,23 oz,['Gluten-Free'],,"https://www.instacart.com/image-server/257x257/filters:fill(FFF,true):format(jpg)/d2lnr5mha7bycj.cloudfront.net/product-image/file/large_b6ed4bff-3ecc-4d68-8565-bae215c92547.png,"
Daves,"Chester's Fries, Flamin' Hot Flavored",$3.29 ,,,5.25 oz,['Gluten-Free'],,"https://www.instacart.com/image-server/257x257/filters:fill(FFF,true):format(jpg)/d2lnr5mha7bycj.cloudfront.net/product-image/file/large_c271a7d0-0cdd-4949-9ecb-e10c13a369ba.png,"
Daves,"Little Debbie Donuts, Glazed, Mini",$2.89 ,,,10.5 oz,[],,"https://www.instacart.com/image-server/257x257/filters:fill(FFF,true):format(jpg)/d2lnr5mha7bycj.cloudfront.net/product-image/file/large_b6dad363-7162-4d81-9222-070faaadb297.png,"
Daves,"Welch's Fruit Snacks, Berries 'N Cherries",$4.99 ,,,10 x 0.8 oz,['Gluten-Free'],,"https://www.instacart.com/image-server/257x257/filters:fill(FFF,true):format(jpg)/d2lnr5mha7bycj.cloudfront.net/product-image/file/large_e40e0e1a-a917-40ca-b654-738ef97ea21f.png,"
Daves,Slim Jim Giant Smoked Mild Flavor Meat Stick,$1.99 ,,,0.97 oz,[],,"https://www.instacart.com/image-server/257x257/filters:fill(FFF,true):format(jpg)/d2lnr5mha7bycj.cloudfront.net/product-image/file/large_2c35784a-8037-48a1-acfb-4573cae03dbb.jpeg,"
Daves,Ritz Fresh Stacks Original Crackers,$5.49 ,,,8 x 1.48 oz,[],,"https://www.instacart.com/image-server/257x257/filters:fill(FFF,true):format(jpg)/d2lnr5mha7bycj.cloudfront.net/product-image/file/large_2f87bf55-29b3-44fc-a625-f37c626ab5b2.jpg,"
Daves,Original price: $6.59,$6.09 ,,,8 oz,[],,"https://www.instacart.com/image-server/257x257/filters:fill(FFF,true):format(jpg)/d2lnr5mha7bycj.cloudfront.net/product-image/file/large_2be6dcfc-cfac-44ad-a14d-05e934a267bd.png,"
Daves,Original price: $8.79,$6.59 ,,,19.74 oz,['Gluten-Free'],,"https://www.instacart.com/image-server/257x257/filters:fill(FFF,true):format(jpg)/d2lnr5mha7bycj.cloudfront.net/product-image/file/large_75db19ac-f5c7-41a2-a231-c72bd6e72e18.jpeg,"
Daves,Original price: $5.89,$5.49 ,,,10 ct,[],,"https://www.instacart.com/image-server/257x257/filters:fill(FFF,true):format(jpg)/d2lnr5mha7bycj.cloudfront.net/product-image/file/large_e68e0a16-baf4-4dfb-b816-c653008da699.jpg,"
Daves,"Cheez-It Cheese Crackers, Baked Snack Crackers, Lunch Snacks, Original",$6.39 ,,,12.4 oz,[],,"https://www.instacart.com/image-server/257x257/filters:fill(FFF,true):format(jpg)/d2lnr5mha7bycj.cloudfront.net/product-image/file/large_4eafd5df-53c8-4892-a988-09b948b1c18e.jpg,"
Daves,"ROLD GOLD Pretzels, Sticks, Original",$4.39 ,,,16 oz,[],,"https://www.instacart.com/image-server/257x257/filters:fill(FFF,true):format(jpg)/d2lnr5mha7bycj.cloudfront.net/product-image/file/large_de40c4b0-ce59-47de-b600-92dc0d9385e2.png,"
Daves,"Kellogg’s Nutri-Grain Soft Baked Breakfast Bars, Kids Snacks, Whole Grain, Apple Cinnamon",$5.49 ,,,10.4 oz,[],,"https://www.instacart.com/image-server/257x257/filters:fill(FFF,true):format(jpg)/d2lnr5mha7bycj.cloudfront.net/product-image/file/large_b9a0e344-55b5-4364-bd04-5abdbc2c639d.jpg,"
Daves,"Little Debbie Sandwich Cookies, Banana, Marshmallow, Pies",$3.09 ,,,12.1 oz,[],,"https://www.instacart.com/image-server/257x257/filters:fill(FFF,true):format(jpg)/d2lnr5mha7bycj.cloudfront.net/product-image/file/large_ae1111f2-feb3-4744-be2f-7fa1e98f97a6.png,"
Daves,Gushers Tropical and Strawberry Fruit Flavored Snacks,$6.09 ,,,4.8 oz,['Gluten-Free'],,"https://www.instacart.com/image-server/257x257/filters:fill(FFF,true):format(jpg)/d2lnr5mha7bycj.cloudfront.net/product-image/file/large_8dfe7f0a-8d5f-4b00-8441-45393ea51c0e.png,"
Daves,"ROLD GOLD Pretzels, Tiny Twists, Original Flavored",$4.39 ,,,16 oz,[],,"https://www.instacart.com/image-server/257x257/filters:fill(FFF,true):format(jpg)/d2lnr5mha7bycj.cloudfront.net/product-image/file/large_fb57290c-59f0-41af-bbbf-40d16ea0baa3.png,"
Daves,Original price: $6.59,$5.49 ,,,12 ct,[],,"https://www.instacart.com/image-server/257x257/filters:fill(FFF,true):format(jpg)/d2lnr5mha7bycj.cloudfront.net/product-image/file/large_3c28bd85-1b32-48ae-ae21-9314ad9ed8ce.jpg,"
Daves,"Little Debbie Muffins, Strawberry Shortcake, Mini",$3.59 ,,,5 ct,[],,"https://www.instacart.com/image-server/257x257/filters:fill(FFF,true):format(jpg)/d2lnr5mha7bycj.cloudfront.net/product-image/file/large_c91dc797-b861-4dbb-9a03-13a618d02643.png,"
Daves,Original price: $5.89,$5.49 ,,,12 x 12 oz,[],,"https://www.instacart.com/image-server/257x257/filters:fill(FFF,true):format(jpg)/d2lnr5mha7bycj.cloudfront.net/product-image/file/large_b50d908e-1b80-4a71-899c-7948975bc88f.jpg,"
Daves,Dole Mandarin Oranges in 100% Fruit Juice,$4.39 ,,,4 each,[],,"https://www.instacart.com/image-server/257x257/filters:fill(FFF,true):format(jpg)/d2lnr5mha7bycj.cloudfront.net/product-image/file/large_75993b81-5ae2-4599-a94f-4aebe6cd51cc.png,"
Daves,SNICKERS Full Size Chocolate Candy Bar Bar,$1.89 ,,,1.86 oz,[],,"https://www.instacart.com/image-server/257x257/filters:fill(FFF,true):format(jpg)/d2lnr5mha7bycj.cloudfront.net/product-image/file/large_17adaf23-0e1a-45ee-a2b4-8f9be6a64361.jpg,"
Daves,Original price: $6.59,$5.49 ,,,20 oz,[],,"https://www.instacart.com/image-server/257x257/filters:fill(FFF,true):format(jpg)/d2lnr5mha7bycj.cloudfront.net/product-image/file/large_646497ea-c017-4fe9-9629-493edb7afff4.jpg,"
Daves,Premium Original Saltine Crackers,$4.99 ,,,16 oz,[],,"https://www.instacart.com/image-server/257x257/filters:fill(FFF,true):format(jpg)/d2lnr5mha7bycj.cloudfront.net/product-image/file/large_8d0d2f1f-41b7-4cec-8115-3f7a1e552626.jpg,"
Daves,"Kellogg’s Nutri-Grain Soft Baked Breakfast Bars, Kids Snacks, Whole Grain, Raspberry",$5.49 ,,,8 x 10.4 oz,[],,"https://www.instacart.com/image-server/257x257/filters:fill(FFF,true):format(jpg)/d2lnr5mha7bycj.cloudfront.net/product-image/file/large_0a298776-ffb1-4b03-8039-624891d9d721.jpg,"
Daves,Lance Nekot Peanut Butter Sandwich Cookies,$5.19 ,,,8 x 1.75 oz,[],,"https://www.instacart.com/image-server/257x257/filters:fill(FFF,true):format(jpg)/d2lnr5mha7bycj.cloudfront.net/product-image/file/large_6effb773-98cb-4a16-88a1-5129103c6805.jpg,"
Daves,Original price: $5.29,$4.39 ,,,7.75 oz,['Gluten-Free'],,"https://www.instacart.com/image-server/257x257/filters:fill(FFF,true):format(jpg)/d2lnr5mha7bycj.cloudfront.net/product-image/file/large_2485732a-93bf-493b-ac5b-8ec916e08a04.png,"
Daves,Original price: $4.79,$4.39 ,,,10 oz,['Gluten-Free'],,"https://www.instacart.com/image-server/257x257/filters:fill(FFF,true):format(jpg)/d2lnr5mha7bycj.cloudfront.net/product-image/file/large_8be38164-f9a6-49eb-a424-4970327c5c48.png,"
Daves,Dole Pineapple Tidbits,$4.39 ,,,4 each,['Vegan'],,"https://www.instacart.com/image-server/257x257/filters:fill(FFF,true):format(jpg)/d2lnr5mha7bycj.cloudfront.net/product-image/file/large_ad6516ad-8b2a-41aa-8a8b-503590acf37b.png,"
Daves,"Oreo Chocolate Sandwich Cookies, Party Size",$7.69 ,,,26 oz,[],,"https://www.instacart.com/image-server/257x257/filters:fill(FFF,true):format(jpg)/d2lnr5mha7bycj.cloudfront.net/product-image/file/large_b7d41a98-f808-4b81-871b-9f42e2d76f65.jpg,"
Daves,"Oreo Double Stuf Chocolate Sandwich Cookies, Family Size",$6.59 ,,,20 oz,[],,"https://www.instacart.com/image-server/257x257/filters:fill(FFF,true):format(jpg)/d2lnr5mha7bycj.cloudfront.net/product-image/file/large_83d8b858-3f39-460e-bb7e-12e2f093f0d8.jpg,"
Daves,Original price: $9.39,$8.29 ,,,21 oz,[],,"https://www.instacart.com/image-server/257x257/filters:fill(FFF,true):format(jpg)/d2lnr5mha7bycj.cloudfront.net/product-image/file/large_f82b6c32-c351-4b02-9343-ef78dba6c471.jpg,"
Daves,Snyder's of Hanover Sourdough Hard Pretzels,$5.29 ,,,16 oz,[],,"https://www.instacart.com/image-server/257x257/filters:fill(FFF,true):format(jpg)/d2lnr5mha7bycj.cloudfront.net/product-image/file/large_3e1b6257-079a-46d8-8a70-504ca547596b.jpg,"
Daves,Original price: $5.89,$5.49 ,,,8 ct,[],,"https://www.instacart.com/image-server/257x257/filters:fill(FFF,true):format(jpg)/d2lnr5mha7bycj.cloudfront.net/product-image/file/large_82bcc354-b9db-499c-87a7-6f69e5b0626f.jpg,"
Daves,Original price: $15.39,$12.09 ,,,18 each,[],,"https://www.instacart.com/image-server/257x257/filters:fill(FFF,true):format(jpg)/d2lnr5mha7bycj.cloudfront.net/product-image/file/large_8e812474-8f1d-4650-8bd5-75c42b2b0570.png,"
Daves,Banquet Chicken Pot Pie Frozen Pot Pie Dinner,$2.59 ,,,7 oz,[],,"https://www.instacart.com/image-server/257x257/filters:fill(FFF,true):format(jpg)/d2lnr5mha7bycj.cloudfront.net/product-image/file/large_ea1ec8f3-17f8-463d-bda8-3cec7f526817.jpg,"
Daves,Original price: $13.19,$11.59 ,,,10 ct,[],,"https://www.instacart.com/image-server/257x257/filters:fill(FFF,true):format(jpg)/d2lnr5mha7bycj.cloudfront.net/product-image/file/large_e422dc54-cecd-482a-b193-94b3f935304c.jpg,"
Daves,Stouffer's Lasagna With Meat & Sauce Frozen Meal,$5.49 ,,,10.5 oz,[],,"https://www.instacart.com/image-server/257x257/filters:fill(FFF,true):format(jpg)/d2lnr5mha7bycj.cloudfront.net/product-image/file/large_f43382f2-44f7-48c8-8d89-2bdcf803d58d.jpg,"
Daves,Birds Eye Voila! Alfredo Chicken Frozen Meal,$13.19 ,,,42 oz,[],,"https://www.instacart.com/image-server/257x257/filters:fill(FFF,true):format(jpg)/d2lnr5mha7bycj.cloudfront.net/product-image/file/large_53062df9-528a-482d-ab95-5bc3903b6cd7.jpeg,"
Daves,Original price: $2.49,$1.99 ,,,8.5 oz,[],Many in stock,"https://www.instacart.com/image-server/257x257/filters:fill(FFF,true):format(jpg)/d2lnr5mha7bycj.cloudfront.net/product-image/file/large_85317420-5468-4881-aa95-8e3f84212a93.jpg,"
Daves,Original price: $8.49,$7.69 ,,,8 each,[],Many in stock,"https://www.instacart.com/image-server/257x257/filters:fill(FFF,true):format(jpg)/d2lnr5mha7bycj.cloudfront.net/product-image/file/large_931933a3-02fa-4060-9b4f-33ef2bfd61ec.png,"
Daves,Stouffer's Classics Salisbury Steak Frozen Entrée,$5.49 ,,,9.63 oz,[],,"https://www.instacart.com/image-server/257x257/filters:fill(FFF,true):format(jpg)/d2lnr5mha7bycj.cloudfront.net/product-image/file/large_5bebbb34-b0b7-406b-975b-14be69bc44b4.jpg,"
Daves,Birds Eye Voila! Alfredo Chicken Frozen Meal,$9.39 ,,,21 oz,[],,"https://www.instacart.com/image-server/257x257/filters:fill(FFF,true):format(jpg)/d2lnr5mha7bycj.cloudfront.net/product-image/file/large_f093a795-0375-44ce-a195-0095063d740a.jpeg,"
Daves,"Banquet Chicken Nuggets with Mac and Cheese and Brownie, Frozen Meal",$2.59 ,,,7.4 oz,[],,"https://www.instacart.com/image-server/257x257/filters:fill(FFF,true):format(jpg)/d2lnr5mha7bycj.cloudfront.net/product-image/file/large_daf6702e-3a1f-4138-b199-680094dc0814.jpeg,"
Daves,Birds Eye Voila! Garlic Chicken Frozen Meal,$9.39 ,,,21 oz,[],,"https://www.instacart.com/image-server/257x257/filters:fill(FFF,true):format(jpg)/d2lnr5mha7bycj.cloudfront.net/product-image/file/large_6a8549f9-5783-443c-a484-ea669096db89.jpeg,"
Daves,On‑Cor Gravy & Salisbury Steaks,$5.49 ,,,6 ct,[],Many in stock,"https://www.instacart.com/image-server/257x257/filters:fill(FFF,true):format(jpg)/d2lnr5mha7bycj.cloudfront.net/product-image/file/large_1cdfba0d-2ba3-4376-abb6-20e9c9987b97.png,"
Daves,"Banquet Classic Sweet and Sour Chicken, Frozen Meal",$2.59 ,,,9.25 oz,[],,"https://www.instacart.com/image-server/257x257/filters:fill(FFF,true):format(jpg)/d2lnr5mha7bycj.cloudfront.net/product-image/file/large_fda99ae9-da6a-4da5-af11-bde1ea124307.jpeg,"
Daves,"Marie Callender's Beef & Broccoli Bowl, Tender Ginger",$5.49 ,,,11.8 oz,[],,"https://www.instacart.com/image-server/257x257/filters:fill(FFF,true):format(jpg)/d2lnr5mha7bycj.cloudfront.net/product-image/file/large_6514483c-54f8-483c-8fb3-bdf425ddf061.jpg,"
Daves,Stouffer's Macaroni & Cheese Frozen Meal,$5.49 ,,,12 oz,[],,"https://www.instacart.com/image-server/257x257/filters:fill(FFF,true):format(jpg)/d2lnr5mha7bycj.cloudfront.net/product-image/file/large_74cbb5a1-3633-4459-b319-d26051db25e1.jpg,"
Daves,DiGiorno Frozen Pizza - Five Cheese Pizza - Stuffed Crust Pizza,$14.29 ,,,22.2 oz,[],,"https://www.instacart.com/image-server/257x257/filters:fill(FFF,true):format(jpg)/d2lnr5mha7bycj.cloudfront.net/product-image/file/large_2f0fe5fb-3f5c-4cee-9155-401cdbcdfc22.jpg,"
Daves,"Banquet Pot Pie, Turkey",$2.59 ,,,7 oz,[],,"https://www.instacart.com/image-server/257x257/filters:fill(FFF,true):format(jpg)/d2lnr5mha7bycj.cloudfront.net/product-image/file/large_b5f2be55-74cb-406f-9581-c907bcc872c7.jpg,"
Daves,"Banquet Salisbury Steak Meal, Frozen Meal",$2.59 ,,,11.88 oz,[],,"https://www.instacart.com/image-server/257x257/filters:fill(FFF,true):format(jpg)/d2lnr5mha7bycj.cloudfront.net/product-image/file/large_9e0a6d39-1287-4876-9d37-a986b959f291.jpg,"
Daves,Stouffer's Family Size Meatloaf Frozen Meal,$14.29 ,,,33 oz,[],,"https://www.instacart.com/image-server/257x257/filters:fill(FFF,true):format(jpg)/d2lnr5mha7bycj.cloudfront.net/product-image/file/large_59bcf8c3-cbc1-4b72-8d23-6f6ca5bd31c7.jpg,"
Daves,"Deep Indian Kitchen Chicken Tikka Masala, Medium Spice",$8.79 ,,,9 oz,['Gluten-Free'],,"https://www.instacart.com/image-server/257x257/filters:fill(FFF,true):format(jpg)/d2lnr5mha7bycj.cloudfront.net/product-image/file/large_6ff7c3bb-2622-4deb-a3b0-5fac924fcfd4.png,"
Daves,Stouffer's Bowl Fulls Chicken Fried Potatoes Mashed,$6.29 ,,,14 oz,[],,"https://www.instacart.com/image-server/257x257/filters:fill(FFF,true):format(jpg)/d2lnr5mha7bycj.cloudfront.net/product-image/file/large_e9a94fbb-65d3-4430-83b1-321b061558c0.jpg,"
Daves,Stouffer's Swedish Meatballs,$5.49 ,,,11.5 oz,[],,"https://www.instacart.com/image-server/257x257/filters:fill(FFF,true):format(jpg)/d2lnr5mha7bycj.cloudfront.net/product-image/file/large_4cf256b0-9cbe-46ff-9971-ffe60c84b70c.jpg,"
Daves,DiGiorno Gluten Free Pepperoni Frozen Pizza,$16.49 ,,,24.2 oz,['Gluten-Free'],,"https://www.instacart.com/image-server/257x257/filters:fill(FFF,true):format(jpg)/d2lnr5mha7bycj.cloudfront.net/product-image/file/large_a5a21149-99f4-4d3c-9ca8-e3c353915e65.jpg,"
Daves,Original price: $8.29,$7.69 ,,,23.45 oz,[],,"https://www.instacart.com/image-server/257x257/filters:fill(FFF,true):format(jpg)/d2lnr5mha7bycj.cloudfront.net/product-image/file/large_17e456f9-b2de-4304-93c6-4518672e5c32.jpg,"
Daves,"The Philly Steak Sandwich Steaks, All Beef",$12.09 ,,,14 ct,['Keto'],,"https://www.instacart.com/image-server/257x257/filters:fill(FFF,true):format(jpg)/d2lnr5mha7bycj.cloudfront.net/product-image/file/large_36329559-25e3-41a9-9c8f-0545474f8970.png,"
Daves,Totino's Pepperoni Flavored Party Pizza Thin Crust Frozen Pizza Snacks,$3.69 ,,,10.2 oz,[],,"https://www.instacart.com/image-server/257x257/filters:fill(FFF,true):format(jpg)/d2lnr5mha7bycj.cloudfront.net/product-image/file/large_be7ec5f3-8e71-4920-9736-2513803548f5.png,"
Daves,DiGiorno Small Four Cheese Traditional Crust Frozen Pizza,$5.99 ,,,9.2 oz,[],,"https://www.instacart.com/image-server/257x257/filters:fill(FFF,true):format(jpg)/d2lnr5mha7bycj.cloudfront.net/product-image/file/large_97ebc10a-d441-4812-b704-3104115e6b68.jpg,"
Daves,California Pizza Kitchen Bbq Recipe Chicken Frozen Pizza Chicken Pizza On A Crispy Thin Crust,$12.09 ,,,14.7 oz,[],,"https://www.instacart.com/image-server/257x257/filters:fill(FFF,true):format(jpg)/d2lnr5mha7bycj.cloudfront.net/product-image/file/large_1bf57b3c-309e-4614-a7c8-e21eb8500ffb.jpg,"
Daves,Stouffer's Spaghetti with Meatballs Frozen Meal,$5.49 ,,,12.62 oz,[],,"https://www.instacart.com/image-server/257x257/filters:fill(FFF,true):format(jpg)/d2lnr5mha7bycj.cloudfront.net/product-image/file/large_eaed4354-f164-429c-9412-d9662d283db2.jpg,"
Daves,Original price: $2.49,$1.99 ,,,8 oz,[],,"https://www.instacart.com/image-server/257x257/filters:fill(FFF,true):format(jpg)/d2lnr5mha7bycj.cloudfront.net/product-image/file/large_e781f949-bd97-4ded-8053-291419fa2d4d.jpg,"
Daves,DiGiorno Small Pepperoni Traditional Crust Frozen Pizza,$5.99 ,,,9.3 oz,[],,"https://www.instacart.com/image-server/257x257/filters:fill(FFF,true):format(jpg)/d2lnr5mha7bycj.cloudfront.net/product-image/file/large_853c8f67-fa73-4a2b-aa3f-31ac685e8f5a.jpg,"
Daves,Stouffer's Large Size Macaroni & Cheese Frozen Meal,$7.69 ,,,20 oz,[],,"https://www.instacart.com/image-server/257x257/filters:fill(FFF,true):format(jpg)/d2lnr5mha7bycj.cloudfront.net/product-image/file/large_d33f4fc1-2dc6-412f-bef2-44a2cdc31fc4.jpg,"
Daves,Birds Eye Voila! Garlic Chicken Frozen Meal,$13.19 ,,,42 oz,[],,"https://www.instacart.com/image-server/257x257/filters:fill(FFF,true):format(jpg)/d2lnr5mha7bycj.cloudfront.net/product-image/file/large_fe68c172-af48-48b9-abb8-a8f067f80f7d.jpeg,"
Daves,Caribbean Food Delights Jamaican Style Beefy & Cheese Turnovers Patties,$15.39 ,,,50 oz,[],,"https://www.instacart.com/image-server/257x257/filters:fill(FFF,true):format(jpg)/d2lnr5mha7bycj.cloudfront.net/product-image/file/large_15dd6a0c-6074-45e7-907c-d169f79a956a.jpg,"
Daves,Original price: $17.59,$16.49 ,,,15 x 2 oz,[],,"https://www.instacart.com/image-server/257x257/filters:fill(FFF,true):format(jpg)/d2lnr5mha7bycj.cloudfront.net/product-image/file/large_4a0720f9-4d24-46bb-9db1-004070440f78.jpg,"
Daves,Hungry-Man Beer Battered Chicken Frozen Dinner,$6.59 ,,,14.5 oz,[],,"https://www.instacart.com/image-server/257x257/filters:fill(FFF,true):format(jpg)/d2lnr5mha7bycj.cloudfront.net/product-image/file/large_a7562b7e-66d9-4f39-9943-9f35e2ecc1fb.jpg,"
Daves,Original price: $8.49,$7.69 ,,,8 x 4 oz,[],,"https://www.instacart.com/image-server/257x257/filters:fill(FFF,true):format(jpg)/d2lnr5mha7bycj.cloudfront.net/product-image/file/large_f0c7366f-4891-4137-bad0-aec1d3540897.png,"
Daves,Original price: $5.49,$4.39 ,,,15 oz,[],,"https://www.instacart.com/image-server/257x257/filters:fill(FFF,true):format(jpg)/d2lnr5mha7bycj.cloudfront.net/product-image/file/large_e0ab25f0-655f-4ef0-9275-bad08a592383.jpg,"
Daves,DiGiorno Original Rising Crust Four Cheese,$10.99 ,,,28.2 oz,[],,"https://www.instacart.com/image-server/257x257/filters:fill(FFF,true):format(jpg)/d2lnr5mha7bycj.cloudfront.net/product-image/file/large_1b039535-93b0-47f9-994d-9ed79b130a11.jpg,"
Daves,Original price: $10.99,$9.89 ,,,18 oz,[],,"https://www.instacart.com/image-server/257x257/filters:fill(FFF,true):format(jpg)/d2lnr5mha7bycj.cloudfront.net/product-image/file/large_8b4bdee9-6bc1-4046-b782-5b71ac2e6023.png,"
Daves,Red Baron Deep Dish Singles Pepperoni Pizzas,$5.89 ,,,11.2 oz,[],,"https://www.instacart.com/image-server/257x257/filters:fill(FFF,true):format(jpg)/d2lnr5mha7bycj.cloudfront.net/product-image/file/large_aeb4895e-b46e-4712-b0da-0ab119d5205a.jpg,"
Daves,Original price: $9.89,$7.69 ,,,"Original price: $9.89
$9.89",[],,"https://www.instacart.com/image-server/257x257/filters:fill(FFF,true):format(jpg)/d1s8987jlndkbs.cloudfront.net/assets/missing-item-4bbe82b8555e4d1c12626fd482cb2409713e8e30835645ff3650ef66a725d03c.png,"
Daves,DiGiorno Original Rising Crust Frozen Pizza Pepperoni,$10.99 ,,,27.5 oz,[],,"https://www.instacart.com/image-server/257x257/filters:fill(FFF,true):format(jpg)/d2lnr5mha7bycj.cloudfront.net/product-image/file/large_6fbf7746-d059-40b0-be2b-48b1e29399dd.jpg,"
Daves,Original price: $5.49,$4.39 ,,,14 oz,[],,"https://www.instacart.com/image-server/257x257/filters:fill(FFF,true):format(jpg)/d2lnr5mha7bycj.cloudfront.net/product-image/file/large_78fec62f-57c8-4be1-88f8-dfe3b2a4a626.jpg,"
Daves,Original price: $5.49,$4.39 ,,,14.5 oz,[],,"https://www.instacart.com/image-server/257x257/filters:fill(FFF,true):format(jpg)/d2lnr5mha7bycj.cloudfront.net/product-image/file/large_3a3b5c7a-3f02-4ca3-9491-e7c6d5eeb730.jpg,"
Daves,Original price: $3.09,$2.79 ,,,20 oz,[],,"https://www.instacart.com/image-server/257x257/filters:fill(FFF,true):format(jpg)/d2lnr5mha7bycj.cloudfront.net/product-image/file/large_f69a177e-ea5c-4de4-bd94-6b3c169e82e3.jpeg,"
Daves,"Louisiana Brand Hot Sauce, Original",$3.19 ,,,12 fl oz,['Vegan'],,"https://www.instacart.com/image-server/257x257/filters:fill(FFF,true):format(jpg)/d2lnr5mha7bycj.cloudfront.net/product-image/file/large_c8cbf823-81c3-4a4e-b7de-255052f670b8.png,"
Daves,Hidden Valley Original Ranch Salad Dressing & Topping,$3.69 ,,,8 fl oz,[],,"https://www.instacart.com/image-server/257x257/filters:fill(FFF,true):format(jpg)/d2lnr5mha7bycj.cloudfront.net/product-image/file/large_df5a09a5-4247-45e2-ab6f-abb0f68a9a40.jpg,"
Daves,"Pace Salsa, Mild",$4.79 ,,,16 oz,[],,"https://www.instacart.com/image-server/257x257/filters:fill(FFF,true):format(jpg)/d2lnr5mha7bycj.cloudfront.net/product-image/file/large_600b0a5a-2a7d-491c-b13d-5976ea74129e.jpg,"
Daves,Heinz Tomato Ketchup,$6.59 ,,,32 oz,[],,"https://www.instacart.com/image-server/257x257/filters:fill(FFF,true):format(jpg)/d2lnr5mha7bycj.cloudfront.net/product-image/file/large_9353ca97-b2cf-4df1-b216-201b686a5f0b.jpg,"
Daves,Original price: $10.99,$8.79 ,,,30 oz,[],,"https://www.instacart.com/image-server/257x257/filters:fill(FFF,true):format(jpg)/d2lnr5mha7bycj.cloudfront.net/product-image/file/large_ec2d5814-c4a5-4e65-9f31-0f1914ae1107.png,"
Daves,Original price: $4.39,$3.29 ,,,24 oz,[],,"https://www.instacart.com/image-server/257x257/filters:fill(FFF,true):format(jpg)/d2lnr5mha7bycj.cloudfront.net/product-image/file/large_d2c09f1b-5ad0-4906-9d67-1223dd4766b0.jpg,"
Daves,"Pace Salsa, Medium",$4.79 ,,,16 oz,[],,"https://www.instacart.com/image-server/257x257/filters:fill(FFF,true):format(jpg)/d2lnr5mha7bycj.cloudfront.net/product-image/file/large_97d550ca-2a65-4386-9d64-f8b8cec577a3.jpg,"
Daves,A.1. Original Steak Sauce,$5.49 ,,,5 oz,['Vegan'],,"https://www.instacart.com/image-server/257x257/filters:fill(FFF,true):format(jpg)/d2lnr5mha7bycj.cloudfront.net/product-image/file/large_d8aca76e-952e-43b8-88d6-06c47a3c9325.jpg,"
Daves,Marzetti Ranch Dressing,$4.99 ,,,16 fl oz,[],,"https://www.instacart.com/image-server/257x257/filters:fill(FFF,true):format(jpg)/d2lnr5mha7bycj.cloudfront.net/product-image/file/large_72d87022-f023-42e1-b995-1b569aecb537.JPG,"
Daves,Sweet Baby Ray's Original Barbecue Sauce,$3.59 ,,,18 fl oz,['Gluten-Free'],Many in stock,"https://www.instacart.com/image-server/257x257/filters:fill(FFF,true):format(jpg)/d2lnr5mha7bycj.cloudfront.net/product-image/file/large_79069703-98e2-4229-9d72-9ea1c020a4bb.png,"
Daves,Original price: $2.59,$2.19 ,,,10.5 oz,[],,"https://www.instacart.com/image-server/257x257/filters:fill(FFF,true):format(jpg)/d2lnr5mha7bycj.cloudfront.net/product-image/file/large_6d9b7f89-0218-41cf-8fc9-cab53b311221.jpg,"
Daves,Original price: $5.49,$4.39 ,,,16 oz,['Vegan'],Many in stock,"https://www.instacart.com/image-server/257x257/filters:fill(FFF,true):format(jpg)/d2lnr5mha7bycj.cloudfront.net/product-image/file/large_99846e28-fa3d-4506-be99-aea3a7e7ed30.png,"
Daves,Original price: $3.29,$2.99 ,,,8 oz,['Vegan'],Many in stock,"https://www.instacart.com/image-server/257x257/filters:fill(FFF,true):format(jpg)/d2lnr5mha7bycj.cloudfront.net/product-image/file/large_2ee18064-d0ab-4736-a1cc-74252c94661e.png,"
Daves,Original price: $5.19,$3.89 ,,,16 oz,[],,"https://www.instacart.com/image-server/257x257/filters:fill(FFF,true):format(jpg)/d2lnr5mha7bycj.cloudfront.net/product-image/file/large_1fd666a6-ce1b-4796-99dd-86bc9636ceb9.png,"
Daves,"Mateo's Gourmet Salsa, Hot",$5.99 ,,,16 oz,['Vegan'],,"https://www.instacart.com/image-server/257x257/filters:fill(FFF,true):format(jpg)/d2lnr5mha7bycj.cloudfront.net/product-image/file/large_177317a4-97d4-427f-b74e-a7d8d46370ef.png,"
Daves,Claussen Kosher Dill Pickle Spears,$5.49 ,,,24 fl oz,[],,"https://www.instacart.com/image-server/257x257/filters:fill(FFF,true):format(jpg)/d2lnr5mha7bycj.cloudfront.net/product-image/file/large_e9c04141-6f53-4e3e-a88b-44a71bf65328.jpg,"
Daves,Original price: $6.59,$6.29 ,,,16 fl oz,[],,"https://www.instacart.com/image-server/257x257/filters:fill(FFF,true):format(jpg)/d2lnr5mha7bycj.cloudfront.net/product-image/file/large_873bdc5e-230d-44a4-a2e1-18645b61cfbd.jpg,"
Daves,Taco Bell Mild Sauce,$2.99 ,,,7.5 oz,[],,"https://www.instacart.com/image-server/257x257/filters:fill(FFF,true):format(jpg)/d2lnr5mha7bycj.cloudfront.net/product-image/file/large_b57fa42c-9d9a-46a4-a2c3-9060595e8801.jpg,"
Daves,"Mateo's Gourmet Salsa, Medium",$5.99 ,,,16 oz,['Vegan'],,"https://www.instacart.com/image-server/257x257/filters:fill(FFF,true):format(jpg)/d2lnr5mha7bycj.cloudfront.net/product-image/file/large_5c3b622c-7914-4fc7-9196-25d91b98bb9e.png,"
Daves,"Food Club Pickles, Kosher Dill, Spears, Fresh Pack",$3.29 ,,,24 fl oz,[],,"https://www.instacart.com/image-server/257x257/filters:fill(FFF,true):format(jpg)/d2lnr5mha7bycj.cloudfront.net/product-image/file/large_2aca6469-42f2-4cc9-bd58-9e9310f18096.png,"
Daves,Original price: $4.39,$3.29 ,,,16 oz,[],Many in stock,"https://www.instacart.com/image-server/257x257/filters:fill(FFF,true):format(jpg)/d2lnr5mha7bycj.cloudfront.net/product-image/file/large_ce1bf14a-eda0-4fa3-8c12-ad1cb477b3ba.png,"
Daves,Original price: $4.39,$3.29 ,,,16 fl oz,[],,"https://www.instacart.com/image-server/257x257/filters:fill(FFF,true):format(jpg)/d2lnr5mha7bycj.cloudfront.net/product-image/file/large_74af1079-907b-45bd-a3ae-cc2bba84fc52.png,"
Daves,"Mrs. Renfro's Salsa, Green, Hot",$6.59 ,,,16 oz,['Vegan'],,"https://www.instacart.com/image-server/257x257/filters:fill(FFF,true):format(jpg)/d2lnr5mha7bycj.cloudfront.net/product-image/file/large_b5261fcc-6bc1-4c95-8e8f-40cbe70b9961.png,"
Daves,"Sweet Baby Ray's Barbecue Sauce, Honey",$3.59 ,,,18 oz,['Gluten-Free'],,"https://www.instacart.com/image-server/257x257/filters:fill(FFF,true):format(jpg)/d2lnr5mha7bycj.cloudfront.net/product-image/file/large_72122eeb-d8ce-4ee6-9178-0551c3e1e623.png,"
Daves,Grace Browning,$5.49 ,,,4.8 oz,[],,"https://www.instacart.com/image-server/257x257/filters:fill(FFF,true):format(jpg)/d2lnr5mha7bycj.cloudfront.net/product-image/file/large_69300b97-7deb-454b-af4e-3adb5a8ac474.png,"
Daves,Heinz Original Cocktail Sauce,$4.39 ,,,12 oz,[],,"https://www.instacart.com/image-server/257x257/filters:fill(FFF,true):format(jpg)/d2lnr5mha7bycj.cloudfront.net/product-image/file/large_5234d654-e53e-43fc-b0ff-26d7c466c37f.jpg,"
Daves,Original price: $10.99,$9.89 ,,,48 oz,[],,"https://www.instacart.com/image-server/257x257/filters:fill(FFF,true):format(jpg)/d2lnr5mha7bycj.cloudfront.net/product-image/file/large_77f1d41e-bc4f-44ec-8c88-358e794dbb2b.jpg,"
Daves,Original price: $1.59,$1.49 ,,,8 oz,['Vegan'],Many in stock,"https://www.instacart.com/image-server/257x257/filters:fill(FFF,true):format(jpg)/d2lnr5mha7bycj.cloudfront.net/product-image/file/large_54f9efef-c331-4c57-8d67-dc0ee4164c85.JPG,"
Daves,Heinz Sweet Relish,$3.89 ,,,12.7 fl oz,[],,"https://www.instacart.com/image-server/257x257/filters:fill(FFF,true):format(jpg)/d2lnr5mha7bycj.cloudfront.net/product-image/file/large_142eecf3-744c-4652-9351-15f1563c1a4e.jpg,"
Daves,Original price: $3.89,$3.29 ,,,7 oz,[],,"https://www.instacart.com/image-server/257x257/filters:fill(FFF,true):format(jpg)/d2lnr5mha7bycj.cloudfront.net/product-image/file/large_b4d750e6-e591-4e41-869e-941e2d09f6b4.png,"
Daves,"Pace Salsa Con Queso Dip, Medium",$5.49 ,,,15 oz,[],,"https://www.instacart.com/image-server/257x257/filters:fill(FFF,true):format(jpg)/d2lnr5mha7bycj.cloudfront.net/product-image/file/large_e229c731-010f-4cfe-910b-6d90d3b7cc12.jpg,"
Daves,Original price: $2.69,$2.19 ,,,12 oz,['Vegan'],Many in stock,"https://www.instacart.com/image-server/257x257/filters:fill(FFF,true):format(jpg)/d2lnr5mha7bycj.cloudfront.net/product-image/file/large_56a36f49-dec5-46f6-80da-660d317c711f.png,"
Daves,Hellmann's Real Mayonnaise Real Mayo,$4.39 ,,,8 oz,[],,"https://www.instacart.com/image-server/257x257/filters:fill(FFF,true):format(jpg)/d2lnr5mha7bycj.cloudfront.net/product-image/file/large_b88216c3-0615-4f46-a577-f617b692293a.png,"
Daves,Original price: $3.79,$3.29 ,,,32 fl oz,['Vegan'],Many in stock,"https://www.instacart.com/image-server/257x257/filters:fill(FFF,true):format(jpg)/d2lnr5mha7bycj.cloudfront.net/product-image/file/large_f300105a-467a-4e86-ae5d-9cfac9935325.jpg,"
Daves,Original price: $2.79,$2.19 ,,,20 oz,['Vegan'],,"https://www.instacart.com/image-server/257x257/filters:fill(FFF,true):format(jpg)/d2lnr5mha7bycj.cloudfront.net/product-image/file/large_fa9af64b-c600-4934-8b18-17eb2a6ec78f.JPG,"
Daves,Original price: $8.79,$8.29 ,,,15 oz,[],,"https://www.instacart.com/image-server/257x257/filters:fill(FFF,true):format(jpg)/d2lnr5mha7bycj.cloudfront.net/product-image/file/large_5a4f7ddc-b59f-42d4-b6fa-dc67fd6aadef.png,"
Daves,Original price: $4.99,$3.89 ,,,24 oz,"['Gluten-Free', 'Vegan']",,"https://www.instacart.com/image-server/257x257/filters:fill(FFF,true):format(jpg)/d2lnr5mha7bycj.cloudfront.net/product-image/file/large_2f606d6b-c5d0-4a2e-875f-51c671f8eddd.png,"
Daves,"Mateo's Gourmet Salsa, Mild",$5.99 ,,,16 oz,['Vegan'],,"https://www.instacart.com/image-server/257x257/filters:fill(FFF,true):format(jpg)/d2lnr5mha7bycj.cloudfront.net/product-image/file/large_e2f27c75-a761-458e-93f6-40c6f3a3e49a.png,"
Daves,"Marzetti Dressing & Dip, Ranch, Classic",$5.49 ,,,13 oz,[],,"https://www.instacart.com/image-server/257x257/filters:fill(FFF,true):format(jpg)/d2lnr5mha7bycj.cloudfront.net/product-image/file/large_52768cfa-1bf9-4280-a709-e3670e13d5ef.png,"
Daves,Marzetti The Original Slaw Dressing,$6.59 ,,,24 oz,[],,"https://www.instacart.com/image-server/257x257/filters:fill(FFF,true):format(jpg)/d2lnr5mha7bycj.cloudfront.net/product-image/file/large_365e75bb-1f03-4f68-b700-95a5c210c99a.png,"
Daves,Original price: $3.69,$3.29 ,,,12 oz,[],,"https://www.instacart.com/image-server/257x257/filters:fill(FFF,true):format(jpg)/d2lnr5mha7bycj.cloudfront.net/product-image/file/large_073e0bbc-60c5-457f-9fb5-89223d5a6a38.jpg,"
Daves,Original price: $2.19,$1.99 ,,,18 oz,[],Many in stock,"https://www.instacart.com/image-server/257x257/filters:fill(FFF,true):format(jpg)/d2lnr5mha7bycj.cloudfront.net/product-image/file/large_ddf0be6f-5860-4790-8b7d-efc4de0c60a2.jpeg,"
Daves,"Marzetti Veggie Dip Singles, Ranch, Snack Size",$4.39 ,,,6 x 1.5 oz,[],,"https://www.instacart.com/image-server/257x257/filters:fill(FFF,true):format(jpg)/d2lnr5mha7bycj.cloudfront.net/product-image/file/large_d8b3587a-f586-4223-a82d-1f277e7ef77e.png,"
Daves,Kraft Tartar Sauce,$3.89 ,,,12 oz,[],,"https://www.instacart.com/image-server/257x257/filters:fill(FFF,true):format(jpg)/d2lnr5mha7bycj.cloudfront.net/product-image/file/large_d0f84bab-58b3-46ef-9b84-ad5d0789a86e.jpg,"
Daves,Original price: $3.89,$2.59 ,,,24 oz,[],Many in stock,"https://www.instacart.com/image-server/257x257/filters:fill(FFF,true):format(jpg)/d2lnr5mha7bycj.cloudfront.net/product-image/file/large_05d99c06-2865-4370-a069-6107c9c1e6b1.png,"
Daves,Ragu Kettle Cooked Roasted Garlic Pasta Sauce,$5.49 ,,,24 oz,['Vegan'],,"https://www.instacart.com/image-server/257x257/filters:fill(FFF,true):format(jpg)/d2lnr5mha7bycj.cloudfront.net/product-image/file/large_c8d120c6-5d95-4e97-9bed-19bf8657c06e.jpg,"
Daves,Original price: $2.19,$1.79 ,,,12 oz,['Vegan'],,"https://www.instacart.com/image-server/257x257/filters:fill(FFF,true):format(jpg)/d2lnr5mha7bycj.cloudfront.net/product-image/file/large_cc78c57e-882b-4474-a208-766c558d6ce6.png,"
Daves,"Maruchan Ramen Noodle Soup, Chicken Flavor, Souper 6-Pack",$3.59 ,,,18 oz,[],Many in stock,"https://www.instacart.com/image-server/257x257/filters:fill(FFF,true):format(jpg)/d2lnr5mha7bycj.cloudfront.net/product-image/file/large_90d75958-4161-4cb4-8154-d565c7a8683a.png,"
Daves,"Maruchan Ramen Noodle Soup, Oriental Flavor, Souper 6-Pack",$3.59 ,,,6 x 3 oz,[],,"https://www.instacart.com/image-server/257x257/filters:fill(FFF,true):format(jpg)/d2lnr5mha7bycj.cloudfront.net/product-image/file/large_71118476-8192-4eee-ade9-5f811302eddf.png,"
Daves,Nissin Hot & Spicy Chicken Flavor Ramen Noodle Soup,$1.99 ,,,3.32 oz,[],,"https://www.instacart.com/image-server/257x257/filters:fill(FFF,true):format(jpg)/d2lnr5mha7bycj.cloudfront.net/product-image/file/large_4a05392e-8d54-46f0-bb85-69524a720506.png,"
Daves,"Maruchan Ramen Noodle Soup, Beef Flavor",$3.59 ,,,18 oz,[],Many in stock,"https://www.instacart.com/image-server/257x257/filters:fill(FFF,true):format(jpg)/d2lnr5mha7bycj.cloudfront.net/product-image/file/large_040a85e7-77e7-4627-b516-303fd23b39d7.png,"
Daves,Nissin Hot & Spicy Fiery Beef Flavor Ramen Noodle Soup,$1.99 ,,,3.28 oz,[],,"https://www.instacart.com/image-server/257x257/filters:fill(FFF,true):format(jpg)/d2lnr5mha7bycj.cloudfront.net/product-image/file/large_ae5e45b0-b97b-4193-847f-5c7e69d9d426.png,"
Daves,"Maruchan Ramen Noodle Soup, Hot & Spicy Beef Flavor",$0.99 ,,,2.25 oz,[],,"https://www.instacart.com/image-server/257x257/filters:fill(FFF,true):format(jpg)/d2lnr5mha7bycj.cloudfront.net/product-image/file/large_01049e52-60d2-4e2d-8a56-f7360a8c65e7.png,"
Daves,"Maruchan Noodle Soup, Creamy Chicken Flavor",$0.69 ,,,3 oz,[],,"https://www.instacart.com/image-server/257x257/filters:fill(FFF,true):format(jpg)/d2lnr5mha7bycj.cloudfront.net/product-image/file/large_2f7f0368-f8cc-4451-ab4a-80962841fed0.png,"
Daves,"Maruchan Ramen Noodle Soup, Pork Flavor",$0.69 ,,,3 oz,[],,"https://www.instacart.com/image-server/257x257/filters:fill(FFF,true):format(jpg)/d2lnr5mha7bycj.cloudfront.net/product-image/file/large_1e2efaf8-5ba6-4354-b810-ef6f1aa89b5a.png,"
Daves,Nissin Hot & Spicy with Shrimp Ramen Noodle Soup,$1.99 ,,,3.27 oz,[],,"https://www.instacart.com/image-server/257x257/filters:fill(FFF,true):format(jpg)/d2lnr5mha7bycj.cloudfront.net/product-image/file/large_e0d004b5-7477-4c9d-81d4-9333e0a7f6ab.png,"
Daves,"Maruchan Soup, Ramen Noodle, Roast Chicken Flavor",$0.69 ,,,3 oz,[],Many in stock,"https://www.instacart.com/image-server/257x257/filters:fill(FFF,true):format(jpg)/d2lnr5mha7bycj.cloudfront.net/product-image/file/large_4fbd60b3-a504-44dc-9994-fe2b7f2ffc81.png,"
Daves,"Maruchan Ramen Noodle Soup, Beef Flavor",$0.69 ,,,3 oz,[],Many in stock,"https://www.instacart.com/image-server/257x257/filters:fill(FFF,true):format(jpg)/d2lnr5mha7bycj.cloudfront.net/product-image/file/large_f63673d9-bf92-47f9-b185-9b5a9ca00bba.png,"
Daves,Nongshim Shin Ramyun Noodles (Case),$2.19 ,,,4.23 oz,[],,"https://www.instacart.com/image-server/257x257/filters:fill(FFF,true):format(jpg)/d2lnr5mha7bycj.cloudfront.net/product-image/file/large_1023a283-fd40-436c-a568-04f8e12c7be5.png,"
Daves,Simply Asia Spicy Mongolian Noodle Bowl,$8.79 ,,,8.5 oz,['Vegan'],,"https://www.instacart.com/image-server/257x257/filters:fill(FFF,true):format(jpg)/d2lnr5mha7bycj.cloudfront.net/product-image/file/large_01567fb7-d736-4644-9e33-a29aab88146b.jpg,"
Daves,Nissin Cup Noodles Teriyaki Beef Flavor Stir Fry,$1.89 ,,,3 oz,[],,"https://www.instacart.com/image-server/257x257/filters:fill(FFF,true):format(jpg)/d2lnr5mha7bycj.cloudfront.net/product-image/file/large_1225657a-aa26-416e-bba5-6394f59f9be3.png,"
Daves,Maruchan Yakisoba Teriyaki Beef Flavor,$1.59 ,,,4 oz,[],,"https://www.instacart.com/image-server/257x257/filters:fill(FFF,true):format(jpg)/d2lnr5mha7bycj.cloudfront.net/product-image/file/large_ad421806-f7a5-44b9-aedb-7a14468cf705.png,"
Daves,Maruchan Yakisoba Chicken Flavor,$1.59 ,,,4 oz,[],,"https://www.instacart.com/image-server/257x257/filters:fill(FFF,true):format(jpg)/d2lnr5mha7bycj.cloudfront.net/product-image/file/large_65898feb-a5bd-482e-9eff-2acecee297a3.png,"
Daves,Simply Asia Sesame Teriyaki Noodle Bowl,$8.79 ,,,8.5 oz,['Vegan'],,"https://www.instacart.com/image-server/257x257/filters:fill(FFF,true):format(jpg)/d2lnr5mha7bycj.cloudfront.net/product-image/file/large_6674b944-4716-440e-be2e-3677daae5681.jpg,"
Daves,"Maruchan Soup, Ramen Noodle, Picante Chicken Flavor",$0.69 ,,,3 oz,[],,"https://www.instacart.com/image-server/257x257/filters:fill(FFF,true):format(jpg)/d2lnr5mha7bycj.cloudfront.net/product-image/file/large_ddbd5c3d-98f7-42ee-8fbf-53a3a2259545.JPG,"
Daves,"Maruchan Ramen Noodle Soup, Shrimp Flavor, Souper 6 Pack",$3.59 ,,,6 x 3 oz,[],,"https://www.instacart.com/image-server/257x257/filters:fill(FFF,true):format(jpg)/d2lnr5mha7bycj.cloudfront.net/product-image/file/large_7a353fd5-28fe-4ccc-87b5-4acb5a81f9a6.png,"
Daves,"Maruchan Soup, Ramen Noodle, Chicken Flavor",$0.69 ,,,3 oz,[],,"https://www.instacart.com/image-server/257x257/filters:fill(FFF,true):format(jpg)/d2lnr5mha7bycj.cloudfront.net/product-image/file/large_00551934-83ec-411a-b9fb-09eae2f058e4.png,"
Daves,Nissin Top Ramen Chicken Flavor Ramen Noodle Soup,$3.69 ,,,6 x 3 oz,[],,"https://www.instacart.com/image-server/257x257/filters:fill(FFF,true):format(jpg)/d2lnr5mha7bycj.cloudfront.net/product-image/file/large_972de884-a3df-4c5f-892b-7d478f0dadac.png,"
Daves,Nissin Top Ramen® Beef Flavor Ramen Noodle Soup,$3.69 ,,,6 x 3 oz,[],,"https://www.instacart.com/image-server/257x257/filters:fill(FFF,true):format(jpg)/d2lnr5mha7bycj.cloudfront.net/product-image/file/large_2fa41823-ba4b-4454-b74f-a743b9cea1d0.png,"
Daves,KOYO Garlic Pepper Ramen,$1.99 ,,,2 x 2.1 oz,['Vegan'],,"https://www.instacart.com/image-server/257x257/filters:fill(FFF,true):format(jpg)/d2lnr5mha7bycj.cloudfront.net/product-image/file/large_0803e7b9-5344-4b31-9867-5902af95bda1.jpg,"
Daves,"Gefen Ramen Noodles, Oriental-Style, Chicken Flavor",$1.09 ,,,,[],,"https://www.instacart.com/image-server/257x257/filters:fill(FFF,true):format(jpg)/d2lnr5mha7bycj.cloudfront.net/product-image/file/large_1ecaacf4-68b5-4053-8688-f7ca4f1c67fa.jpg,"
Daves,"Maruchan Ramen Bowl, Chicken Flavor",$1.59 ,,,3.31 oz,[],,"https://www.instacart.com/image-server/257x257/filters:fill(FFF,true):format(jpg)/d2lnr5mha7bycj.cloudfront.net/product-image/file/large_5b3cd74d-e458-42d6-9bc1-600ced4227d2.png,"
Daves,Maruchan Ramen Noodle Soup Chili Flavor,$0.69 ,,,3 oz,[],,"https://www.instacart.com/image-server/257x257/filters:fill(FFF,true):format(jpg)/d2lnr5mha7bycj.cloudfront.net/product-image/file/large_2ae7efec-7527-477d-a422-89ea9b8e722b.png,"
Daves,Nissin Noodle Soup Beef,$6.59 ,,,12 ct,[],,"https://www.instacart.com/image-server/257x257/filters:fill(FFF,true):format(jpg)/d2lnr5mha7bycj.cloudfront.net/product-image/file/large_e747a48f-894e-4bcb-ad02-196022f1b2c8.png,"
Daves,Nissin Teriyaki Beef Flavor Noodles,$2.19 ,,,4 oz,[],,"https://www.instacart.com/image-server/257x257/filters:fill(FFF,true):format(jpg)/d2lnr5mha7bycj.cloudfront.net/product-image/file/large_ba35cf73-a3c7-40da-b113-6cbf1dec7826.png,"
Daves,"Maruchan Ramen Noodle Soup, Chicken Flavor",$0.99 ,,,2.25 oz,[],,"https://www.instacart.com/image-server/257x257/filters:fill(FFF,true):format(jpg)/d2lnr5mha7bycj.cloudfront.net/product-image/file/large_f7e1c9fa-9a2e-414e-9660-081083587563.png,"
Daves,Maruchan Habanero Lime Chili Shrimp Flavor Ramen Noodle Soup,$0.69 ,,,3 oz,[],,"https://www.instacart.com/image-server/257x257/filters:fill(FFF,true):format(jpg)/d2lnr5mha7bycj.cloudfront.net/product-image/file/large_16baeba6-ec4f-4612-8342-a82649734555.png,"
Daves,Maruchan Chili Flavor Ramen Noodle Soup,$7.69 ,,,3 oz,[],,"https://www.instacart.com/image-server/257x257/filters:fill(FFF,true):format(jpg)/d1s8987jlndkbs.cloudfront.net/assets/missing-item-4bbe82b8555e4d1c12626fd482cb2409713e8e30835645ff3650ef66a725d03c.png,"
Daves,Nissin Top Ramen Chicken Flavor Ramen Noodle Soup,$1.99 ,,,3.42 oz,[],,"https://www.instacart.com/image-server/257x257/filters:fill(FFF,true):format(jpg)/d2lnr5mha7bycj.cloudfront.net/product-image/file/large_4566023d-8a67-4642-abd5-b628ef531b97.png,"
Daves,Mrs. Grass Noodle Soup Mix,$2.79 ,,,2 x 2.5 oz,[],,"https://www.instacart.com/image-server/257x257/filters:fill(FFF,true):format(jpg)/d2lnr5mha7bycj.cloudfront.net/product-image/file/large_d4faf6d8-e3ce-4bb1-af4a-8cc4c9ecb150.jpg,"
Daves,"Maruchan Ramen Noodle Soup, Beef Flavor",$0.99 ,,,2.25 oz,[],,"https://www.instacart.com/image-server/257x257/filters:fill(FFF,true):format(jpg)/d2lnr5mha7bycj.cloudfront.net/product-image/file/large_81b92c3f-fc0d-4064-92a8-8aaeb1b8db3f.png,"
Daves,Nissin Cup Noodles Stir Fry Korean BBQ Flavor Asian Noodles in Sauce,$1.89 ,,,2.89 oz,[],,"https://www.instacart.com/image-server/257x257/filters:fill(FFF,true):format(jpg)/d2lnr5mha7bycj.cloudfront.net/product-image/file/large_ebeec1e6-0983-49d4-a6ed-c1ad76ee8104.png,"
Daves,Nongshim Tempura Udon Noodle Bowl,$2.79 ,,,3.03 oz,[],,"https://www.instacart.com/image-server/257x257/filters:fill(FFF,true):format(jpg)/d2lnr5mha7bycj.cloudfront.net/product-image/file/large_d2c89f6d-2fc2-4f1a-9371-ef169be0cc7b.png,"
Daves,"Maruchan Soup, Ramen Noodle, Shrimp Flavor",$0.69 ,,,3 oz,[],Many in stock,"https://www.instacart.com/image-server/257x257/filters:fill(FFF,true):format(jpg)/d2lnr5mha7bycj.cloudfront.net/product-image/file/large_775ae8c5-ea62-42ad-a6e1-b4ebeb06bb1b.jpeg,"
Daves,Original price: $1.49,$1.39 ,,,2.11 oz,[],,"https://www.instacart.com/image-server/257x257/filters:fill(FFF,true):format(jpg)/d2lnr5mha7bycj.cloudfront.net/product-image/file/large_903971ea-7f5c-49e8-bcbb-cff259aa0b8d.jpg,"
Daves,"Maruchan Ramen Noodle Soup, Hot & Spicy Chicken Flavor",$0.99 ,,,2.25 oz,[],Likely out of stock,"https://www.instacart.com/image-server/257x257/filters:fill(FFF,true):format(jpg)/d2lnr5mha7bycj.cloudfront.net/product-image/file/large_0f8e17c5-4795-4348-a87c-a66b88d155b3.png,"
Daves,Original price: $2.69,$1.99 ,,,16 oz,[],,"https://www.instacart.com/image-server/257x257/filters:fill(FFF,true):format(jpg)/d2lnr5mha7bycj.cloudfront.net/product-image/file/large_d9e327d8-8d94-4499-906f-a54b03470ce7.png,"
Daves,Food Club Chili Beans,$1.79 ,,,15.5 oz,[],,"https://www.instacart.com/image-server/257x257/filters:fill(FFF,true):format(jpg)/d2lnr5mha7bycj.cloudfront.net/product-image/file/large_c7b13ba6-a8dc-49b5-8cd1-9a265047f665.png,"
Daves,"Quaker Instant Oatmeal, Maple & Brown Sugar - Pack",$5.49 ,,,8 x 1.51 oz,[],,"https://www.instacart.com/image-server/257x257/filters:fill(FFF,true):format(jpg)/d2lnr5mha7bycj.cloudfront.net/product-image/file/large_510315b6-2c05-448d-bd5d-e39c14e3efea.png,"
Daves,"Quaker Instant Oatmeal, Apples & Cinnamon - Pack",$5.49 ,,,8 x 1.51 oz,[],,"https://www.instacart.com/image-server/257x257/filters:fill(FFF,true):format(jpg)/d2lnr5mha7bycj.cloudfront.net/product-image/file/large_4975c646-0e5e-416b-a9c8-9dd997af5a8e.png,"
Daves,Sauder's White Extra Large Eggs,$5.89 ,,,18 ct,[],Many in stock,"https://www.instacart.com/image-server/257x257/filters:fill(FFF,true):format(jpg)/d2lnr5mha7bycj.cloudfront.net/product-image/file/large_4208409f-3dac-43e8-8a2c-72df95cca847.jpg,"
Daves,Jimmy Dean Premium Applewood Smoked Bacon,$6.59 ,,,12 oz,[],,"https://www.instacart.com/image-server/257x257/filters:fill(FFF,true):format(jpg)/d2lnr5mha7bycj.cloudfront.net/product-image/file/large_caa4ac92-cd1d-4f21-957a-c225c921fed2.jpg,"
Daves,Welch's Concord Grape Jam,$4.39 ,,,30 oz,[],,"https://www.instacart.com/image-server/257x257/filters:fill(FFF,true):format(jpg)/d2lnr5mha7bycj.cloudfront.net/product-image/file/large_62cae94f-2a8e-44d2-9c5c-90ffb14ad1bb.jpg,"
Daves,Bush's Best Bourbon and Brown Sugar Grillin' Beans,$3.89 ,,,22 oz,[],,"https://www.instacart.com/image-server/257x257/filters:fill(FFF,true):format(jpg)/d2lnr5mha7bycj.cloudfront.net/product-image/file/large_c4e54587-4072-4470-869d-4abb239696b2.png,"
Daves,"Quaker Instant Oatmeal, Flavor Variety - Pack",$5.49 ,,,8 x 1.51 oz,[],,"https://www.instacart.com/image-server/257x257/filters:fill(FFF,true):format(jpg)/d2lnr5mha7bycj.cloudfront.net/product-image/file/large_6c806aac-a1b1-4df8-a32d-a1281f92b2f2.png,"
Daves,"Nature's Own 100% Whole Wheat, Whole Wheat Bread, 20 oz Loaf",$4.39 ,,,20 oz,[],,"https://www.instacart.com/image-server/257x257/filters:fill(FFF,true):format(jpg)/d2lnr5mha7bycj.cloudfront.net/product-image/file/large_fb0aefbf-4a28-4f0f-bede-521484d6982d.png,"
Daves,Bush's Best Brown Sugar Hickory Baked Beans,$3.89 ,,,28 oz,[],Many in stock,"https://www.instacart.com/image-server/257x257/filters:fill(FFF,true):format(jpg)/d2lnr5mha7bycj.cloudfront.net/product-image/file/large_d602d38d-2574-4650-97df-f30757076325.png,"
Daves,Oscar Mayer Naturally Hardwood Smoked Bacon,$12.09 ,,,16 oz,[],,"https://www.instacart.com/image-server/257x257/filters:fill(FFF,true):format(jpg)/d2lnr5mha7bycj.cloudfront.net/product-image/file/large_f24f2cad-a329-49e5-a861-2e6804930b6f.jpg,"
Daves,Oscar Mayer Center Cut Original Bacon,$12.09 ,,,12 oz,[],,"https://www.instacart.com/image-server/257x257/filters:fill(FFF,true):format(jpg)/d2lnr5mha7bycj.cloudfront.net/product-image/file/large_756121a5-b51a-4d16-80a4-ad5f19d57fb3.jpg,"
Daves,Original price: $6.09,$5.49 ,,,32 oz,[],,"https://www.instacart.com/image-server/257x257/filters:fill(FFF,true):format(jpg)/d2lnr5mha7bycj.cloudfront.net/product-image/file/large_febd5d27-addc-4c83-9c78-0ea5e0cd735c.jpg,"
Daves,Eggland's Best Cage Free Grade A Large Brown Eggs,$5.49 ,,,12 ct,[],,"https://www.instacart.com/image-server/257x257/filters:fill(FFF,true):format(jpg)/d2lnr5mha7bycj.cloudfront.net/product-image/file/large_50354f0e-105d-4a9b-9979-9bf96e290dba.png,"
Daves,Food Club Apples & Cinnamon Instant Oatmeal,$4.39 ,,,12.35 oz,[],,"https://www.instacart.com/image-server/257x257/filters:fill(FFF,true):format(jpg)/d2lnr5mha7bycj.cloudfront.net/product-image/file/large_639a705e-eccf-4aa8-808b-67c4093bfc62.png,"
Daves,Krusteaz Light & Fluffy Buttermilk Complete Pancake & Waffle Mix,$4.99 ,,,32 oz,[],,"https://www.instacart.com/image-server/257x257/filters:fill(FFF,true):format(jpg)/d2lnr5mha7bycj.cloudfront.net/product-image/file/large_671545e5-9314-4e47-a53e-02b242cccdd3.png,"
Daves,Oscar Mayer Naturally Hardwood Smoked Thick Cut Bacon,$12.09 ,,,16 oz,[],,"https://www.instacart.com/image-server/257x257/filters:fill(FFF,true):format(jpg)/d2lnr5mha7bycj.cloudfront.net/product-image/file/large_ab1b2a62-5051-4315-8134-424339027fc8.jpg,"
Daves,Jimmy Dean Premium Hickory Smoked Bacon,$6.59 ,,,12 oz,[],,"https://www.instacart.com/image-server/257x257/filters:fill(FFF,true):format(jpg)/d2lnr5mha7bycj.cloudfront.net/product-image/file/large_b3e1e5ef-bf0d-48ac-ae82-7de0efe0e7c2.jpg,"
Daves,Original price: $1.99,$1.79 ,,,15.5 oz,[],,"https://www.instacart.com/image-server/257x257/filters:fill(FFF,true):format(jpg)/d2lnr5mha7bycj.cloudfront.net/product-image/file/large_1d47a6dc-8d03-4809-9f46-bda1ba2c1ad8.jpg,"
Daves,Smucker's Jam,$4.99 ,,,12 oz,[],,"https://www.instacart.com/image-server/257x257/filters:fill(FFF,true):format(jpg)/d2lnr5mha7bycj.cloudfront.net/product-image/file/large_b9bfb5f7-28dd-4feb-afed-23f9eee59c9b.jpg,"
Daves,Oscar Mayer Original Fully Cooked Bacon,$7.69 ,,,2.52 oz,[],,"https://www.instacart.com/image-server/257x257/filters:fill(FFF,true):format(jpg)/d2lnr5mha7bycj.cloudfront.net/product-image/file/large_2d723c66-a76b-43c6-afd4-62a5a547f2e2.jpg,"
Daves,Quaker Old Fashioned Oatmeal,$8.79 ,,,42 oz,[],,"https://www.instacart.com/image-server/257x257/filters:fill(FFF,true):format(jpg)/d2lnr5mha7bycj.cloudfront.net/product-image/file/large_79eacfcb-0c67-48e7-ac27-34641be57a75.png,"
Daves,"Nature's Own 100% Whole Grain, Whole Grain Sandwich Bread, 20 oz Loaf",$4.39 ,,,20 oz,[],,"https://www.instacart.com/image-server/257x257/filters:fill(FFF,true):format(jpg)/d2lnr5mha7bycj.cloudfront.net/product-image/file/large_ee8550bf-1de8-4764-b2e7-fa07c0357ee3.png,"
Daves,"Pearl Milling Company Pancake & Waffle Mix, Original",$6.19 ,,,32 oz,[],,"https://www.instacart.com/image-server/257x257/filters:fill(FFF,true):format(jpg)/d2lnr5mha7bycj.cloudfront.net/product-image/file/large_e40b814f-3952-4166-8437-a948bf78d97b.png,"
Daves,Eggland's Best Organic Cage Free Grade A Brown Eggs Large,$6.99 ,,,12 ct,['Organic'],,"https://www.instacart.com/image-server/257x257/filters:fill(FFF,true):format(jpg)/d2lnr5mha7bycj.cloudfront.net/product-image/file/large_9147f953-7f2b-4e5b-93a7-67f50f8ac32a.png,"
Daves,Original price: $1.69,$1.59 ,,,15.5 oz,[],,"https://www.instacart.com/image-server/257x257/filters:fill(FFF,true):format(jpg)/d2lnr5mha7bycj.cloudfront.net/product-image/file/large_92b076b6-996f-494e-9fb3-89a4845c134d.png,"
Daves,Original price: $8.29,$6.09 ,,,12 oz,[],,"https://www.instacart.com/image-server/257x257/filters:fill(FFF,true):format(jpg)/d2lnr5mha7bycj.cloudfront.net/product-image/file/large_fb267c71-b2a3-49cf-aad9-fce190871a11.png,"
Daves,"Pearl Milling Company Pancake & Waffle Mix, Original Complete",$6.19 ,,,32 oz,[],,"https://www.instacart.com/image-server/257x257/filters:fill(FFF,true):format(jpg)/d2lnr5mha7bycj.cloudfront.net/product-image/file/large_ba6205ae-16f6-4a5b-ac99-d878eb1882bb.png,"
Daves,Pepperidge Farm Whole Grain 15 Grain Bread,$5.49 ,,,24 oz,[],,"https://www.instacart.com/image-server/257x257/filters:fill(FFF,true):format(jpg)/d2lnr5mha7bycj.cloudfront.net/product-image/file/large_23f91bdd-e5eb-40d3-8d19-04ac1c2bfbc9.jpg,"
Daves,Smucker's Jam,$3.89 ,,,18 oz,[],,"https://www.instacart.com/image-server/257x257/filters:fill(FFF,true):format(jpg)/d2lnr5mha7bycj.cloudfront.net/product-image/file/large_8cc843e3-e42a-4ed9-b021-aa0ba0e02ffc.jpg,"
Daves,"Goya Black Beans, Dry",$2.59 ,,,16 oz,[],,"https://www.instacart.com/image-server/257x257/filters:fill(FFF,true):format(jpg)/d2lnr5mha7bycj.cloudfront.net/product-image/file/large_bd5ccb90-0235-448d-8e2e-50bcfc2958ab.jpg,"
Daves,Eggland's Best Grade A Large White Eggs,$4.39 ,,,12 ct,[],,"https://www.instacart.com/image-server/257x257/filters:fill(FFF,true):format(jpg)/d2lnr5mha7bycj.cloudfront.net/product-image/file/large_bf756ce7-4ff1-4f6d-9e1d-fc50721116c4.png,"
Daves,Pearl Milling Company Buttermilk Baking Mix,$4.39 ,,,32 oz,[],,"https://www.instacart.com/image-server/257x257/filters:fill(FFF,true):format(jpg)/d2lnr5mha7bycj.cloudfront.net/product-image/file/large_e4572cb9-1307-4ad2-84c7-4c6b6004900f.png,"
Daves,Brownberry Whole Grains 12 Grain Bread,$5.89 ,,,24 oz,[],,"https://www.instacart.com/image-server/257x257/filters:fill(FFF,true):format(jpg)/d2lnr5mha7bycj.cloudfront.net/product-image/file/large_e487d497-af47-4a2a-b210-07193607a40c.jpg,"
Daves,Original price: $7.69,$6.59 ,,,16 oz,[],,"https://www.instacart.com/image-server/257x257/filters:fill(FFF,true):format(jpg)/d2lnr5mha7bycj.cloudfront.net/product-image/file/large_1f9eda16-5cb1-4410-80ea-d58305f63d1f.jpg,"
Daves,Eggland's Best Large White Eggs,$6.59 ,,,18 ct,[],,"https://www.instacart.com/image-server/257x257/filters:fill(FFF,true):format(jpg)/d2lnr5mha7bycj.cloudfront.net/product-image/file/large_26326b8a-4201-4ce4-a68c-71b5ab46f193.png,"
Daves,Original price: $6.09,$5.49 ,,,18 oz,[],,"https://www.instacart.com/image-server/257x257/filters:fill(FFF,true):format(jpg)/d2lnr5mha7bycj.cloudfront.net/product-image/file/large_2eeba11e-9a79-41c8-89c7-0d2e35f2d654.jpg,"
Daves,Brownberry Whole Grains 100% Whole Wheat Bread,$5.89 ,,,24 oz,[],,"https://www.instacart.com/image-server/257x257/filters:fill(FFF,true):format(jpg)/d2lnr5mha7bycj.cloudfront.net/product-image/file/large_5ff1b81d-62e3-40d1-a3b5-0443f487b86b.jpg,"
Daves,Bush's Best Vegetarian Baked Beans,$3.89 ,,,28 oz,[],,"https://www.instacart.com/image-server/257x257/filters:fill(FFF,true):format(jpg)/d2lnr5mha7bycj.cloudfront.net/product-image/file/large_67de0c65-48cc-43aa-8d3e-ca2ae1d5ba4f.png,"
Daves,"Food Club Instant Oatmeal, Variety Pack",$4.39 ,,,10 each,[],,"https://www.instacart.com/image-server/257x257/filters:fill(FFF,true):format(jpg)/d2lnr5mha7bycj.cloudfront.net/product-image/file/large_baa61117-5b31-46df-b2ad-75e4c2bd2c2d.png,"
Daves,"Sugardale Hickory Smoked, Bacon",$6.59 ,,,12 oz,[],,"https://www.instacart.com/image-server/257x257/filters:fill(FFF,true):format(jpg)/d2lnr5mha7bycj.cloudfront.net/product-image/file/large_63a8fd23-bf40-4ec3-be6a-3b6a5621cb9b.jpg,"
Daves,"Sauder's Eggs Eggs, Organic, Jumbo",$6.09 ,,,1 each,['Organic'],,"https://www.instacart.com/image-server/257x257/filters:fill(FFF,true):format(jpg)/d2lnr5mha7bycj.cloudfront.net/product-image/file/large_1cae35e5-d12f-4013-9b97-b03608746f00.png,"
Daves,Brownberry Whole Grains Healthy Multi-Grain Bread,$5.89 ,,,24 oz,[],,"https://www.instacart.com/image-server/257x257/filters:fill(FFF,true):format(jpg)/d2lnr5mha7bycj.cloudfront.net/product-image/file/large_9718a639-c49b-41fb-9aba-a24175e89212.jpg,"
Daves,Food Club Dark Red Kidney Beans,$1.69 ,,,15.5 oz,[],Many in stock,"https://www.instacart.com/image-server/257x257/filters:fill(FFF,true):format(jpg)/d2lnr5mha7bycj.cloudfront.net/product-image/file/large_b870a1c9-2b6a-444e-984f-a5128400a333.png,"
Daves,"Food Club Instant Oatmeal, Fruit & Cream Variety",$4.39 ,,,12.35 oz,[],,"https://www.instacart.com/image-server/257x257/filters:fill(FFF,true):format(jpg)/d2lnr5mha7bycj.cloudfront.net/product-image/file/large_3f0294a3-8fec-445b-b12b-ac373cd32dcb.png,"
Daves,"Sugardale Thick Sliced, Applewood Bacon",$6.59 ,,,12 oz,[],,"https://www.instacart.com/image-server/257x257/filters:fill(FFF,true):format(jpg)/d2lnr5mha7bycj.cloudfront.net/product-image/file/large_5680fc1f-9070-4e15-b424-25924738b2fa.jpg,"
Daves,Sauder's Eggs CF White Jumbo Eggs,$4.99 ,,,,[],,"https://www.instacart.com/image-server/257x257/filters:fill(FFF,true):format(jpg)/d2lnr5mha7bycj.cloudfront.net/product-image/file/large_004c6d24-aa08-43bf-a602-4d40b130cb8e.jpg,"
Daves,Sauder's Eggs Grade A Large Brown Cage-Free Eggs,$4.39 ,,,1 each,[],,"https://www.instacart.com/image-server/257x257/filters:fill(FFF,true):format(jpg)/d2lnr5mha7bycj.cloudfront.net/product-image/file/large_34b251bb-a451-444e-b3f5-ae4f25bff01a.png,"
Daves,Bob Evans Farms Hardwood Smoked Thick Sliced Bacon,$10.99 ,,,24 oz,[],,"https://www.instacart.com/image-server/257x257/filters:fill(FFF,true):format(jpg)/d2lnr5mha7bycj.cloudfront.net/product-image/file/large_8167b0f7-b71a-4ac8-aae9-ad269e2bc9c6.JPG,"
Daves,Food Club Light Red Kidney Beans,$1.69 ,,,15.5 oz,[],Many in stock,"https://www.instacart.com/image-server/257x257/filters:fill(FFF,true):format(jpg)/d2lnr5mha7bycj.cloudfront.net/product-image/file/large_54bd3306-e463-4562-b512-796373b19a85.png,"
Daves,"Quaker Instant Oatmeal, Peaches & Cream - Pack",$5.49 ,,,8 x 1.05 oz,[],,"https://www.instacart.com/image-server/257x257/filters:fill(FFF,true):format(jpg)/d2lnr5mha7bycj.cloudfront.net/product-image/file/large_d606193f-b403-4ee6-8dd2-360b891ca211.png,"
Daves,Bush's Best Original Baked Beans,$3.89 ,,,28 oz,[],Many in stock,"https://www.instacart.com/image-server/257x257/filters:fill(FFF,true):format(jpg)/d2lnr5mha7bycj.cloudfront.net/product-image/file/large_0902001e-deb9-43dd-8bb9-438c5c0705c6.png,"
Daves,Pearl Milling Company Regular Baking Mix,$4.39 ,,,32 oz,[],,"https://www.instacart.com/image-server/257x257/filters:fill(FFF,true):format(jpg)/d2lnr5mha7bycj.cloudfront.net/product-image/file/large_fb5d6522-36d6-49f1-a020-d351b1fcffc9.png,"
Daves,Original price: $12.09,$10.99 ,,,22 oz,[],,"https://www.instacart.com/image-server/257x257/filters:fill(FFF,true):format(jpg)/d2lnr5mha7bycj.cloudfront.net/product-image/file/large_082c0ea7-58e6-410d-b338-003498c3d7cd.png,"
Daves,"White Castle Chicken Rings, Spicy",$13.19 ,,,20 oz,[],,"https://www.instacart.com/image-server/257x257/filters:fill(FFF,true):format(jpg)/d2lnr5mha7bycj.cloudfront.net/product-image/file/large_cd0d8b0b-c3c0-4cb2-845d-e06545f3d800.png,"
Daves,Original price: $8.79,$6.59 ,,,10.8 oz,['Gluten-Free'],,"https://www.instacart.com/image-server/257x257/filters:fill(FFF,true):format(jpg)/d2lnr5mha7bycj.cloudfront.net/product-image/file/large_e7139bb3-2054-4e78-9a79-e00b9b0755c6.png,"
Daves,Tyson Any'tizers Frozen Honey BBQ Boneless Chicken Bites,$10.99 ,,,25.5 oz,[],,"https://www.instacart.com/image-server/257x257/filters:fill(FFF,true):format(jpg)/d2lnr5mha7bycj.cloudfront.net/product-image/file/large_64adb008-bc9d-4f4f-bbe1-d3ba2fd9442a.jpg,"
Daves,"Tyson Fully Cooked Chicken Patties, Frozen",$8.79 ,,,26 oz,[],,"https://www.instacart.com/image-server/257x257/filters:fill(FFF,true):format(jpg)/d2lnr5mha7bycj.cloudfront.net/product-image/file/large_5d36e57d-0d07-4cc3-8956-4337f9fc590b.jpg,"
Daves,Original price: $14.89,$14.29 ,,,32 oz,['Gluten-Free'],,"https://www.instacart.com/image-server/257x257/filters:fill(FFF,true):format(jpg)/d2lnr5mha7bycj.cloudfront.net/product-image/file/large_b4b5c5ba-710d-4419-bce6-c6906ababa20.png,"
Daves,"John Soules Foods Chicken Fajitas, Gluten Free, Family Size",$9.89 ,,,16 oz,[],,"https://www.instacart.com/image-server/257x257/filters:fill(FFF,true):format(jpg)/d2lnr5mha7bycj.cloudfront.net/product-image/file/large_8000791e-5b2a-41dd-ae5b-9e4abd4d2148.png,"
Daves,Gorton's Crispy Battered Fish Fillets,$10.99 ,,,24.5 oz,[],,"https://www.instacart.com/image-server/257x257/filters:fill(FFF,true):format(jpg)/d2lnr5mha7bycj.cloudfront.net/product-image/file/large_e4b4ebc8-9b6d-4e97-91c7-4ea62f88cddb.jpg,"
Daves,Tyson Any'tizers Popcorn Chicken,$10.99 ,,,24 oz,[],,"https://www.instacart.com/image-server/257x257/filters:fill(FFF,true):format(jpg)/d2lnr5mha7bycj.cloudfront.net/product-image/file/large_a76c67bf-24a4-4831-a2ba-1e511b8c9c77.jpg,"
Daves,Sealord Orange Roughy,$13.19 ,,,16 oz,[],,"https://www.instacart.com/image-server/257x257/filters:fill(FFF,true):format(jpg)/d2lnr5mha7bycj.cloudfront.net/product-image/file/large_9f4bc3a9-5091-4996-a523-a29d9b1c6d1f.jpg,"
Daves,Gorton's Fish Sticks,$8.49 ,,,11.4 oz,[],,"https://www.instacart.com/image-server/257x257/filters:fill(FFF,true):format(jpg)/d2lnr5mha7bycj.cloudfront.net/product-image/file/large_9ecd2876-adfe-4e7c-92c2-ca47fa1b62e2.jpg,"
Daves,Original price: $9.89,$7.69 ,,,21.5 oz,[],,"https://www.instacart.com/image-server/257x257/filters:fill(FFF,true):format(jpg)/d2lnr5mha7bycj.cloudfront.net/product-image/file/large_405816d2-7327-45ac-813d-e1d24378d93b.jpg,"
Daves,Sherwood Seafood 16to 20 Count Happy Seas Breaded Shrimp,$20.89 ,,,32 oz,[],,"https://www.instacart.com/image-server/257x257/filters:fill(FFF,true):format(jpg)/d1s8987jlndkbs.cloudfront.net/assets/missing-item-4bbe82b8555e4d1c12626fd482cb2409713e8e30835645ff3650ef66a725d03c.png,"
Daves,Original price: $16.49,$14.29 ,,,70.4 oz,[],,"https://www.instacart.com/image-server/257x257/filters:fill(FFF,true):format(jpg)/d2lnr5mha7bycj.cloudfront.net/product-image/file/large_9ab1d66f-5a44-434b-9719-667ec50e37ff.jpg,"
Daves,Gorton's Classic Grilled Salmon Fillets,$8.49 ,,,6.3 oz,['Gluten-Free'],,"https://www.instacart.com/image-server/257x257/filters:fill(FFF,true):format(jpg)/d2lnr5mha7bycj.cloudfront.net/product-image/file/large_ce75a6d2-6696-4b11-b66d-e045a9fb379a.jpg,"
Daves,Tyson Honey Battered Breast Tenders,$8.79 ,,,25.5 oz,[],,"https://www.instacart.com/image-server/257x257/filters:fill(FFF,true):format(jpg)/d2lnr5mha7bycj.cloudfront.net/product-image/file/large_c298d617-f48d-471e-bff5-87b58d513c5d.jpg,"
Daves,Tyson Oven Roasted Diced Chicken Breast,$10.99 ,,,22 oz,[],,"https://www.instacart.com/image-server/257x257/filters:fill(FFF,true):format(jpg)/d2lnr5mha7bycj.cloudfront.net/product-image/file/large_9164b287-73f7-4584-9fea-e95c2505319d.jpg,"
Daves,Wholey Whiting,$12.09 ,,,2 lb,[],,"https://www.instacart.com/image-server/257x257/filters:fill(FFF,true):format(jpg)/d2lnr5mha7bycj.cloudfront.net/product-image/file/large_d0e3fb64-03db-443b-99b8-581a29f06934.png,"
Daves,"Tyson Cooked Grilled Chicken Breast Strips, Frozen",$10.99 ,,,22 oz,[],,"https://www.instacart.com/image-server/257x257/filters:fill(FFF,true):format(jpg)/d2lnr5mha7bycj.cloudfront.net/product-image/file/large_278acb74-6198-4dd3-9f74-cbdf846167ff.jpg,"
Daves,Perdue Breaded Chicken Breast Nuggets,$10.49 ,,,1.81 lb,[],,"https://www.instacart.com/image-server/257x257/filters:fill(FFF,true):format(jpg)/d2lnr5mha7bycj.cloudfront.net/product-image/file/large_d5ba21dc-2a6e-4deb-9e36-666962538b1a.jpg,"
Daves,Original price: $6.59,$6.29 ,,,8 oz,[],,"https://www.instacart.com/image-server/257x257/filters:fill(FFF,true):format(jpg)/d2lnr5mha7bycj.cloudfront.net/product-image/file/large_fd3669b4-2e90-48d9-9b09-705f42a371ba.jpg,"
Daves,"Tyson Fully Cooked Southern Style Chicken Breast Tenderloins, Frozen",$10.99 ,,,25 oz,[],,"https://www.instacart.com/image-server/257x257/filters:fill(FFF,true):format(jpg)/d2lnr5mha7bycj.cloudfront.net/product-image/file/large_77660700-e60b-4426-9532-b9757c960bc0.jpg,"
Daves,Original price: $9.89,$7.69 ,,,21 oz,[],,"https://www.instacart.com/image-server/257x257/filters:fill(FFF,true):format(jpg)/d2lnr5mha7bycj.cloudfront.net/product-image/file/large_fd43971b-68c3-4836-8268-5c48b1b444b5.jpg,"
Daves,Gorton's Air Fried Crispy Breaded Fillet,$10.99 ,,,15.2 oz,[],,"https://www.instacart.com/image-server/257x257/filters:fill(FFF,true):format(jpg)/d2lnr5mha7bycj.cloudfront.net/product-image/file/large_ea27e73f-8d84-4589-9d9c-bfa0792daca4.jpg,"
Daves,Gorton's Maryland Style Crab Cakes,$10.99 ,,,6 oz,[],,"https://www.instacart.com/image-server/257x257/filters:fill(FFF,true):format(jpg)/d2lnr5mha7bycj.cloudfront.net/product-image/file/large_520544ad-a048-4d61-9e79-909a55c08903.jpg,"
Daves,Original price: $7.19,$6.59 ,,,27 oz,[],,"https://www.instacart.com/image-server/257x257/filters:fill(FFF,true):format(jpg)/d2lnr5mha7bycj.cloudfront.net/product-image/file/large_01b25821-d192-4414-9695-54fde2aabc44.png,"
Daves,Gorton's Southern Style Butterfly Shrimp,$10.99 ,,,9.2 oz,[],,"https://www.instacart.com/image-server/257x257/filters:fill(FFF,true):format(jpg)/d2lnr5mha7bycj.cloudfront.net/product-image/file/large_e75723ae-0202-4f1e-9ae5-140d5565e3af.jpg,"
Daves,Sea Best Swai Fillets,$13.19 ,,,2 lb,[],,"https://www.instacart.com/image-server/257x257/filters:fill(FFF,true):format(jpg)/d1s8987jlndkbs.cloudfront.net/assets/missing-item-4bbe82b8555e4d1c12626fd482cb2409713e8e30835645ff3650ef66a725d03c.png,"
Daves,Original price: $6.09,$5.19 ,,,6 ct,[],,"https://www.instacart.com/image-server/257x257/filters:fill(FFF,true):format(jpg)/d2lnr5mha7bycj.cloudfront.net/product-image/file/large_9d3abfdd-4070-4445-a219-b61388d32473.jpeg,"
Daves,Original price: $6.59,$6.29 ,,,4 x 10 oz,['Vegan'],,"https://www.instacart.com/image-server/257x257/filters:fill(FFF,true):format(jpg)/d2lnr5mha7bycj.cloudfront.net/product-image/file/large_74d40643-5aac-4926-a086-87ea2c48b3a3.jpg,"
Daves,Original price: $14.29,$12.09 ,,,32 oz,[],Many in stock,"https://www.instacart.com/image-server/257x257/filters:fill(FFF,true):format(jpg)/d2lnr5mha7bycj.cloudfront.net/product-image/file/large_6451cdf9-8f98-4a3f-8e0d-95f5cb3df206.png,"
Daves,Original price: $6.59,$6.29 ,,,10 oz,[],,"https://www.instacart.com/image-server/257x257/filters:fill(FFF,true):format(jpg)/d2lnr5mha7bycj.cloudfront.net/product-image/file/large_a4f2f71b-7e26-49df-a007-ab0430718bfe.jpg,"
Daves,TGI Fridays Honey BBQ Chicken Wings Value Size Frozen Snacks,$18.69 ,,,25.5 oz,[],,"https://www.instacart.com/image-server/257x257/filters:fill(FFF,true):format(jpg)/d2lnr5mha7bycj.cloudfront.net/product-image/file/large_70993286-2347-4ae3-837d-eedf1a7e1613.jpg,"
Daves,Original price: $12.09,$10.99 ,,,48 oz,[],,"https://www.instacart.com/image-server/257x257/filters:fill(FFF,true):format(jpg)/d2lnr5mha7bycj.cloudfront.net/product-image/file/large_e00a2286-51a3-4c6f-8cc3-0991bd5887ac.jpg,"
Daves,Original price: $9.89,$7.69 ,,,20.8 oz,[],,"https://www.instacart.com/image-server/257x257/filters:fill(FFF,true):format(jpg)/d2lnr5mha7bycj.cloudfront.net/product-image/file/large_fe2b78cb-cdad-4f6d-bc81-35f45a107f5a.jpg,"
Daves,Gorton's Crispy Battered Haddock Fish Fillets,$8.49 ,,,7.6 oz,[],,"https://www.instacart.com/image-server/257x257/filters:fill(FFF,true):format(jpg)/d2lnr5mha7bycj.cloudfront.net/product-image/file/large_60900f37-3ea8-4abb-a7be-25dacf9702b4.jpg,"
Daves,Ibp Pork Chitterlings,$14.29 ,,,10 lb,[],,"https://www.instacart.com/image-server/257x257/filters:fill(FFF,true):format(jpg)/d1s8987jlndkbs.cloudfront.net/assets/missing-item-4bbe82b8555e4d1c12626fd482cb2409713e8e30835645ff3650ef66a725d03c.png,"
Daves,Gorton's Beer Battered Crispy Fillets,$10.99 ,,,18.2 oz,[],,"https://www.instacart.com/image-server/257x257/filters:fill(FFF,true):format(jpg)/d2lnr5mha7bycj.cloudfront.net/product-image/file/large_f8820246-f4af-4d72-9fca-48d71650534b.jpg,"
Daves,Original price: $9.89,$7.69 ,,,20.2 oz,[],,"https://www.instacart.com/image-server/257x257/filters:fill(FFF,true):format(jpg)/d2lnr5mha7bycj.cloudfront.net/product-image/file/large_d2449ed3-05db-4fb0-90ab-bf92039917fb.jpg,"
Daves,Original price: $7.19,$6.59 ,,,26 oz,[],,"https://www.instacart.com/image-server/257x257/filters:fill(FFF,true):format(jpg)/d2lnr5mha7bycj.cloudfront.net/product-image/file/large_d86b31db-0f0b-456c-a951-dab71da5fdc2.png,"
Daves,"Pier 33 Gourmet Langostino Lobster, Wild",$12.09 ,,,8 oz,[],,"https://www.instacart.com/image-server/257x257/filters:fill(FFF,true):format(jpg)/d2lnr5mha7bycj.cloudfront.net/product-image/file/large_33488f18-e969-4a03-8522-628939253dd7.png,"
Daves,Gorton's Southern Style Breaded Fish Fillets,$8.49 ,,,11 oz,[],,"https://www.instacart.com/image-server/257x257/filters:fill(FFF,true):format(jpg)/d2lnr5mha7bycj.cloudfront.net/product-image/file/large_a813e261-4d38-4a9a-8d50-c84de61eb67e.jpg,"
Daves,SeaPak  Clam Strips in a Delicious Oven Crunchy Breading,$13.19 ,,,12 oz,[],,"https://www.instacart.com/image-server/257x257/filters:fill(FFF,true):format(jpg)/d2lnr5mha7bycj.cloudfront.net/product-image/file/large_761db411-d0fa-4a5a-ad7a-5ad1c3958e2d.jpg,"
Daves,Original price: $13.19,$12.09 ,,,32 oz,[],,"https://www.instacart.com/image-server/257x257/filters:fill(FFF,true):format(jpg)/d2lnr5mha7bycj.cloudfront.net/product-image/file/large_d4ffac3b-6ff4-4118-a6ac-a3016235511a.png,"
Daves,Original price: $8.79,$5.49 ,,,10.8 oz,['Gluten-Free'],,"https://www.instacart.com/image-server/257x257/filters:fill(FFF,true):format(jpg)/d2lnr5mha7bycj.cloudfront.net/product-image/file/large_5fe6dfde-22bb-473c-b227-55047ca95fb8.png,"
Daves,Original price: $13.19,$12.09 ,,,18 oz,[],,"https://www.instacart.com/image-server/257x257/filters:fill(FFF,true):format(jpg)/d2lnr5mha7bycj.cloudfront.net/product-image/file/large_71d62970-7146-47a6-98a6-33c483f3e479.jpg,"
Daves,Honeycrisp Apple,$5.49 ,,,,[],Many in stock,"https://www.instacart.com/image-server/257x257/filters:fill(FFF,true):format(jpg)/d2lnr5mha7bycj.cloudfront.net/product-image/file/large_15b5c75b-39c0-466e-98bd-f70c04f07e80.jpg,"
Daves,Hass Avocado,$1.69 ,,,1 ct,[],Many in stock,"https://www.instacart.com/image-server/257x257/filters:fill(FFF,true):format(jpg)/d2lnr5mha7bycj.cloudfront.net/product-image/file/large_09ff3801-efef-43e6-a14b-6dc55a3fe4c8.jpg,"
Daves,California Giant Blueberries,$4.39 ,,,1 pint container,[],,"https://www.instacart.com/image-server/257x257/filters:fill(FFF,true):format(jpg)/d2lnr5mha7bycj.cloudfront.net/product-image/file/large_c47417d0-3674-4267-8293-2eb7898881e4.png,"
Daves,Red Seedless Grapes,$4.39 ,/lb,,/lb,[],,"https://www.instacart.com/image-server/257x257/filters:fill(FFF,true):format(jpg)/d2lnr5mha7bycj.cloudfront.net/product-image/file/large_4f1e62a9-3d61-4f5f-8f71-f51d61cf8cec.jpg,"
Daves,Lemon,$0.89 ,,,,[],Many in stock,"https://www.instacart.com/image-server/257x257/filters:fill(FFF,true):format(jpg)/d2lnr5mha7bycj.cloudfront.net/product-image/file/large_86387158-32f9-4d2c-9fbc-01852aa880f9.jpg,"
Daves,Avocado,$1.69 ,,,,[],Many in stock,"https://www.instacart.com/image-server/257x257/filters:fill(FFF,true):format(jpg)/d2lnr5mha7bycj.cloudfront.net/product-image/file/large_0bbdc77c-9d52-4909-8bd4-86eb6938621b.jpg,"
Daves,California Giant Blueberries,$4.39 ,,,6 oz,[],,"https://www.instacart.com/image-server/257x257/filters:fill(FFF,true):format(jpg)/d2lnr5mha7bycj.cloudfront.net/product-image/file/large_3a593ad1-84f8-4545-b413-df1aebf6280b.png,"
Daves,Conventional Strawberry,$4.39 ,,,16 oz container,[],,"https://www.instacart.com/image-server/257x257/filters:fill(FFF,true):format(jpg)/d2lnr5mha7bycj.cloudfront.net/product-image/file/large_1b21d684-6a7a-41ea-af7f-7b10acc41b0e.jpg,"
Daves,Organic Bananas,$0.38 ,each (est.),$0.99 / lb,About 0.38 lb each,['Organic'],,"https://www.instacart.com/image-server/257x257/filters:fill(FFF,true):format(jpg)/d2lnr5mha7bycj.cloudfront.net/product-image/file/large_7418ae1d-6990-4e22-9f8e-2b7a18fd0013.jpg,"
Daves,Red Mango,$3.29 ,,,,[],,"https://www.instacart.com/image-server/257x257/filters:fill(FFF,true):format(jpg)/d2lnr5mha7bycj.cloudfront.net/product-image/file/large_ed03fbed-7cc0-48b1-a3e8-decaa6513178.jpg,"
Daves,sk Cara Cara oranges,$5.49 ,,,3 lb bag,['In season'],,"https://www.instacart.com/image-server/257x257/filters:fill(FFF,true):format(jpg)/d2lnr5mha7bycj.cloudfront.net/product-image/file/large_72066136-b4e1-4501-ac89-e73621a5f9d0.png,"
Daves,Blueberries,$4.39 ,,,1 Container,[],,"https://www.instacart.com/image-server/257x257/filters:fill(FFF,true):format(jpg)/d2lnr5mha7bycj.cloudfront.net/product-image/file/large_286366a4-0e02-45cd-bcc8-e2909b2b41de.jpg,"
Daves,Organic Honeycrisp Apple,$1.32 ,each (est.),$3.29 / lb,About 0.4 lb each,['Organic'],,"https://www.instacart.com/image-server/257x257/filters:fill(FFF,true):format(jpg)/d2lnr5mha7bycj.cloudfront.net/product-image/file/large_378c9d02-4f04-413d-994f-7d873985e569.jpg,"
Daves,Red Grapes,$6.71 ,/pkg (est.),$3.29 / lb,About 2.04 lb / package,[],,"https://www.instacart.com/image-server/257x257/filters:fill(FFF,true):format(jpg)/d2lnr5mha7bycj.cloudfront.net/product-image/file/large_df21f925-4691-4f9d-97a6-040b0dd79be9.jpg,"
Daves,Driscoll's Blueberries,$4.39 ,,,1 pt,[],,"https://www.instacart.com/image-server/257x257/filters:fill(FFF,true):format(jpg)/d2lnr5mha7bycj.cloudfront.net/product-image/file/large_7330c7c0-37b3-4007-a59b-beb566524141.jpg,"
Daves,Berry Boss Strawberries,$4.39 ,,,1 lb container,[],,"https://www.instacart.com/image-server/257x257/filters:fill(FFF,true):format(jpg)/d2lnr5mha7bycj.cloudfront.net/product-image/file/large_9587a7f9-a84e-4e69-a942-277390146c6f.jpg,"
Daves,Mini Seedless Watermelon,$5.49 ,,,1 ct,[],,"https://www.instacart.com/image-server/257x257/filters:fill(FFF,true):format(jpg)/d2lnr5mha7bycj.cloudfront.net/product-image/file/large_ad66436e-f7eb-448b-9ac2-4c07677a4e8f.jpg,"
Daves,Sun Pacific Extra Large Lemons,$0.89 ,,,1 each,[],,"https://www.instacart.com/image-server/257x257/filters:fill(FFF,true):format(jpg)/d2lnr5mha7bycj.cloudfront.net/product-image/file/large_4e46dcd4-a8c4-4f72-807e-a04f07e6c6d8.jpg,"
Daves,Golden Kiwi,$0.89 ,,,,[],,"https://www.instacart.com/image-server/257x257/filters:fill(FFF,true):format(jpg)/d2lnr5mha7bycj.cloudfront.net/product-image/file/large_de0e87cf-dca9-4a93-b54e-04cec198feee.jpg,"
Daves,Cantaloupe,$4.39 ,,,,[],Many in stock,"https://www.instacart.com/image-server/257x257/filters:fill(FFF,true):format(jpg)/d2lnr5mha7bycj.cloudfront.net/product-image/file/large_7141bee7-5730-4347-a032-339c0beac2e4.jpg,"
Daves,Limes,$0.89 ,,,,[],Many in stock,"https://www.instacart.com/image-server/257x257/filters:fill(FFF,true):format(jpg)/d2lnr5mha7bycj.cloudfront.net/product-image/file/large_42bb0e57-f304-4375-984a-01f3ba6ddb8f.jpg,"
Daves,Foxy Strawberries,$4.39 ,,,1 ct,[],,"https://www.instacart.com/image-server/257x257/filters:fill(FFF,true):format(jpg)/d2lnr5mha7bycj.cloudfront.net/product-image/file/large_46ed5baa-012f-4706-8ca2-d7ece8c4f949.png,"
Daves,"Mandarins, Bag",$6.59 ,,,3 lb,['In season'],,"https://www.instacart.com/image-server/257x257/filters:fill(FFF,true):format(jpg)/d2lnr5mha7bycj.cloudfront.net/product-image/file/large_6cef260f-7841-4f91-a621-e0e59c39c558.png,"
Daves,Florida Avocado,$3.29 ,,,,[],,"https://www.instacart.com/image-server/257x257/filters:fill(FFF,true):format(jpg)/d2lnr5mha7bycj.cloudfront.net/product-image/file/large_22f3252b-e750-49c4-a647-cd250fb05b3e.jpg,"
Daves,Pineapple,$4.39 ,,,,[],Many in stock,"https://www.instacart.com/image-server/257x257/filters:fill(FFF,true):format(jpg)/d2lnr5mha7bycj.cloudfront.net/product-image/file/large_0b432212-1e7a-4525-a632-d67f6df60485.jpg,"
Daves,Gala Apple,$1.47 ,each (est.),$2.79 / lb,About 0.53 lb each,[],,"https://www.instacart.com/image-server/257x257/filters:fill(FFF,true):format(jpg)/d2lnr5mha7bycj.cloudfront.net/product-image/file/large_66b4805e-a886-4a85-8c7f-be4afb629f7b.jpg,"
Daves,Plantain,$0.96 ,each (est.),$1.69 / lb,About 0.57 lb each,[],,"https://www.instacart.com/image-server/257x257/filters:fill(FFF,true):format(jpg)/d2lnr5mha7bycj.cloudfront.net/product-image/file/large_a1ae4407-67e1-44d5-aa66-b8caddd16361.jpg,"
Daves,Raspberries Package,$4.39 ,,,0.5 pint container,[],,"https://www.instacart.com/image-server/257x257/filters:fill(FFF,true):format(jpg)/d2lnr5mha7bycj.cloudfront.net/product-image/file/large_0558548a-cee2-4998-a89c-edd6fc1c0c24.jpg,"
Daves,Strawberries,$4.39 ,,,16 oz Container,[],,"https://www.instacart.com/image-server/257x257/filters:fill(FFF,true):format(jpg)/d2lnr5mha7bycj.cloudfront.net/product-image/file/large_349afade-5aa6-47e5-9d49-4fb8f5bc23c6.png,"
Daves,Golden Delicious Apple,$1.43 ,each (est.),$2.79 / lb,About 0.51 lb each,[],,"https://www.instacart.com/image-server/257x257/filters:fill(FFF,true):format(jpg)/d2lnr5mha7bycj.cloudfront.net/product-image/file/large_e13957c8-4769-4f9a-ba56-880d9ce4f8ae.jpg,"
Daves,Green Kiwi,$0.89 ,,,,[],Many in stock,"https://www.instacart.com/image-server/257x257/filters:fill(FFF,true):format(jpg)/d2lnr5mha7bycj.cloudfront.net/product-image/file/large_7590ddbc-f84e-4a78-ad53-707f62b49c07.jpg,"
Daves,Bauman Orch Jonathan Apples,$4.39 ,,,3 lb,[],,"https://www.instacart.com/image-server/257x257/filters:fill(FFF,true):format(jpg)/d1s8987jlndkbs.cloudfront.net/assets/missing-item-4bbe82b8555e4d1c12626fd482cb2409713e8e30835645ff3650ef66a725d03c.png,"
Daves,Small Oranges in Cello,$6.59 ,,,4 lb,['In season'],Many in stock,"https://www.instacart.com/image-server/257x257/filters:fill(FFF,true):format(jpg)/d1s8987jlndkbs.cloudfront.net/assets/missing-item-4bbe82b8555e4d1c12626fd482cb2409713e8e30835645ff3650ef66a725d03c.png,"
Daves,"Clementines, Bag",$6.59 ,,,3 lb,['In season'],Likely out of stock,"https://www.instacart.com/image-server/257x257/filters:fill(FFF,true):format(jpg)/d2lnr5mha7bycj.cloudfront.net/product-image/file/large_df42bec1-c354-452d-a32c-2abf9a2bf2bd.jpg,"
Daves,Divine Flavors Personal Mini Watermelon,$5.49 ,,,,[],,"https://www.instacart.com/image-server/257x257/filters:fill(FFF,true):format(jpg)/d1s8987jlndkbs.cloudfront.net/assets/missing-item-4bbe82b8555e4d1c12626fd482cb2409713e8e30835645ff3650ef66a725d03c.png,"
Daves,Granny Smith Apple,$1.48 ,each (est.),$2.79 / lb,About 0.53 lb each,[],,"https://www.instacart.com/image-server/257x257/filters:fill(FFF,true):format(jpg)/d2lnr5mha7bycj.cloudfront.net/product-image/file/large_c95973fb-6b73-45f8-975d-5cabeec59322.jpg,"
Daves,Raspberries,$4.39 ,,,6 each,[],,"https://www.instacart.com/image-server/257x257/filters:fill(FFF,true):format(jpg)/d1s8987jlndkbs.cloudfront.net/assets/missing-item-4bbe82b8555e4d1c12626fd482cb2409713e8e30835645ff3650ef66a725d03c.png,"
Daves,Gem-Pack Berries Strawberry,$4.39 ,,,1 lb container,[],,"https://www.instacart.com/image-server/257x257/filters:fill(FFF,true):format(jpg)/d2lnr5mha7bycj.cloudfront.net/product-image/file/large_19edbdb8-5392-42ed-918e-9d53ecd32b55.jpg,"
Daves,Cotton Candy Grapes,$5.49 ,/lb,,/lb,[],Likely out of stock,"https://www.instacart.com/image-server/257x257/filters:fill(FFF,true):format(jpg)/d2lnr5mha7bycj.cloudfront.net/product-image/file/large_b246a46c-bce8-4a98-b367-60aefe3fd7b0.jpg,"
Daves,White Seedless Grapes,$8.91 ,/pkg (est.),$4.39 / lb,About 2.03 lb / package,[],,"https://www.instacart.com/image-server/257x257/filters:fill(FFF,true):format(jpg)/d2lnr5mha7bycj.cloudfront.net/product-image/file/large_28a8dd52-2302-4528-a19e-2d93dc6b2249.jpg,"
Daves,Ganfer Fresh Blackberries,$4.39 ,,,,[],,"https://www.instacart.com/image-server/257x257/filters:fill(FFF,true):format(jpg)/d1s8987jlndkbs.cloudfront.net/assets/missing-item-4bbe82b8555e4d1c12626fd482cb2409713e8e30835645ff3650ef66a725d03c.png,"
Daves,Dave's 2% Reduced Fat Milk,$4.39 ,,,1 gal,[],Many in stock,"https://www.instacart.com/image-server/257x257/filters:fill(FFF,true):format(jpg)/d2lnr5mha7bycj.cloudfront.net/product-image/file/large_275faa35-fe9a-471e-a5a2-942376f1623f.jpg,"
Daves,Dave's 1% Milk,$2.49 ,,,64 fl oz,[],,"https://www.instacart.com/image-server/257x257/filters:fill(FFF,true):format(jpg)/d2lnr5mha7bycj.cloudfront.net/product-image/file/large_98ebf655-da32-4110-80ab-14495b71af23.jpg,"
Daves,Original price: $7.19,$6.09 ,,,52 fl oz,[],,"https://www.instacart.com/image-server/257x257/filters:fill(FFF,true):format(jpg)/d2lnr5mha7bycj.cloudfront.net/product-image/file/large_01b8f636-9039-4813-9c6a-9bf0da6fe58f.jpg,"
Daves,Dave's Homogenized Milk,$2.59 ,,,64 fl oz,[],Many in stock,"https://www.instacart.com/image-server/257x257/filters:fill(FFF,true):format(jpg)/d2lnr5mha7bycj.cloudfront.net/product-image/file/large_643e24bf-aca6-480d-af97-7f429e6618c5.jpg,"
Daves,Original price: $4.39,$3.29 ,,,0.5 gal,[],,"https://www.instacart.com/image-server/257x257/filters:fill(FFF,true):format(jpg)/d2lnr5mha7bycj.cloudfront.net/product-image/file/large_fc1dddec-b44e-4ede-b188-0d6bc0a39410.png,"
Daves,Dave's 2% Milk,$2.49 ,,,64 fl oz,[],,"https://www.instacart.com/image-server/257x257/filters:fill(FFF,true):format(jpg)/d2lnr5mha7bycj.cloudfront.net/product-image/file/large_8349fcab-2247-4420-b149-5db26193b65d.jpg,"
Daves,"Borden Milk, Vitamin D",$3.09 ,,,0.5 gal,[],Many in stock,"https://www.instacart.com/image-server/257x257/filters:fill(FFF,true):format(jpg)/d2lnr5mha7bycj.cloudfront.net/product-image/file/large_57ac67dc-1a66-4d07-8bad-cc1b9681a423.png,"
Daves,Dave's Homogenized Milk,$4.39 ,,,128 fl oz,[],,"https://www.instacart.com/image-server/257x257/filters:fill(FFF,true):format(jpg)/d1s8987jlndkbs.cloudfront.net/assets/missing-item-4bbe82b8555e4d1c12626fd482cb2409713e8e30835645ff3650ef66a725d03c.png,"
Daves,Original price: $6.39,$5.49 ,,,64 fl oz,[],,"https://www.instacart.com/image-server/257x257/filters:fill(FFF,true):format(jpg)/d2lnr5mha7bycj.cloudfront.net/product-image/file/large_a40d8a51-0ef3-4d4f-abb0-b24bd220ab23.jpg,"
Daves,Dave's 1% Milk,$4.19 ,,,1 gal,[],,"https://www.instacart.com/image-server/257x257/filters:fill(FFF,true):format(jpg)/d2lnr5mha7bycj.cloudfront.net/product-image/file/large_c2d67897-dbea-4298-9b63-5370791f44b4.jpg,"
Daves,"Borden Milk, Reduced Fat, 2%",$3.09 ,,,0.5 gal,[],Many in stock,"https://www.instacart.com/image-server/257x257/filters:fill(FFF,true):format(jpg)/d2lnr5mha7bycj.cloudfront.net/product-image/file/large_c7cca466-b588-42d8-bb24-142777c6883a.png,"
Daves,"Borden Milk, Reduced Fat, 2%",$1.79 ,,,1 pt,[],,"https://www.instacart.com/image-server/257x257/filters:fill(FFF,true):format(jpg)/d2lnr5mha7bycj.cloudfront.net/product-image/file/large_996d03df-7bf2-487e-aea5-87635d11383e.png,"
Daves,Original price: $7.69,$6.59 ,,,64 fl oz,['Organic'],,"https://www.instacart.com/image-server/257x257/filters:fill(FFF,true):format(jpg)/d2lnr5mha7bycj.cloudfront.net/product-image/file/large_87135c0a-1dbc-49e8-ade3-270d39c3a737.jpg,"
Daves,"Borden Milk, Vitamin D",$2.19 ,,,1 qt,[],,"https://www.instacart.com/image-server/257x257/filters:fill(FFF,true):format(jpg)/d2lnr5mha7bycj.cloudfront.net/product-image/file/large_00c26af6-363e-463d-91e9-5eee65e6db46.png,"
Daves,Original price: $6.39,$5.49 ,,,0.5 gal,[],,"https://www.instacart.com/image-server/257x257/filters:fill(FFF,true):format(jpg)/d2lnr5mha7bycj.cloudfront.net/product-image/file/large_c5f4fc93-e04b-44de-9dbe-fa5210b67559.jpg,"
Daves,Original price: $8.79,$8.29 ,,,96 fl oz,[],Many in stock,"https://www.instacart.com/image-server/257x257/filters:fill(FFF,true):format(jpg)/d2lnr5mha7bycj.cloudfront.net/product-image/file/large_9cb81af0-c793-426f-81d1-6f24ea9de584.jpg,"
Daves,"Borden Milk, Lowfat Milk, Dutch Chocolate, 1%",$6.09 ,,,1 gal,[],,"https://www.instacart.com/image-server/257x257/filters:fill(FFF,true):format(jpg)/d2lnr5mha7bycj.cloudfront.net/product-image/file/large_8ca8e11e-432e-41fd-96ae-7d0849264c96.png,"
Daves,Califia Farms Unsweetened Vanilla Almondmilk,$7.19 ,,,48 fl oz,['Vegan'],,"https://www.instacart.com/image-server/257x257/filters:fill(FFF,true):format(jpg)/d2lnr5mha7bycj.cloudfront.net/product-image/file/large_f01768a7-d88d-40c1-9c5e-9f262961781a.png,"
Daves,Original price: $6.39,$5.49 ,,,64 oz,[],,"https://www.instacart.com/image-server/257x257/filters:fill(FFF,true):format(jpg)/d2lnr5mha7bycj.cloudfront.net/product-image/file/large_c30c3915-a52f-47a0-930c-2f1a52984fa9.jpg,"
Daves,"Silk Vanilla Almond Milk, Dairy Free, Gluten Free, Soy Free",$4.39 ,,,64 fl oz,[],,"https://www.instacart.com/image-server/257x257/filters:fill(FFF,true):format(jpg)/d2lnr5mha7bycj.cloudfront.net/product-image/file/large_0944b60b-8e7e-454a-b031-74852774c988.jpg,"
Daves,"Grace Coconut Milk, Classic",$4.39 ,,,13.53 fl oz,[],,"https://www.instacart.com/image-server/257x257/filters:fill(FFF,true):format(jpg)/d2lnr5mha7bycj.cloudfront.net/product-image/file/large_dd19c812-81ca-4c30-ad52-7041e20a6e42.png,"
Daves,"Silk Original Almond Milk, Dairy Free, Gluten Free, Soy Free",$4.39 ,,,64 fl oz,[],,"https://www.instacart.com/image-server/257x257/filters:fill(FFF,true):format(jpg)/d2lnr5mha7bycj.cloudfront.net/product-image/file/large_da251329-39e0-43a9-a0ab-6ccd79af6d9a.jpg,"
Daves,Dairymens Milk Co Whole Milk,$3.99 ,,,128 oz,[],,"https://www.instacart.com/image-server/257x257/filters:fill(FFF,true):format(jpg)/d1s8987jlndkbs.cloudfront.net/assets/missing-item-4bbe82b8555e4d1c12626fd482cb2409713e8e30835645ff3650ef66a725d03c.png,"
Daves,Original price: $5.49,$4.99 ,,,64 fl oz,[],,"https://www.instacart.com/image-server/257x257/filters:fill(FFF,true):format(jpg)/d2lnr5mha7bycj.cloudfront.net/product-image/file/large_f31f967e-876a-40ec-a00a-a6463eb5e233.jpg,"
Daves,Original price: $6.59,$6.09 ,,,10 x 6.5 fl oz,[],,"https://www.instacart.com/image-server/257x257/filters:fill(FFF,true):format(jpg)/d2lnr5mha7bycj.cloudfront.net/product-image/file/large_e0016444-988e-4a3f-a5f7-a8a68f012414.jpg,"
Daves,"Silk Dark Chocolate Almond Milk, Dairy Free, Gluten Free, Soy Free",$6.09 ,,,64 fl oz,[],,"https://www.instacart.com/image-server/257x257/filters:fill(FFF,true):format(jpg)/d2lnr5mha7bycj.cloudfront.net/product-image/file/large_0ea2a1e5-7e09-4800-a33a-e0674f60c860.jpg,"
Daves,fairlife ® Chocolate 2% Ultra-Filtered Milk,$2.99 ,,,14 fl oz,[],,"https://www.instacart.com/image-server/257x257/filters:fill(FFF,true):format(jpg)/d2lnr5mha7bycj.cloudfront.net/product-image/file/large_849ba8c7-3ecd-42ac-be55-47193070eedd.jpg,"
Daves,Original price: $8.79,$7.69 ,,,64 fl oz,['Organic'],,"https://www.instacart.com/image-server/257x257/filters:fill(FFF,true):format(jpg)/d2lnr5mha7bycj.cloudfront.net/product-image/file/large_0866550b-84e4-4104-9671-8a833cae0b0e.jpg,"
Daves,"Silk Unsweet Almond Milk, Dairy Free, Gluten Free, Soy Free",$4.39 ,,,64 fl oz,[],,"https://www.instacart.com/image-server/257x257/filters:fill(FFF,true):format(jpg)/d2lnr5mha7bycj.cloudfront.net/product-image/file/large_e4662f42-9077-4fdf-82b4-0c0a9d242eec.jpg,"
Daves,C. F. Burger Creamery Dulce De Leche Creamy Caramel Nog,$7.19 ,,,1 qt,[],,"https://www.instacart.com/image-server/257x257/filters:fill(FFF,true):format(jpg)/d1s8987jlndkbs.cloudfront.net/assets/missing-item-4bbe82b8555e4d1c12626fd482cb2409713e8e30835645ff3650ef66a725d03c.png,"
Daves,Original price: $2.99,$2.59 ,,,14 fl oz,[],,"https://www.instacart.com/image-server/257x257/filters:fill(FFF,true):format(jpg)/d2lnr5mha7bycj.cloudfront.net/product-image/file/large_ed386d5b-4ad4-4901-bed8-35b3750558ad.jpg,"
Daves,"Silk Unsweet Vanilla Almond Milk, Dairy Free, Gluten Free, Soy Free",$4.39 ,,,64 fl oz,[],,"https://www.instacart.com/image-server/257x257/filters:fill(FFF,true):format(jpg)/d2lnr5mha7bycj.cloudfront.net/product-image/file/large_aae4b3d2-0d39-4e6c-9ae9-537a0978aa5f.jpg,"
Daves,"Borden Buttermilk, Cultured, Whole",$3.99 ,,,0.5 gal,[],,"https://www.instacart.com/image-server/257x257/filters:fill(FFF,true):format(jpg)/d2lnr5mha7bycj.cloudfront.net/product-image/file/large_c4cce5a3-4128-44cc-8927-05619bbd7efa.png,"
Daves,Original price: $5.49,$4.99 ,,,0.5 gal,[],,"https://www.instacart.com/image-server/257x257/filters:fill(FFF,true):format(jpg)/d2lnr5mha7bycj.cloudfront.net/product-image/file/large_db5355de-31e6-4228-a242-34e02f54499d.jpg,"
Daves,Original price: $7.69,$6.59 ,,,96 fl oz,[],Many in stock,"https://www.instacart.com/image-server/257x257/filters:fill(FFF,true):format(jpg)/d2lnr5mha7bycj.cloudfront.net/product-image/file/large_4d61be6f-fb96-473c-998e-1afd30a3b947.jpg,"
Daves,"Marburger Farm Dairy Buttermilk, Gourmet",$3.29 ,,,1 qt,[],Many in stock,"https://www.instacart.com/image-server/257x257/filters:fill(FFF,true):format(jpg)/d2lnr5mha7bycj.cloudfront.net/product-image/file/large_b3b2c106-bfed-4dfc-b312-92d5acfc0087.png,"
Daves,Bolthouse Farms Mango Cherry C-Boost®,$4.39 ,,,15.2 oz,[],,"https://www.instacart.com/image-server/257x257/filters:fill(FFF,true):format(jpg)/d2lnr5mha7bycj.cloudfront.net/product-image/file/large_8135cb3f-c07f-4a12-8ff7-8fdbf48c54a6.jpg,"
Daves,Original price: $5.49,$4.39 ,,,52 fl oz,[],,"https://www.instacart.com/image-server/257x257/filters:fill(FFF,true):format(jpg)/d2lnr5mha7bycj.cloudfront.net/product-image/file/large_81a72389-2591-4d8f-a368-f6b4430ecba6.png,"
Daves,Dairymens Orange Pineapple Fruit Drink,$3.09 ,,,1 gal,[],,"https://www.instacart.com/image-server/257x257/filters:fill(FFF,true):format(jpg)/d2lnr5mha7bycj.cloudfront.net/product-image/file/large_76bf68f7-eff0-4d11-886e-be0c95174601.jpg,"
Daves,Dairymens Fruit Punch Fruit Drink,$3.09 ,,,1 gal,[],Many in stock,"https://www.instacart.com/image-server/257x257/filters:fill(FFF,true):format(jpg)/d2lnr5mha7bycj.cloudfront.net/product-image/file/large_32b91fcf-e781-45e7-82cc-f485e09a0c35.jpg,"
Daves,Original price: $4.09,$3.29 ,,,1 gal,[],,"https://www.instacart.com/image-server/257x257/filters:fill(FFF,true):format(jpg)/d2lnr5mha7bycj.cloudfront.net/product-image/file/large_9f783ec6-0bfe-4724-8e00-362ebe40acf0.png,"
Daves,Original price: $7.69,$5.49 ,,,52 fl oz,[],Many in stock,"https://www.instacart.com/image-server/257x257/filters:fill(FFF,true):format(jpg)/d2lnr5mha7bycj.cloudfront.net/product-image/file/large_d7fd9a71-3212-4fd9-bc93-cbd47a99f69e.png,"
Daves,Minute Maid Lemonade,$3.69 ,,,2 L,[],,"https://www.instacart.com/image-server/257x257/filters:fill(FFF,true):format(jpg)/d2lnr5mha7bycj.cloudfront.net/product-image/file/large_1320b5e8-f83e-49cd-b445-caf88089b0ca.jpg,"
Daves,Borden 100% Pure Orange Juice,$3.29 ,,,32 fl oz,[],,"https://www.instacart.com/image-server/257x257/filters:fill(FFF,true):format(jpg)/d2lnr5mha7bycj.cloudfront.net/product-image/file/large_d8a3e27b-841b-457a-8894-8a51fcb1ebd3.jpg,"
Daves,Original price: $5.29,$4.09 ,,,59 fl oz,[],,"https://www.instacart.com/image-server/257x257/filters:fill(FFF,true):format(jpg)/d2lnr5mha7bycj.cloudfront.net/product-image/file/large_aedab459-ba06-42af-bd73-063446801758.jpg,"
Daves,"Tropicana Drink, Strawberry Peach Paradise",$5.29 ,,,52 fl oz,[],,"https://www.instacart.com/image-server/257x257/filters:fill(FFF,true):format(jpg)/d2lnr5mha7bycj.cloudfront.net/product-image/file/large_a9948cca-91b5-4164-b669-74b0baaf097c.png,"
Daves,Original price: $5.49,$4.39 ,,,1 gal,[],,"https://www.instacart.com/image-server/257x257/filters:fill(FFF,true):format(jpg)/d2lnr5mha7bycj.cloudfront.net/product-image/file/large_532c8373-1152-4a65-9a82-bf9d77ea27b8.png,"
Daves,"Simply Lemonade With Raspberry, All Natural Non-Gmo",$6.59 ,,,89 fl oz,[],,"https://www.instacart.com/image-server/257x257/filters:fill(FFF,true):format(jpg)/d2lnr5mha7bycj.cloudfront.net/product-image/file/large_1f987272-7de6-400a-a9a5-aaa875e53233.jpg,"
Daves,"R.W. Knudsen Family Just Black Cherry Juice, 100% Juice",$9.89 ,,,32 fl oz,[],,"https://www.instacart.com/image-server/257x257/filters:fill(FFF,true):format(jpg)/d2lnr5mha7bycj.cloudfront.net/product-image/file/large_c65a9015-2ae1-4ce9-b35c-1d1b872dc06d.png,"
Daves,Simply Lemonade,$6.59 ,,,89 fl oz,[],,"https://www.instacart.com/image-server/257x257/filters:fill(FFF,true):format(jpg)/d2lnr5mha7bycj.cloudfront.net/product-image/file/large_346d9830-f4ca-4507-89f1-718030310766.jpg,"
Daves,Original price: $6.09,$4.99 ,,,64 fl oz,[],,"https://www.instacart.com/image-server/257x257/filters:fill(FFF,true):format(jpg)/d2lnr5mha7bycj.cloudfront.net/product-image/file/large_504f027b-40a9-41a9-85cb-e91848e11145.jpg,"
Daves,Original price: $6.09,$5.49 ,,,64 fl oz,[],,"https://www.instacart.com/image-server/257x257/filters:fill(FFF,true):format(jpg)/d2lnr5mha7bycj.cloudfront.net/product-image/file/large_5b31a1c4-9d6d-49cd-80dd-a45a431d261d.png,"
Daves,R.W. Knudsen Family Organic Cherry Juice,$12.09 ,,,32 fl oz,['Organic'],,"https://www.instacart.com/image-server/257x257/filters:fill(FFF,true):format(jpg)/d2lnr5mha7bycj.cloudfront.net/product-image/file/large_0e8175fc-3acb-4577-ae2e-1daf8364c355.png,"
Daves,Original price: $7.69,$7.19 ,,,3 L,[],,"https://www.instacart.com/image-server/257x257/filters:fill(FFF,true):format(jpg)/d2lnr5mha7bycj.cloudfront.net/product-image/file/large_a0e3da13-32b1-4020-bbbf-892a7c653365.jpg,"
Daves,Karma Probiotic Water Blueberry Lemonade,$2.79 ,,,18 fl oz,[],,"https://www.instacart.com/image-server/257x257/filters:fill(FFF,true):format(jpg)/d2lnr5mha7bycj.cloudfront.net/product-image/file/large_4ed30c23-6299-4a4e-a953-675c7b6e938d.png,"
Daves,Kool-Aid Jammers Strawberry Kiwi Flavored Kids 0% Juice Drink Pouches,$4.99 ,,,10 x 6 fl oz,[],,"https://www.instacart.com/image-server/257x257/filters:fill(FFF,true):format(jpg)/d2lnr5mha7bycj.cloudfront.net/product-image/file/large_95dd2d08-1b9b-4c72-93f8-472512f5b123.jpg,"
Daves,"Simply Lemonade With Strawberry, All Natural Non-Gmo",$4.69 ,,,52 fl oz,[],,"https://www.instacart.com/image-server/257x257/filters:fill(FFF,true):format(jpg)/d2lnr5mha7bycj.cloudfront.net/product-image/file/large_cd521a20-90e9-4df1-b647-4b5a25fd9d59.jpg,"
Daves,"R.W. Knudsen Family Just Cranberry Juice, 100% Juice",$13.19 ,,,32 fl oz,[],,"https://www.instacart.com/image-server/257x257/filters:fill(FFF,true):format(jpg)/d2lnr5mha7bycj.cloudfront.net/product-image/file/large_a5314818-5f61-447b-9f07-160ca06ca894.png,"
Daves,Original price: $4.09,$3.89 ,,,64 fl oz,[],,"https://www.instacart.com/image-server/257x257/filters:fill(FFF,true):format(jpg)/d2lnr5mha7bycj.cloudfront.net/product-image/file/large_63676fc4-4fda-461c-acf7-251db4b27d49.jpg,"
Daves,Original price: $6.59,$5.49 ,,,64 fl oz,[],,"https://www.instacart.com/image-server/257x257/filters:fill(FFF,true):format(jpg)/d2lnr5mha7bycj.cloudfront.net/product-image/file/large_29024448-9882-4cd8-9c3a-c909424cae8f.jpg,"
Daves,Suja Organic Citrus Immunity Cold-Pressed Juice 1,$4.39 ,,,12 fl oz,['Organic'],,"https://www.instacart.com/image-server/257x257/filters:fill(FFF,true):format(jpg)/d2lnr5mha7bycj.cloudfront.net/product-image/file/large_314e2b71-84b6-48c0-adf6-1b7e7eb8c00d.jpg,"
Daves,Karma Probiotic Water Strawberry Lemonade,$2.79 ,,,18 fl oz,[],,"https://www.instacart.com/image-server/257x257/filters:fill(FFF,true):format(jpg)/d2lnr5mha7bycj.cloudfront.net/product-image/file/large_2d3564ab-c6a2-4446-ada2-575691065364.png,"
Daves,Florida's Natural Lemonade with Strawberry,$4.39 ,,,59 fl oz,[],,"https://www.instacart.com/image-server/257x257/filters:fill(FFF,true):format(jpg)/d2lnr5mha7bycj.cloudfront.net/product-image/file/large_f9884dc5-8c2f-4a49-a894-46a70fd16f34.png,"
Daves,Tropicana No Pulp with Calcium & Vitamin D 100% Orange Juice,$10.99 ,,,89 fl oz,[],,"https://www.instacart.com/image-server/257x257/filters:fill(FFF,true):format(jpg)/d2lnr5mha7bycj.cloudfront.net/product-image/file/large_d1be7e24-9817-4c1b-b4d5-066ea5d99372.png,"
Daves,Tampico Mango Fruit Punch Juice Drink,$1.39 ,,,20 fl oz,[],,"https://www.instacart.com/image-server/257x257/filters:fill(FFF,true):format(jpg)/d2lnr5mha7bycj.cloudfront.net/product-image/file/large_6ff316b7-aa6f-4201-bd96-301d134cb125.jpg,"
Daves,Kool-Aid Blue Berry Blue Bursts,$2.79 ,,,6 x 6.75 fl oz,[],,"https://www.instacart.com/image-server/257x257/filters:fill(FFF,true):format(jpg)/d2lnr5mha7bycj.cloudfront.net/product-image/file/large_430e070c-7c57-456f-a520-e111a0acc956.jpg,"
Daves,"Simply Lemonade With Raspberry, All Natural Non-Gmo",$4.69 ,,,52 fl oz,[],,"https://www.instacart.com/image-server/257x257/filters:fill(FFF,true):format(jpg)/d2lnr5mha7bycj.cloudfront.net/product-image/file/large_bdf76f7e-9989-4c85-890e-677a079b2d72.jpg,"
Daves,Original price: $4.19,$3.69 ,,,52 fl oz,[],,"https://www.instacart.com/image-server/257x257/filters:fill(FFF,true):format(jpg)/d2lnr5mha7bycj.cloudfront.net/product-image/file/large_8f9bb9b3-44e2-4fb3-a068-f0f55c7bc795.png,"
Daves,"Lemon Perfect Lemon Water, Watermelon, Hydrating",$2.59 ,,,15.2 fl oz,['Organic'],,"https://www.instacart.com/image-server/257x257/filters:fill(FFF,true):format(jpg)/d2lnr5mha7bycj.cloudfront.net/product-image/file/large_fc013fc8-3663-4f44-99f1-bff54d9a214c.png,"
Daves,Mott's 100% Original Apple Juice,$5.49 ,,,64 fl oz,[],,"https://www.instacart.com/image-server/257x257/filters:fill(FFF,true):format(jpg)/d2lnr5mha7bycj.cloudfront.net/product-image/file/large_51c2685f-f30a-495f-aa08-34367e16833a.jpg,"
Daves,Original price: $6.09,$4.99 ,,,6.75 fl oz,[],,"https://www.instacart.com/image-server/257x257/filters:fill(FFF,true):format(jpg)/d2lnr5mha7bycj.cloudfront.net/product-image/file/large_aa42cdbb-d7e9-443f-bf13-9789c0250c2e.jpg,"
Daves,Minute Maid Sugar Lemonade Bottle,$1.49 ,,,20 fl oz,[],,"https://www.instacart.com/image-server/257x257/filters:fill(FFF,true):format(jpg)/d2lnr5mha7bycj.cloudfront.net/product-image/file/large_7011362a-ee01-47f5-b6aa-da434b7ca6fa.jpg,"
Daves,Welch's 100% Juice White Grape Peach,$6.59 ,,,64 fl oz,[],,"https://www.instacart.com/image-server/257x257/filters:fill(FFF,true):format(jpg)/d2lnr5mha7bycj.cloudfront.net/product-image/file/large_87d933c4-66f4-4247-9c6a-7a1b262368b6.jpg,"
Daves,Kool-Aid Jammers Grape Flavored Kids 0% Juice Drink Pouches,$4.99 ,,,10 x 6 fl oz,[],,"https://www.instacart.com/image-server/257x257/filters:fill(FFF,true):format(jpg)/d2lnr5mha7bycj.cloudfront.net/product-image/file/large_a60796d7-fb9b-42af-a92e-16aa86ab1221.jpg,"
Daves,Original price: $4.99,$4.39 ,,,59 fl oz,[],,"https://www.instacart.com/image-server/257x257/filters:fill(FFF,true):format(jpg)/d2lnr5mha7bycj.cloudfront.net/product-image/file/large_d9b8d9ef-5b8a-4eb6-8879-6e1cc103b6a5.png,"
Daves,Drumsticks Family Pack,$1.89 ,/lb,,/lb,[],,"https://www.instacart.com/image-server/257x257/filters:fill(FFF,true):format(jpg)/d2lnr5mha7bycj.cloudfront.net/product-image/file/large_b260a5bc-7363-483f-adc1-6eb41947011a.jpg,"
Daves,Family Pack Chicken Thighs,$7.56 ,/pkg (est.),$1.89 / lb,About 4.0 lb / package,[],,"https://www.instacart.com/image-server/257x257/filters:fill(FFF,true):format(jpg)/d2lnr5mha7bycj.cloudfront.net/product-image/file/large_7cdc07f1-6150-4f86-870d-4e4993ced102.png,"
Daves,Oscar Mayer Gluten Free Turkey Bacon with 58% Less Fat & 57% Less Sodium,$6.59 ,,,12 oz,[],,"https://www.instacart.com/image-server/257x257/filters:fill(FFF,true):format(jpg)/d2lnr5mha7bycj.cloudfront.net/product-image/file/large_11bf0365-86f3-447b-8692-58481b8e0019.jpg,"
Daves,Family Pack Chicken Thighs,$2.69 ,/lb,,/lb,[],,"https://www.instacart.com/image-server/257x257/filters:fill(FFF,true):format(jpg)/d2lnr5mha7bycj.cloudfront.net/product-image/file/large_8af59198-a163-49f2-bac0-d7d861c90083.jpg,"
Daves,"Tyson Cornish Hen, Premium",$13.19 ,,,40 oz,[],,"https://www.instacart.com/image-server/257x257/filters:fill(FFF,true):format(jpg)/d2lnr5mha7bycj.cloudfront.net/product-image/file/large_da3c5d29-eb52-49c3-b7eb-e30184c80e3d.png,"
Daves,Family Pack Chicken Wings,$14.98 ,each (est.),$3.89 / lb,About 3.85 lb each,[],,"https://www.instacart.com/image-server/257x257/filters:fill(FFF,true):format(jpg)/d2lnr5mha7bycj.cloudfront.net/product-image/file/large_6311a19f-3106-428a-bcd5-9abcd5dc1b0d.jpg,"
Daves,Applegate Naturals Uncured Turkey Bacon,$8.79 ,,,8 oz,[],,"https://www.instacart.com/image-server/257x257/filters:fill(FFF,true):format(jpg)/d2lnr5mha7bycj.cloudfront.net/product-image/file/large_edfb2397-a62a-4303-ae3b-60046173a846.png,"
Daves,Turkey Wings,$4.39 ,/lb,,/lb,[],,"https://www.instacart.com/image-server/257x257/filters:fill(FFF,true):format(jpg)/d2lnr5mha7bycj.cloudfront.net/product-image/file/large_043112c6-b064-47ca-ba3b-1e550f987041.jpg,"
Daves,Family Pack Boneless Chicken Thigh,$3.99 ,/lb,,/lb,[],,"https://www.instacart.com/image-server/257x257/filters:fill(FFF,true):format(jpg)/d1s8987jlndkbs.cloudfront.net/assets/missing-item-4bbe82b8555e4d1c12626fd482cb2409713e8e30835645ff3650ef66a725d03c.png,"
Daves,Chicken Wings,$4.79 ,/lb,,/lb,[],,"https://www.instacart.com/image-server/257x257/filters:fill(FFF,true):format(jpg)/d2lnr5mha7bycj.cloudfront.net/product-image/file/large_f3167151-caeb-4d66-985b-f4d5a5ad119d.jpg,"
Daves,Chicken Wings,$2.09 ,,,,[],,"https://www.instacart.com/image-server/257x257/filters:fill(FFF,true):format(jpg)/d2lnr5mha7bycj.cloudfront.net/product-image/file/large_2d8dcec3-c1e7-49bf-ba2d-97ef4b42b18d.jpg,"
Daves,Boneless Chicken Stir Fry Breast,$8.09 ,/lb,,/lb,[],,"https://www.instacart.com/image-server/257x257/filters:fill(FFF,true):format(jpg)/d2lnr5mha7bycj.cloudfront.net/product-image/file/large_a58ada88-c9d4-4c3b-bd35-0f359434002f.jpg,"
Daves,Drumsticks,$2.49 ,/lb,,/lb,[],,"https://www.instacart.com/image-server/257x257/filters:fill(FFF,true):format(jpg)/d2lnr5mha7bycj.cloudfront.net/product-image/file/large_8772ac70-f20e-454f-a4be-8795b0b6bea9.jpg,"
Daves,Butterball Every Day Original Turkey Bacon,$5.49 ,,,12 oz,[],,"https://www.instacart.com/image-server/257x257/filters:fill(FFF,true):format(jpg)/d2lnr5mha7bycj.cloudfront.net/product-image/file/large_d32650c0-8870-41fd-aa02-858e2956762e.png,"
Daves,Jennie-O Fresh Ground Turkey,$6.09 ,,,16 oz,[],,"https://www.instacart.com/image-server/257x257/filters:fill(FFF,true):format(jpg)/d2lnr5mha7bycj.cloudfront.net/product-image/file/large_98fba83b-26f9-4ecc-9ed8-82ca9f26c420.jpg,"
Daves,Gerber Fryer Wings,$4.79 ,/lb,,/lb,[],,"https://www.instacart.com/image-server/257x257/filters:fill(FFF,true):format(jpg)/d1s8987jlndkbs.cloudfront.net/assets/missing-item-4bbe82b8555e4d1c12626fd482cb2409713e8e30835645ff3650ef66a725d03c.png,"
Daves,Turkey Necks,$4.39 ,/lb,,/lb,[],,"https://www.instacart.com/image-server/257x257/filters:fill(FFF,true):format(jpg)/d2lnr5mha7bycj.cloudfront.net/product-image/file/large_69693a26-4222-48dd-983a-f83c3ffac93b.jpg,"
Daves,Gizzards,$2.79 ,/lb,,/lb,[],,"https://www.instacart.com/image-server/257x257/filters:fill(FFF,true):format(jpg)/d1s8987jlndkbs.cloudfront.net/assets/missing-item-4bbe82b8555e4d1c12626fd482cb2409713e8e30835645ff3650ef66a725d03c.png,"
Daves,Gerber's Poultry Special Boneless Chicken Breast,$6.59 ,/lb,,/lb,[],,"https://www.instacart.com/image-server/257x257/filters:fill(FFF,true):format(jpg)/d1s8987jlndkbs.cloudfront.net/assets/missing-item-4bbe82b8555e4d1c12626fd482cb2409713e8e30835645ff3650ef66a725d03c.png,"
Daves,Chicken Livers,$2.79 ,,,20 oz,[],,"https://www.instacart.com/image-server/257x257/filters:fill(FFF,true):format(jpg)/d2lnr5mha7bycj.cloudfront.net/product-image/file/large_44498773-63ad-42dd-b7e8-46a295ffd972.png,"
Daves,"Jennie-O Turkey, Ground, Fresh",$13.19 ,,,48 oz,[],,"https://www.instacart.com/image-server/257x257/filters:fill(FFF,true):format(jpg)/d2lnr5mha7bycj.cloudfront.net/product-image/file/large_3cc7925f-f0b5-47da-84d2-5e2ca7417818.jpg,"
Daves,Gerber's Amish Farm Chicken Poultry Thighs,$7.69 ,,,5 lb,[],,"https://www.instacart.com/image-server/257x257/filters:fill(FFF,true):format(jpg)/d1s8987jlndkbs.cloudfront.net/assets/missing-item-4bbe82b8555e4d1c12626fd482cb2409713e8e30835645ff3650ef66a725d03c.png,"
Daves,Gerber Chicken Drumstick,$2.89 ,/lb,,/lb,[],,"https://www.instacart.com/image-server/257x257/filters:fill(FFF,true):format(jpg)/d2lnr5mha7bycj.cloudfront.net/product-image/file/large_10091e44-93ab-405a-b8bb-64c9f243cd0b.jpg,"
Daves,Boneless Chicken Tenders Family Pack,$5.49 ,/lb,,/lb,[],,"https://www.instacart.com/image-server/257x257/filters:fill(FFF,true):format(jpg)/d1s8987jlndkbs.cloudfront.net/assets/missing-item-4bbe82b8555e4d1c12626fd482cb2409713e8e30835645ff3650ef66a725d03c.png,"
Daves,Bone In Turkey Chop,$6.09 ,/lb,,/lb,[],,"https://www.instacart.com/image-server/257x257/filters:fill(FFF,true):format(jpg)/d1s8987jlndkbs.cloudfront.net/assets/missing-item-4bbe82b8555e4d1c12626fd482cb2409713e8e30835645ff3650ef66a725d03c.png,"
Daves,"Tyson Frozen Premium Whole Cornish Hen, 1.38 lb. (Frozen)",$5.49 ,,,22 oz,[],,"https://www.instacart.com/image-server/257x257/filters:fill(FFF,true):format(jpg)/d2lnr5mha7bycj.cloudfront.net/product-image/file/large_f4ac0d7a-143f-430f-bb36-85ae72cb4ed0.png,"
Daves,Honeysuckle White® 93% Lean / 7% Fat Ground Turkey Tray,$6.09 ,,,1 lb,[],,"https://www.instacart.com/image-server/257x257/filters:fill(FFF,true):format(jpg)/d2lnr5mha7bycj.cloudfront.net/product-image/file/large_11ef5c28-a5fe-49f9-b2ea-2852b28bb93e.jpg,"
Daves,Butterball Lower Sodium Turkey Bacon,$5.49 ,,,12 oz,[],,"https://www.instacart.com/image-server/257x257/filters:fill(FFF,true):format(jpg)/d2lnr5mha7bycj.cloudfront.net/product-image/file/large_d55531b4-0388-4bfc-acfb-7e97e7ece7ab.png,"
Daves,Chicken Wings Family Pack,$14.27 ,each (est.),$4.39 / lb,About 3.25 lb each,[],,"https://www.instacart.com/image-server/257x257/filters:fill(FFF,true):format(jpg)/d2lnr5mha7bycj.cloudfront.net/product-image/file/large_5c813a51-0f40-42a0-b332-a187dcbdc269.jpg,"
Daves,Butterball 10 to 12 Pound Frozen Turkey,$2.69 ,/lb,,/lb,[],,"https://www.instacart.com/image-server/257x257/filters:fill(FFF,true):format(jpg)/d2lnr5mha7bycj.cloudfront.net/product-image/file/large_0a4ba848-78fe-404c-8144-66d54c29749c.jpg,"
Daves,Godshall's Turkey Bacon,$7.69 ,,,12 oz,[],Many in stock,"https://www.instacart.com/image-server/257x257/filters:fill(FFF,true):format(jpg)/d2lnr5mha7bycj.cloudfront.net/product-image/file/large_9f45f69d-aefc-496a-8618-8ebda0f4a911.png,"
Daves,Smoked Turkey Tails,$5.49 ,/lb,,/lb,[],,"https://www.instacart.com/image-server/257x257/filters:fill(FFF,true):format(jpg)/d1s8987jlndkbs.cloudfront.net/assets/missing-item-4bbe82b8555e4d1c12626fd482cb2409713e8e30835645ff3650ef66a725d03c.png,"
Daves,Chef Ko Meats Turkey Wing,$5.49 ,/lb,,/lb,[],,"https://www.instacart.com/image-server/257x257/filters:fill(FFF,true):format(jpg)/d2lnr5mha7bycj.cloudfront.net/product-image/file/large_c4a1e011-c3e4-492a-bdb5-a48ee383f98d.jpg,"
Daves,Wolverine Meat Turkey Wings,$4.39 ,/lb,,/lb,[],,"https://www.instacart.com/image-server/257x257/filters:fill(FFF,true):format(jpg)/d2lnr5mha7bycj.cloudfront.net/product-image/file/large_0fe5c9ce-e90a-4d06-adf9-f93478d9d7e5.jpg,"
Daves,Chef Ko Meats Smoked Turkey Drumettes,$5.49 ,/lb,,/lb,[],,"https://www.instacart.com/image-server/257x257/filters:fill(FFF,true):format(jpg)/d1s8987jlndkbs.cloudfront.net/assets/missing-item-4bbe82b8555e4d1c12626fd482cb2409713e8e30835645ff3650ef66a725d03c.png,"
Daves,Daves Own Tub Buster Bulk Wings,$4.29 ,/lb,,/lb,[],,"https://www.instacart.com/image-server/257x257/filters:fill(FFF,true):format(jpg)/d1s8987jlndkbs.cloudfront.net/assets/missing-item-4bbe82b8555e4d1c12626fd482cb2409713e8e30835645ff3650ef66a725d03c.png,"
Daves,Whole Fryer,$2.19 ,/lb,,/lb,[],,"https://www.instacart.com/image-server/257x257/filters:fill(FFF,true):format(jpg)/d1s8987jlndkbs.cloudfront.net/assets/missing-item-4bbe82b8555e4d1c12626fd482cb2409713e8e30835645ff3650ef66a725d03c.png,"
Daves,10/14 Amish Turkey,$2.59 ,/lb,,/lb,[],,"https://www.instacart.com/image-server/257x257/filters:fill(FFF,true):format(jpg)/d1s8987jlndkbs.cloudfront.net/assets/missing-item-4bbe82b8555e4d1c12626fd482cb2409713e8e30835645ff3650ef66a725d03c.png,"
Daves,Panera Bread Broccoli Cheddar Soup Cup,$7.69 ,,,16 oz,[],,"https://www.instacart.com/image-server/257x257/filters:fill(FFF,true):format(jpg)/d2lnr5mha7bycj.cloudfront.net/product-image/file/large_f3e40fd0-0d5d-4788-ab91-97a2fb74a6de.png,"
Daves,"Campbell's Chunky® Soup, Chicken Broccoli Cheese Soup",$3.89 ,,,18.8 oz,[],,"https://www.instacart.com/image-server/257x257/filters:fill(FFF,true):format(jpg)/d2lnr5mha7bycj.cloudfront.net/product-image/file/large_b93a5e6a-009f-4f27-ae84-e18208c328fb.jpg,"
Daves,Panera Bread Broccoli Cheddar Soup Cup,$10.99 ,,,32 oz,[],,"https://www.instacart.com/image-server/257x257/filters:fill(FFF,true):format(jpg)/d2lnr5mha7bycj.cloudfront.net/product-image/file/large_ffb1410b-cebc-4363-b568-177924882ef0.png,"
Daves,"Campbell's Chunky® Soup, Chicken and Sausage Gumbo",$3.89 ,,,18.8 oz,[],,"https://www.instacart.com/image-server/257x257/filters:fill(FFF,true):format(jpg)/d2lnr5mha7bycj.cloudfront.net/product-image/file/large_ab8ae533-8bae-496a-9bb0-86b143d81522.jpg,"
Daves,"Campbell's Chunky® Soup, Baked Potato with Cheddar and Bacon Bits Soup",$3.89 ,,,18.8 oz,[],,"https://www.instacart.com/image-server/257x257/filters:fill(FFF,true):format(jpg)/d2lnr5mha7bycj.cloudfront.net/product-image/file/large_88b3f1ac-e9f7-4d47-a01e-480df4899536.jpg,"
Daves,"Campbell's Chunky® Soup, Chicken Corn Chowder Soup",$3.89 ,,,18.8 oz,[],,"https://www.instacart.com/image-server/257x257/filters:fill(FFF,true):format(jpg)/d2lnr5mha7bycj.cloudfront.net/product-image/file/large_7f87c3bc-9347-45ba-9556-aa4547f1f7cc.jpg,"
Daves,Campbell's Creamy Chicken Noodle Soup,$3.89 ,,,18.8 oz,[],,"https://www.instacart.com/image-server/257x257/filters:fill(FFF,true):format(jpg)/d2lnr5mha7bycj.cloudfront.net/product-image/file/large_d2f71039-0bb3-4266-bb44-dd3a892ca99f.jpg,"
Daves,Original price: $2.49,$2.19 ,,,16 oz,[],,"https://www.instacart.com/image-server/257x257/filters:fill(FFF,true):format(jpg)/d2lnr5mha7bycj.cloudfront.net/product-image/file/large_13ebe9d8-fa31-4b70-b874-00c8e67d273a.png,"
Daves,Panera Bread Chicken Noodle Soup Cup,$7.69 ,,,16 oz,[],,"https://www.instacart.com/image-server/257x257/filters:fill(FFF,true):format(jpg)/d2lnr5mha7bycj.cloudfront.net/product-image/file/large_45dd4d2b-50d0-46b2-b6df-60df64c3824f.png,"
Daves,Campbell's Steak and Potato Soup,$3.89 ,,,18.8 oz,[],,"https://www.instacart.com/image-server/257x257/filters:fill(FFF,true):format(jpg)/d2lnr5mha7bycj.cloudfront.net/product-image/file/large_a11c5483-5060-4db2-9e43-df45e6fcdc5a.jpg,"
Daves,Campbell's Pub-Style Chicken Pot Pie Soup,$3.89 ,,,18.8 oz,[],,"https://www.instacart.com/image-server/257x257/filters:fill(FFF,true):format(jpg)/d2lnr5mha7bycj.cloudfront.net/product-image/file/large_17f79305-3656-4216-b38b-65855b803c04.jpg,"
Daves,Original price: $3.69,$3.29 ,,,14 oz,[],Many in stock,"https://www.instacart.com/image-server/257x257/filters:fill(FFF,true):format(jpg)/d2lnr5mha7bycj.cloudfront.net/product-image/file/large_83142cf9-8f4a-4f9c-a781-bd56a7c77ec8.jpeg,"
Daves,Campbell's Classic Chicken Noodle Soup,$3.89 ,,,18.6 oz,[],,"https://www.instacart.com/image-server/257x257/filters:fill(FFF,true):format(jpg)/d2lnr5mha7bycj.cloudfront.net/product-image/file/large_19591074-a6e6-4c3a-b30a-45a069a81720.jpg,"
Daves,Campbell's Old Fashioned Vegetable Beef Soup,$3.89 ,,,18.8 oz,[],,"https://www.instacart.com/image-server/257x257/filters:fill(FFF,true):format(jpg)/d2lnr5mha7bycj.cloudfront.net/product-image/file/large_07eb2afc-a699-47e8-adab-e1e83402648a.jpg,"
Daves,Hormel Chili No Beans,$3.29 ,,,10.5 oz,[],,"https://www.instacart.com/image-server/257x257/filters:fill(FFF,true):format(jpg)/d2lnr5mha7bycj.cloudfront.net/product-image/file/large_b7d95ec1-3578-4198-a134-d21d6fd05d8f.JPG,"
Daves,Original price: $3.19,$2.99 ,,,16 oz,[],,"https://www.instacart.com/image-server/257x257/filters:fill(FFF,true):format(jpg)/d2lnr5mha7bycj.cloudfront.net/product-image/file/large_ecd3e5ce-ba51-4fb7-88bb-e18c19853d22.JPG,"
Daves,Original price: $4.99,$4.39 ,,,19 oz,[],,"https://www.instacart.com/image-server/257x257/filters:fill(FFF,true):format(jpg)/d2lnr5mha7bycj.cloudfront.net/product-image/file/large_3772f189-e89a-4445-a43a-e0dd1cac4374.jpg,"
Daves,"Campbell's Chunky® Soup, Creamy Chicken and Dumplings Soup",$3.89 ,,,18.8 oz,[],,"https://www.instacart.com/image-server/257x257/filters:fill(FFF,true):format(jpg)/d2lnr5mha7bycj.cloudfront.net/product-image/file/large_b1ac9bf3-377f-4e8e-b9d9-dfb975513fef.jpg,"
Daves,Campbell's Chicken Noodle Soup,$1.99 ,,,10.75 oz,[],,"https://www.instacart.com/image-server/257x257/filters:fill(FFF,true):format(jpg)/d2lnr5mha7bycj.cloudfront.net/product-image/file/large_78885ea7-5b15-4c4e-89e1-736e7fd6a281.jpg,"
Daves,Hormel Chili With Beans,$3.89 ,,,15 oz,[],,"https://www.instacart.com/image-server/257x257/filters:fill(FFF,true):format(jpg)/d2lnr5mha7bycj.cloudfront.net/product-image/file/large_699ede21-9225-4c35-a9e7-d15b545d5bb3.jpg,"
Daves,Chef Boyardee Spaghetti and Meatballs Canned Food,$2.19 ,,,14.5 oz,[],,"https://www.instacart.com/image-server/257x257/filters:fill(FFF,true):format(jpg)/d2lnr5mha7bycj.cloudfront.net/product-image/file/large_a1948f7f-2ade-41c4-b679-b271d9387a9f.jpeg,"
Daves,Campbell's Chicken with Rice Soup,$2.69 ,,,10.5 oz,[],,"https://www.instacart.com/image-server/257x257/filters:fill(FFF,true):format(jpg)/d2lnr5mha7bycj.cloudfront.net/product-image/file/large_78c3e937-af97-4a96-8393-d3e78083cf3d.jpg,"
Daves,Campbell's Chicken Noodle Soup,$2.69 ,,,10.5 oz,[],,"https://www.instacart.com/image-server/257x257/filters:fill(FFF,true):format(jpg)/d2lnr5mha7bycj.cloudfront.net/product-image/file/large_2a22e77d-e1c8-4e72-bb50-062acadf02ad.jpg,"
Daves,"Progresso Traditional, Chicken Noodle Soup",$4.29 ,,,19 oz,[],,"https://www.instacart.com/image-server/257x257/filters:fill(FFF,true):format(jpg)/d2lnr5mha7bycj.cloudfront.net/product-image/file/large_d0920f7c-e302-411a-bba0-3acd898cf440.png,"
Daves,Birds Eye Steamfresh Mixed Vegetables Frozen Vegetables,$3.29 ,,,10 oz,[],,"https://www.instacart.com/image-server/257x257/filters:fill(FFF,true):format(jpg)/d2lnr5mha7bycj.cloudfront.net/product-image/file/large_58df6363-7850-4d1a-a351-3ab9c3ad776c.jpg,"
Daves,Original price: $10.99,$9.39 ,,,52 oz,[],,"https://www.instacart.com/image-server/257x257/filters:fill(FFF,true):format(jpg)/d2lnr5mha7bycj.cloudfront.net/product-image/file/large_c946d8b7-4689-45c4-bcad-1c9ef3f9e79a.jpg,"
Daves,Birds Eye Extra Sweet Mini Corn On The Cob Frozen Vegetables,$6.59 ,,,12 ct,[],,"https://www.instacart.com/image-server/257x257/filters:fill(FFF,true):format(jpg)/d2lnr5mha7bycj.cloudfront.net/product-image/file/large_1494607b-8353-4aba-88b4-a9d09d1a5bf9.jpg,"
Daves,Green Giant Extra Sweet Corn on the Cob Mini Ears,$7.19 ,,,12 ct,[],,"https://www.instacart.com/image-server/257x257/filters:fill(FFF,true):format(jpg)/d2lnr5mha7bycj.cloudfront.net/product-image/file/large_52e7531f-9ae0-488c-a397-61dfd2d9245a.png,"
Daves,Birds Eye Baby Broccoli Florets Frozen Vegetables,$4.39 ,,,12.6 oz,[],,"https://www.instacart.com/image-server/257x257/filters:fill(FFF,true):format(jpg)/d2lnr5mha7bycj.cloudfront.net/product-image/file/large_790ac06a-44f4-44ff-a34d-e2bff83f465f.jpg,"
Daves,"Food Club Steamin' Easy, Broccoli & Cauliflower",$2.79 ,,,10.8 oz,[],,"https://www.instacart.com/image-server/257x257/filters:fill(FFF,true):format(jpg)/d2lnr5mha7bycj.cloudfront.net/product-image/file/large_13098b27-9fd4-4f2a-8fa3-59e38be6027b.png,"
Daves,Original price: $6.29,$5.49 ,,,4 each,[],,"https://www.instacart.com/image-server/257x257/filters:fill(FFF,true):format(jpg)/d2lnr5mha7bycj.cloudfront.net/product-image/file/large_e0ff4f36-eb08-4cb3-9c67-bb3853cc2b24.JPG,"
Daves,Birds Eye Steamfresh Super Sweet Corn Frozen Vegetables,$3.29 ,,,10 oz,[],,"https://www.instacart.com/image-server/257x257/filters:fill(FFF,true):format(jpg)/d2lnr5mha7bycj.cloudfront.net/product-image/file/large_d86f3175-dcb1-4b60-ae2a-7132120dce4b.jpg,"
Daves,Birds Eye Steamfresh Broccoli Florets Frozen Vegetables,$4.39 ,,,10.8 oz,[],,"https://www.instacart.com/image-server/257x257/filters:fill(FFF,true):format(jpg)/d2lnr5mha7bycj.cloudfront.net/product-image/file/large_1e40e298-1d44-4956-a6e1-6cf9ecd80230.jpg,"
Daves,Original price: $2.79,$2.19 ,,,10 oz,[],,"https://www.instacart.com/image-server/257x257/filters:fill(FFF,true):format(jpg)/d2lnr5mha7bycj.cloudfront.net/product-image/file/large_7ca84b27-b1ca-4b0c-ad15-b1aa5ed4bf93.png,"
Daves,Food Club Sweet Green Peas,$3.89 ,,,24 oz,[],,"https://www.instacart.com/image-server/257x257/filters:fill(FFF,true):format(jpg)/d2lnr5mha7bycj.cloudfront.net/product-image/file/large_d26c1bca-20a4-47d0-8cd8-2e034ecb19d7.png,"
Daves,Birds Eye Steamfresh Asparagus Spears Frozen Vegetables,$5.49 ,,,8 oz,[],,"https://www.instacart.com/image-server/257x257/filters:fill(FFF,true):format(jpg)/d2lnr5mha7bycj.cloudfront.net/product-image/file/large_26d10ce3-168b-408b-9a88-d4caea8231c5.jpeg,"
Daves,Birds Eye Steamfresh Family Size Super Sweet Corn Frozen Vegetable,$3.89 ,,,19 oz,[],,"https://www.instacart.com/image-server/257x257/filters:fill(FFF,true):format(jpg)/d2lnr5mha7bycj.cloudfront.net/product-image/file/large_7541cc80-f0a2-4f16-a250-a75b7e0e68ff.jpeg,"
Daves,"Food Club Green Beans, Cut",$3.89 ,,,24 oz,[],,"https://www.instacart.com/image-server/257x257/filters:fill(FFF,true):format(jpg)/d2lnr5mha7bycj.cloudfront.net/product-image/file/large_e2ecd675-7a2a-4e96-9044-16a0de2d2793.png,"
Daves,Birds Eye Steamfresh Sweet Peas Frozen Vegetables,$3.29 ,,,10 oz,[],,"https://www.instacart.com/image-server/257x257/filters:fill(FFF,true):format(jpg)/d2lnr5mha7bycj.cloudfront.net/product-image/file/large_9faf94b3-6638-471f-b2fd-ad28f708e2d7.jpg,"
Daves,Goya Cassava,$3.29 ,,,24 oz,[],,"https://www.instacart.com/image-server/257x257/filters:fill(FFF,true):format(jpg)/d2lnr5mha7bycj.cloudfront.net/product-image/file/large_cae25bcd-23d1-4e35-9343-760f07d60476.png,"
Daves,Pictsweet Farms Sweet Potato Patties,$4.39 ,,,16 oz,[],,"https://www.instacart.com/image-server/257x257/filters:fill(FFF,true):format(jpg)/d2lnr5mha7bycj.cloudfront.net/product-image/file/large_9d4edfe6-d6b8-4acf-8a06-4278f0960b08.png,"
Daves,Original price: $5.89,$5.49 ,,,28 oz,[],,"https://www.instacart.com/image-server/257x257/filters:fill(FFF,true):format(jpg)/d2lnr5mha7bycj.cloudfront.net/product-image/file/large_4c9b4e3d-ef7d-48a0-8174-9b26742579bc.png,"
Daves,"Pictsweet Farms Onions, Chopped",$3.29 ,,,10 oz,[],,"https://www.instacart.com/image-server/257x257/filters:fill(FFF,true):format(jpg)/d2lnr5mha7bycj.cloudfront.net/product-image/file/large_46e4848e-df35-445c-9abd-7ebae2742f3c.png,"
Daves,Original price: $2.99,$2.49 ,,,14 oz,[],,"https://www.instacart.com/image-server/257x257/filters:fill(FFF,true):format(jpg)/d2lnr5mha7bycj.cloudfront.net/product-image/file/large_2bb7d3c1-693b-49e9-a2e0-6787438d0ec8.jpg,"
Daves,Birds Eye Steamfresh Edamame Pod Frozen Vegetables,$4.39 ,,,10 oz,[],,"https://www.instacart.com/image-server/257x257/filters:fill(FFF,true):format(jpg)/d2lnr5mha7bycj.cloudfront.net/product-image/file/large_e005ef19-0eeb-4705-9edb-2723900f4d7e.jpeg,"
Daves,Pictsweet Farms Southern Classics Chopped Turnip Greens,$4.39 ,,,14 oz,[],,"https://www.instacart.com/image-server/257x257/filters:fill(FFF,true):format(jpg)/d2lnr5mha7bycj.cloudfront.net/product-image/file/large_fd0207e6-31a8-4387-8cd7-5a60e90dbe45.png,"
Daves,"Birds Eye Broccoli Florets, Cauliflower & Carrots Frozen Veg",$4.39 ,,,16 oz,[],,"https://www.instacart.com/image-server/257x257/filters:fill(FFF,true):format(jpg)/d2lnr5mha7bycj.cloudfront.net/product-image/file/large_52a6fa40-03dd-4166-b20c-fdbe32a62a37.jpg,"
Daves,"Green Giant Simply Steam Broccoli & Cheese Sauce, Sauced Frozen Vegetables",$4.19 ,,,12 oz,[],,"https://www.instacart.com/image-server/257x257/filters:fill(FFF,true):format(jpg)/d2lnr5mha7bycj.cloudfront.net/product-image/file/large_0443b185-e616-47f6-88d4-8e85ae8e84ac.png,"
Daves,Ore-Ida Potatoes O'Brien with Onions & Peppers Frozen Food Snacks,$7.69 ,,,28 oz,[],,"https://www.instacart.com/image-server/257x257/filters:fill(FFF,true):format(jpg)/d2lnr5mha7bycj.cloudfront.net/product-image/file/large_e742a5b7-e2d6-4050-a283-14e0300286c4.jpg,"
Daves,Original price: $6.59,$6.09 ,,,32 oz,[],,"https://www.instacart.com/image-server/257x257/filters:fill(FFF,true):format(jpg)/d2lnr5mha7bycj.cloudfront.net/product-image/file/large_a647baa0-64db-4ca0-b7b0-b1efc43192a1.JPG,"
Daves,Birds Eye Steamfresh Cut Green Beans Frozen Vegetables,$3.29 ,,,10 oz,[],,"https://www.instacart.com/image-server/257x257/filters:fill(FFF,true):format(jpg)/d2lnr5mha7bycj.cloudfront.net/product-image/file/large_84c66bbc-f5c5-497e-9579-a0b4a0d5a838.jpeg,"
Daves,Birds Eye Steamfresh Gold and White Corn Frozen Vegetable,$4.39 ,,,10.8 oz,[],,"https://www.instacart.com/image-server/257x257/filters:fill(FFF,true):format(jpg)/d2lnr5mha7bycj.cloudfront.net/product-image/file/large_b9244326-f5a3-4fff-aace-5aa113b5bb03.jpeg,"
Daves,Pictsweet Farms Field Peas with Snaps,$4.39 ,,,12 oz,[],,"https://www.instacart.com/image-server/257x257/filters:fill(FFF,true):format(jpg)/d2lnr5mha7bycj.cloudfront.net/product-image/file/large_f6386d8a-524b-4ac4-bed8-1bd2f9c73abc.png,"
