Store,Item Name,Price,Units,Unit Price,Amount,Tags,In Stock,Image
Fresh Thyme Market,Banana,$0.35 ,each (est.),$0.79 / lb,About 0.44 lb each,[],,"https://www.instacart.com/image-server/257x257/filters:fill(FFF,true):format(jpg)/d2lnr5mha7bycj.cloudfront.net/product-image/file/large_eea6ea6f-74a2-4eab-9cb8-1bc9e2efb961.png,"
Fresh Thyme Market,Original price: $1.09,$0.79 ,,,1 ct,[],Many in stock,"https://www.instacart.com/image-server/257x257/filters:fill(FFF,true):format(jpg)/d2lnr5mha7bycj.cloudfront.net/product-image/file/large_0251fd1d-37f3-47db-8e50-f3a2f4e0984e.png,"
Fresh Thyme Market,Organic Bananas,$0.30 ,each (est.),$0.89 / lb,About 0.34 lb each,['Organic'],,"https://www.instacart.com/image-server/257x257/filters:fill(FFF,true):format(jpg)/d2lnr5mha7bycj.cloudfront.net/product-image/file/large_716c0099-a1fb-4cbf-8af2-860a81f52b5e.png,"
Fresh Thyme Market,Original price: $5.39,$2.69 ,,,1 lb Container,[],Many in stock,"https://www.instacart.com/image-server/257x257/filters:fill(FFF,true):format(jpg)/d2lnr5mha7bycj.cloudfront.net/product-image/file/large_9f7d40d7-d914-4b87-804c-3c9e2ccada0f.png,"
Fresh Thyme Market,Original price: $4.29,$2.19 ,,,1 pint container,[],Many in stock,"https://www.instacart.com/image-server/257x257/filters:fill(FFF,true):format(jpg)/d2lnr5mha7bycj.cloudfront.net/product-image/file/large_3cdb545f-d353-41c9-a3a6-4d5278865224.png,"
Fresh Thyme Market,Lemon,$1.09 ,,,1 each,[],Many in stock,"https://www.instacart.com/image-server/257x257/filters:fill(FFF,true):format(jpg)/d2lnr5mha7bycj.cloudfront.net/product-image/file/large_32d76aa6-6676-470d-81ee-24a2e73550c5.png,"
Fresh Thyme Market,Raspberries Package,$4.29 ,,,6 oz Container,[],Many in stock,"https://www.instacart.com/image-server/257x257/filters:fill(FFF,true):format(jpg)/d2lnr5mha7bycj.cloudfront.net/product-image/file/large_0484cff0-827d-4da2-bd47-7887aae666ba.png,"
Fresh Thyme Market,Limes,$0.59 ,,,1 each,[],Many in stock,"https://www.instacart.com/image-server/257x257/filters:fill(FFF,true):format(jpg)/d2lnr5mha7bycj.cloudfront.net/product-image/file/large_2e7f6427-9d64-4594-a422-e2282f1b0cc3.png,"
Fresh Thyme Market,Original price: $4.29,$2.69 ,,,2 lb bag,['In season'],Many in stock,"https://www.instacart.com/image-server/257x257/filters:fill(FFF,true):format(jpg)/d2lnr5mha7bycj.cloudfront.net/product-image/file/large_048bdbf7-33c1-4ee2-9469-268168d5bc98.png,"
Fresh Thyme Market,Organic Blueberries Package,$5.39 ,,,6 oz Container,['Organic'],Many in stock,"https://www.instacart.com/image-server/257x257/filters:fill(FFF,true):format(jpg)/d2lnr5mha7bycj.cloudfront.net/product-image/file/large_701b2e31-5927-4522-9353-1ad8f12cdd2c.png,"
Fresh Thyme Market,Organic Hass Avocado,$2.19 ,,,1 each,['Organic'],Many in stock,"https://www.instacart.com/image-server/257x257/filters:fill(FFF,true):format(jpg)/d2lnr5mha7bycj.cloudfront.net/product-image/file/large_670150b6-7c97-4d17-8b68-e929fddcd167.png,"
Fresh Thyme Market,Honeycrisp Apple,$1.05 ,each (est.),$2.19 / lb,About 0.48 lb each,[],,"https://www.instacart.com/image-server/257x257/filters:fill(FFF,true):format(jpg)/d2lnr5mha7bycj.cloudfront.net/product-image/file/large_b11a95cd-6c86-46bd-8d0e-de0b6e6e91df.png,"
Fresh Thyme Market,Organic Strawberries,$7.59 ,,,1 ct,['Organic'],,"https://www.instacart.com/image-server/257x257/filters:fill(FFF,true):format(jpg)/d2lnr5mha7bycj.cloudfront.net/product-image/file/large_661e4efe-7442-483c-9d2a-1eacc3b8708b.png,"
Fresh Thyme Market,Organic Blackberries,$5.39 ,,,6 oz container,['Organic'],Many in stock,"https://www.instacart.com/image-server/257x257/filters:fill(FFF,true):format(jpg)/d2lnr5mha7bycj.cloudfront.net/product-image/file/large_ff6b3b65-c53d-4f9e-b0fa-15c0be5150ca.png,"
Fresh Thyme Market,Large Hass Avocados,$2.69 ,,,1 each,[],Many in stock,"https://www.instacart.com/image-server/257x257/filters:fill(FFF,true):format(jpg)/d2lnr5mha7bycj.cloudfront.net/product-image/file/large_5311af99-b199-415d-9f54-13701df3c112.png,"
Fresh Thyme Market,Original price: $4.29,$2.69 ,,,6 oz container,[],Many in stock,"https://www.instacart.com/image-server/257x257/filters:fill(FFF,true):format(jpg)/d2lnr5mha7bycj.cloudfront.net/product-image/file/large_48c523d6-08e9-412d-bf43-4ba15494d471.png,"
Fresh Thyme Market,Organic Lemon,$1.09 ,,,1 ct,['Organic'],Many in stock,"https://www.instacart.com/image-server/257x257/filters:fill(FFF,true):format(jpg)/d2lnr5mha7bycj.cloudfront.net/product-image/file/large_4923abac-01ce-4bf4-8de6-e2cb30478bcf.png,"
Fresh Thyme Market,Original price: $8.45,$6.48 ,/pkg (est.),$3.29 / lb,About 1.97 lb / package,[],,"https://www.instacart.com/image-server/257x257/filters:fill(FFF,true):format(jpg)/d2lnr5mha7bycj.cloudfront.net/product-image/file/large_403632e9-ba28-4000-ae68-f66aa02e8e1e.png,"
Fresh Thyme Market,Organic Raspberries Package,$5.39 ,,,6 oz Package,['Organic'],Many in stock,"https://www.instacart.com/image-server/257x257/filters:fill(FFF,true):format(jpg)/d2lnr5mha7bycj.cloudfront.net/product-image/file/large_46b5fd1a-a475-4fc9-932a-1db80fd4c5cf.png,"
Fresh Thyme Market,Mini Seedless Watermelon,$5.39 ,,,1 ct,[],Many in stock,"https://www.instacart.com/image-server/257x257/filters:fill(FFF,true):format(jpg)/d2lnr5mha7bycj.cloudfront.net/product-image/file/large_41cd510a-87e1-45b4-af42-ab750e336dcc.png,"
Fresh Thyme Market,Organic Honeycrisp Apple,$6.49 ,,,2 lb bag,['Organic'],Many in stock,"https://www.instacart.com/image-server/257x257/filters:fill(FFF,true):format(jpg)/d2lnr5mha7bycj.cloudfront.net/product-image/file/large_512d49b8-f906-46d6-a710-b19950995900.png,"
Fresh Thyme Market,Blueberries,$4.29 ,,,6 oz container,[],Many in stock,"https://www.instacart.com/image-server/257x257/filters:fill(FFF,true):format(jpg)/d2lnr5mha7bycj.cloudfront.net/product-image/file/large_ec401b48-ca48-4bf4-a969-241c6a68d921.png,"
Fresh Thyme Market,Original price: $1.47,$0.98 ,each (est.),$2.19 / lb,About 0.45 lb each,['Organic'],,"https://www.instacart.com/image-server/257x257/filters:fill(FFF,true):format(jpg)/d2lnr5mha7bycj.cloudfront.net/product-image/file/large_5af48967-f75b-46c3-a30b-5de611964054.png,"
Fresh Thyme Market,Red Mango,$2.19 ,,,1 ct,[],Many in stock,"https://www.instacart.com/image-server/257x257/filters:fill(FFF,true):format(jpg)/d2lnr5mha7bycj.cloudfront.net/product-image/file/large_3a7bffa9-952a-421e-8dad-0ce3b7089e9a.png,"
Fresh Thyme Market,Original price: $8.09,$5.39 ,,,2 lb container,[],,"https://www.instacart.com/image-server/257x257/filters:fill(FFF,true):format(jpg)/d2lnr5mha7bycj.cloudfront.net/product-image/file/large_4ab32a65-a8a1-443c-b6d5-3e5f26d49907.png,"
Fresh Thyme Market,Yellow Peach,$1.27 ,each (est.),$3.29 / lb,About 0.39 lb each,[],,"https://www.instacart.com/image-server/257x257/filters:fill(FFF,true):format(jpg)/d2lnr5mha7bycj.cloudfront.net/product-image/file/large_2599f9a8-fd15-469f-83fc-5ce2ecf4cdc3.png,"
Fresh Thyme Market,Pineapple,$3.29 ,,,,[],Many in stock,"https://www.instacart.com/image-server/257x257/filters:fill(FFF,true):format(jpg)/d2lnr5mha7bycj.cloudfront.net/product-image/file/large_9499db60-a6e9-4b4c-847d-f31fe6f4a202.png,"
Fresh Thyme Market,Lemon,$4.29 ,,,2 lb bag,[],Many in stock,"https://www.instacart.com/image-server/257x257/filters:fill(FFF,true):format(jpg)/d2lnr5mha7bycj.cloudfront.net/product-image/file/large_e576a716-ebd9-4d84-91a1-1034ae7b6356.png,"
Fresh Thyme Market,Fresh Thyme Market Pineapple Chunks,$6.49 ,,,20 oz,[],,"https://www.instacart.com/image-server/257x257/filters:fill(FFF,true):format(jpg)/d2lnr5mha7bycj.cloudfront.net/product-image/file/large_c48af219-5b19-4547-8025-9777e6041d1f.png,"
Fresh Thyme Market,Cotton Candy Grapes,$5.39 ,/lb,,/lb,[],,"https://www.instacart.com/image-server/257x257/filters:fill(FFF,true):format(jpg)/d2lnr5mha7bycj.cloudfront.net/product-image/file/large_fcb1d7c6-fd4b-4220-96ec-083c669025ba.png,"
Fresh Thyme Market,Seedless Watermelon,$8.59 ,,,,[],,"https://www.instacart.com/image-server/257x257/filters:fill(FFF,true):format(jpg)/d2lnr5mha7bycj.cloudfront.net/product-image/file/large_188252d9-cbc8-4921-8e08-7502a70ad7bc.png,"
Fresh Thyme Market,Organic Green Seedless Grapes,$11.10 ,/pkg (est.),$5.39 / lb,About 2.06 lb / package,['Organic'],,"https://www.instacart.com/image-server/257x257/filters:fill(FFF,true):format(jpg)/d2lnr5mha7bycj.cloudfront.net/product-image/file/large_61d0c8b4-671e-4828-8f71-bc1e9a279549.png,"
Fresh Thyme Market,Original price: $8.92,$6.84 ,/pkg (est.),$3.29 / lb,About 2.08 lb / package,[],,"https://www.instacart.com/image-server/257x257/filters:fill(FFF,true):format(jpg)/d2lnr5mha7bycj.cloudfront.net/product-image/file/large_985551d5-43a7-4b0d-ac24-f1c48e413242.png,"
Fresh Thyme Market,Original price: $4.29,$2.69 ,,,3 lb bag,['In season'],Many in stock,"https://www.instacart.com/image-server/257x257/filters:fill(FFF,true):format(jpg)/d2lnr5mha7bycj.cloudfront.net/product-image/file/large_17e82f18-3e46-42f9-8c2f-674e618ddf69.png,"
Fresh Thyme Market,Bartlett Pear,$0.97 ,each (est.),$2.19 / lb,About 0.44 lb each,[],,"https://www.instacart.com/image-server/257x257/filters:fill(FFF,true):format(jpg)/d2lnr5mha7bycj.cloudfront.net/product-image/file/large_4ffc5e8e-4f55-4b32-8c3c-257b33552489.png,"
Fresh Thyme Market,Yellow Nectarine,$1.23 ,each (est.),$3.29 / lb,About 0.38 lb each,[],,"https://www.instacart.com/image-server/257x257/filters:fill(FFF,true):format(jpg)/d2lnr5mha7bycj.cloudfront.net/product-image/file/large_346e9373-0b5f-4c07-834b-4914c0fe9afc.png,"
Fresh Thyme Market,Heirloom Navel Orange,$1.20 ,each (est.),$1.89 / lb,About 0.64 lb each,['In season'],,"https://www.instacart.com/image-server/257x257/filters:fill(FFF,true):format(jpg)/d2lnr5mha7bycj.cloudfront.net/product-image/file/large_1df91bbc-bc85-4499-9964-50018b704a99.png,"
Fresh Thyme Market,Organic Gala Apple,$5.39 ,,,2 lb bag,['Organic'],Many in stock,"https://www.instacart.com/image-server/257x257/filters:fill(FFF,true):format(jpg)/d2lnr5mha7bycj.cloudfront.net/product-image/file/large_58a565c9-9b1c-4a8e-9fad-25393968b6e9.png,"
Fresh Thyme Market,Green Kiwi,$0.79 ,,,,[],Many in stock,"https://www.instacart.com/image-server/257x257/filters:fill(FFF,true):format(jpg)/d2lnr5mha7bycj.cloudfront.net/product-image/file/large_ec124926-4143-4bdb-add7-dea271d4ec88.png,"
Fresh Thyme Market,Cantaloupe,$4.29 ,,,,[],Many in stock,"https://www.instacart.com/image-server/257x257/filters:fill(FFF,true):format(jpg)/d2lnr5mha7bycj.cloudfront.net/product-image/file/large_a8cf4076-61e2-4f40-96da-18dac6f42a14.png,"
Fresh Thyme Market,Cucumber,$1.69 ,,,1 each,[],Many in stock,"https://www.instacart.com/image-server/257x257/filters:fill(FFF,true):format(jpg)/d2lnr5mha7bycj.cloudfront.net/product-image/file/large_36af0efa-d93d-4c34-88d0-632dfb0a0542.png,"
Fresh Thyme Market,Red Bell Pepper,$2.19 ,,,,[],Many in stock,"https://www.instacart.com/image-server/257x257/filters:fill(FFF,true):format(jpg)/d2lnr5mha7bycj.cloudfront.net/product-image/file/large_577cb8a7-dba4-424d-a178-c56d73338427.png,"
Fresh Thyme Market,Broccoli Crown,$1.77 ,each (est.),$2.19 / lb,About 0.81 lb each,[],,"https://www.instacart.com/image-server/257x257/filters:fill(FFF,true):format(jpg)/d2lnr5mha7bycj.cloudfront.net/product-image/file/large_2631b361-6449-4c67-baa4-5ee4e75075cd.png,"
Fresh Thyme Market,Yellow Onion,$1.03 ,each (est.),$1.39 / lb,About 0.74 lb each,[],,"https://www.instacart.com/image-server/257x257/filters:fill(FFF,true):format(jpg)/d2lnr5mha7bycj.cloudfront.net/product-image/file/large_855659de-602c-4cb6-97a0-e6d5739a664b.png,"
Fresh Thyme Market,Roma Tomato,$0.53 ,each (est.),$2.19 / lb,About 0.24 lb each,[],,"https://www.instacart.com/image-server/257x257/filters:fill(FFF,true):format(jpg)/d2lnr5mha7bycj.cloudfront.net/product-image/file/large_618ecd8d-4578-40fc-a60a-31befc995aa8.png,"
Fresh Thyme Market,Green Onions (Scallions),$1.69 ,,,1 bunch,[],Many in stock,"https://www.instacart.com/image-server/257x257/filters:fill(FFF,true):format(jpg)/d2lnr5mha7bycj.cloudfront.net/product-image/file/large_9891f79e-47b5-40bf-b995-ba1eaa38049e.png,"
Fresh Thyme Market,Cilantro,$1.09 ,,,1 ct,[],Many in stock,"https://www.instacart.com/image-server/257x257/filters:fill(FFF,true):format(jpg)/d2lnr5mha7bycj.cloudfront.net/product-image/file/large_82597e8d-57d3-468e-b88c-64a6a832e498.png,"
Fresh Thyme Market,Sweet Potato (Yam),$1.06 ,each (est.),$1.39 / lb,About 0.76 lb each,[],,"https://www.instacart.com/image-server/257x257/filters:fill(FFF,true):format(jpg)/d2lnr5mha7bycj.cloudfront.net/product-image/file/large_a0360403-b6c9-4211-8021-a3fa2ea3e281.png,"
Fresh Thyme Market,Cal-Organic Farms Petite Carrots,$2.69 ,,,12 oz,"['In season', 'Organic']",Many in stock,"https://www.instacart.com/image-server/257x257/filters:fill(FFF,true):format(jpg)/d2lnr5mha7bycj.cloudfront.net/product-image/file/large_061bc62d-6b9b-496f-aafc-85827f7376d5.png,"
Fresh Thyme Market,Garlic,$0.79 ,,,1 each,[],Many in stock,"https://www.instacart.com/image-server/257x257/filters:fill(FFF,true):format(jpg)/d2lnr5mha7bycj.cloudfront.net/product-image/file/large_b05ff317-0c13-4e50-ba7b-1e4f571a6795.png,"
Fresh Thyme Market,Original price: $4.46,$2.28 ,each (est.),$2.19 / lb,About 1.04 lb each,[],,"https://www.instacart.com/image-server/257x257/filters:fill(FFF,true):format(jpg)/d2lnr5mha7bycj.cloudfront.net/product-image/file/large_4b8a30e1-982e-4d55-8100-a9ec2132bde7.png,"
Fresh Thyme Market,Green Bell Pepper,$1.69 ,,,1 each,[],Many in stock,"https://www.instacart.com/image-server/257x257/filters:fill(FFF,true):format(jpg)/d2lnr5mha7bycj.cloudfront.net/product-image/file/large_5967f9df-e9ac-4918-a2dc-07576fdda15e.png,"
Fresh Thyme Market,Original price: $2.19,$1.69 ,,,1 ct,[],Many in stock,"https://www.instacart.com/image-server/257x257/filters:fill(FFF,true):format(jpg)/d2lnr5mha7bycj.cloudfront.net/product-image/file/large_1e9fe404-8fdb-4a75-9c16-666d43d13b99.png,"
Fresh Thyme Market,Sweet Onion,$1.15 ,each (est.),$1.69 / lb,About 0.68 lb each,[],,"https://www.instacart.com/image-server/257x257/filters:fill(FFF,true):format(jpg)/d2lnr5mha7bycj.cloudfront.net/product-image/file/large_3a4e955a-53a2-4f98-9884-75ecc8c85cda.png,"
Fresh Thyme Market,NatureSweet Cherubs Heavenly Salad Tomatoes,$4.29 ,,,10 oz,[],Many in stock,"https://www.instacart.com/image-server/257x257/filters:fill(FFF,true):format(jpg)/d2lnr5mha7bycj.cloudfront.net/product-image/file/large_b74bc25d-b569-464a-a44f-8a0d5d2d2c29.png,"
Fresh Thyme Market,Red Onion,$1.32 ,each (est.),$1.89 / lb,About 0.7 lb each,[],,"https://www.instacart.com/image-server/257x257/filters:fill(FFF,true):format(jpg)/d2lnr5mha7bycj.cloudfront.net/product-image/file/large_da1a5c21-acb7-4c3b-9e84-684b710c40b2.png,"
Fresh Thyme Market,Organic Cucumber,$2.19 ,,,1 ct,['Organic'],Many in stock,"https://www.instacart.com/image-server/257x257/filters:fill(FFF,true):format(jpg)/d2lnr5mha7bycj.cloudfront.net/product-image/file/large_1dce7626-b172-45ed-847c-fd47957cca8a.png,"
Fresh Thyme Market,Organic Baby Spinach,$4.29 ,,,5 oz container,['Organic'],Many in stock,"https://www.instacart.com/image-server/257x257/filters:fill(FFF,true):format(jpg)/d2lnr5mha7bycj.cloudfront.net/product-image/file/large_f2c498eb-efcb-46e0-8b54-3481ab17bf50.png,"
Fresh Thyme Market,Organic Carrot Bag,$1.69 ,,,1 lb bag,"['In season', 'Organic']",Many in stock,"https://www.instacart.com/image-server/257x257/filters:fill(FFF,true):format(jpg)/d2lnr5mha7bycj.cloudfront.net/product-image/file/large_5dced2d3-248a-41f2-b8a1-a20f1ec9b5f9.png,"
Fresh Thyme Market,Jalapeno Pepper,$0.35 ,/pkg (est.),$2.19 / lb,About 0.16 lb / package,[],,"https://www.instacart.com/image-server/257x257/filters:fill(FFF,true):format(jpg)/d2lnr5mha7bycj.cloudfront.net/product-image/file/large_8810eb6e-06ee-4244-9205-f1af505277e0.png,"
Fresh Thyme Market,Organic Green Onions (Scallions),$1.69 ,,,1 bunch,['Organic'],Many in stock,"https://www.instacart.com/image-server/257x257/filters:fill(FFF,true):format(jpg)/d2lnr5mha7bycj.cloudfront.net/product-image/file/large_47e08866-194a-479c-9389-ee4a010998a3.png,"
Fresh Thyme Market,Russet Potato,$0.87 ,each (est.),$1.09 / lb,About 0.8 lb each,[],,"https://www.instacart.com/image-server/257x257/filters:fill(FFF,true):format(jpg)/d2lnr5mha7bycj.cloudfront.net/product-image/file/large_6cf871eb-309b-4092-b4eb-bbf6269370d3.png,"
Fresh Thyme Market,Romaine Lettuce,$2.19 ,,,1 ct,[],Many in stock,"https://www.instacart.com/image-server/257x257/filters:fill(FFF,true):format(jpg)/d2lnr5mha7bycj.cloudfront.net/product-image/file/large_e3b2d39c-96b7-4f2e-af88-07e8010c25ee.png,"
Fresh Thyme Market,Yellow Bell Pepper,$2.19 ,,,,[],Many in stock,"https://www.instacart.com/image-server/257x257/filters:fill(FFF,true):format(jpg)/d2lnr5mha7bycj.cloudfront.net/product-image/file/large_78aa76d4-8a73-4ef8-97a8-65f85ee07eb0.png,"
Fresh Thyme Market,Green Beans,$2.37 ,each (est.),$2.19 / lb,About 1.08 lb each,[],,"https://www.instacart.com/image-server/257x257/filters:fill(FFF,true):format(jpg)/d2lnr5mha7bycj.cloudfront.net/product-image/file/large_bde0f8fe-a5cb-4c2c-860c-a12332feb7d3.png,"
Fresh Thyme Market,Organic Celery,$2.19 ,,,1 ct,['Organic'],,"https://www.instacart.com/image-server/257x257/filters:fill(FFF,true):format(jpg)/d2lnr5mha7bycj.cloudfront.net/product-image/file/large_d9131eb1-c8c1-4711-ba56-1f4696016fde.png,"
Fresh Thyme Market,Orange Bell Pepper,$2.19 ,,,,[],Many in stock,"https://www.instacart.com/image-server/257x257/filters:fill(FFF,true):format(jpg)/d2lnr5mha7bycj.cloudfront.net/product-image/file/large_34ac9d4d-a124-4676-929e-6d87e0c35b98.png,"
Fresh Thyme Market,Original price: $3.29,$2.19 ,,,5 lb bag,[],Many in stock,"https://www.instacart.com/image-server/257x257/filters:fill(FFF,true):format(jpg)/d2lnr5mha7bycj.cloudfront.net/product-image/file/large_a4f8a9c7-1711-45c6-8c40-6e183ae88f99.png,"
Fresh Thyme Market,Red On the Vine Tomato,$1.12 ,each (est.),$3.29 / lb,About 0.34 lb each,[],,"https://www.instacart.com/image-server/257x257/filters:fill(FFF,true):format(jpg)/d2lnr5mha7bycj.cloudfront.net/product-image/file/large_769be227-b5e8-45f7-a480-f743dfd0fa21.png,"
Fresh Thyme Market,"Highline Mushrooms Mushrooms, Organic, Mini",$2.99 ,,,8 oz container,['Organic'],,"https://www.instacart.com/image-server/257x257/filters:fill(FFF,true):format(jpg)/d2lnr5mha7bycj.cloudfront.net/product-image/file/large_024a4884-b510-497d-8586-7d88f9afb940.png,"
Fresh Thyme Market,Fresh Express Spinach,$2.69 ,,,8 oz,[],Many in stock,"https://www.instacart.com/image-server/257x257/filters:fill(FFF,true):format(jpg)/d2lnr5mha7bycj.cloudfront.net/product-image/file/large_1742e3f0-22c9-4221-981d-5c042c9886f2.png,"
Fresh Thyme Market,Original price: $2.19,$1.09 ,,,"Original price: $2.19
$2.19",[],,"https://www.instacart.com/image-server/257x257/filters:fill(FFF,true):format(jpg)/d2lnr5mha7bycj.cloudfront.net/product-image/file/large_0b924f1d-729c-4bfe-8eae-2214794f88a9.png,"
Fresh Thyme Market,Zucchini Squash,$0.91 ,each (est.),$2.19 / lb,About 0.42 lb each,[],,"https://www.instacart.com/image-server/257x257/filters:fill(FFF,true):format(jpg)/d2lnr5mha7bycj.cloudfront.net/product-image/file/large_6a161547-1e96-46df-a4af-bea04c12db56.png,"
Fresh Thyme Market,Josie’s Organics Organic Baby Spinach & Baby Kale,$4.29 ,,,5 oz,['Organic'],,"https://www.instacart.com/image-server/257x257/filters:fill(FFF,true):format(jpg)/d2lnr5mha7bycj.cloudfront.net/product-image/file/large_2fece720-b634-4e68-90dc-bda50f3e2194.png,"
Fresh Thyme Market,Organic Zucchini Squash,$1.59 ,each (est.),$4.29 / lb,About 0.37 lb each,['Organic'],,"https://www.instacart.com/image-server/257x257/filters:fill(FFF,true):format(jpg)/d2lnr5mha7bycj.cloudfront.net/product-image/file/large_76faabe6-f3cd-4db1-bec7-b322e6b4048b.png,"
Fresh Thyme Market,Original price: $4.82,$3.72 ,each (est.),$1.69 / lb,About 2.2 lb each,[],,"https://www.instacart.com/image-server/257x257/filters:fill(FFF,true):format(jpg)/d2lnr5mha7bycj.cloudfront.net/product-image/file/large_fbb20e19-c221-4cf9-b53f-1e771f08fd3d.png,"
Fresh Thyme Market,Original price: $2.79,$2.15 ,each (est.),$1.69 / lb,About 1.28 lb each,[],,"https://www.instacart.com/image-server/257x257/filters:fill(FFF,true):format(jpg)/d2lnr5mha7bycj.cloudfront.net/product-image/file/large_dc39db53-0eb7-40bb-b845-6de6b0adf3b2.png,"
Fresh Thyme Market,Organic Cilantro,$2.19 ,,,1 ct,['Organic'],,"https://www.instacart.com/image-server/257x257/filters:fill(FFF,true):format(jpg)/d2lnr5mha7bycj.cloudfront.net/product-image/file/large_22814842-b6fb-4e85-a426-8b42eff18c9e.png,"
Fresh Thyme Market,"Grimmway Farms Carrots, Organic, Shredded",$2.19 ,,,10 oz bag,"['In season', 'Organic']",,"https://www.instacart.com/image-server/257x257/filters:fill(FFF,true):format(jpg)/d2lnr5mha7bycj.cloudfront.net/product-image/file/large_457eaec2-c157-4bbc-8242-cc3b4e89ba68.png,"
Fresh Thyme Market,Original price: $6.00,$4.00 ,each (est.),$2.19 / lb,About 1.83 lb each,[],,"https://www.instacart.com/image-server/257x257/filters:fill(FFF,true):format(jpg)/d2lnr5mha7bycj.cloudfront.net/product-image/file/large_cf0dd565-463c-475a-bd59-be7f4a25327a.png,"
Fresh Thyme Market,Organic Boneless Skinless Chicken Breast,$9.69 ,/lb,,/lb,['Organic'],,"https://www.instacart.com/image-server/257x257/filters:fill(FFF,true):format(jpg)/d2lnr5mha7bycj.cloudfront.net/product-image/file/large_1b4685a0-710c-44c8-9b8e-f3248b749293.png,"
Fresh Thyme Market,"HIPPEAS Chickpea Puffs, Vegan White Cheddar",$4.29 ,,,4 oz,"['Gluten-Free', 'Vegan']",,"https://www.instacart.com/image-server/257x257/filters:fill(FFF,true):format(jpg)/d2lnr5mha7bycj.cloudfront.net/product-image/file/large_7e1b062b-5106-4667-b911-97df27049451.png,"
Fresh Thyme Market,"OLIPOP Prebiotic Soda, Ginger Ale",$2.69 ,,,12 fl oz,[],,"https://www.instacart.com/image-server/257x257/filters:fill(FFF,true):format(jpg)/d2lnr5mha7bycj.cloudfront.net/product-image/file/large_cc890951-2996-44de-a4e2-f71bd76e2070.png,"
Fresh Thyme Market,Original price: $12.89,$10.79 ,/lb,,"/lb
Original price: $12.89
$12.89",[],,"https://www.instacart.com/image-server/257x257/filters:fill(FFF,true):format(jpg)/d2lnr5mha7bycj.cloudfront.net/product-image/file/large_a9ededa0-70fd-45b5-adbd-3c22e9f2dde2.png,"
Fresh Thyme Market,Original price: $8.99,$8.59 ,,,16 oz,['Organic'],,"https://www.instacart.com/image-server/257x257/filters:fill(FFF,true):format(jpg)/d2lnr5mha7bycj.cloudfront.net/product-image/file/large_d9bde381-59eb-405b-b809-07759b7ba8cb.jpg,"
Fresh Thyme Market,Applewood Smoked Bacon,$6.99 ,/lb,,/lb,[],,"https://www.instacart.com/image-server/257x257/filters:fill(FFF,true):format(jpg)/d2lnr5mha7bycj.cloudfront.net/product-image/file/large_bc85b660-c034-4ca6-b493-c0790102ec76.png,"
Fresh Thyme Market,"Sabra Hummus, Classic",$4.89 ,,,10 oz,['Vegan'],,"https://www.instacart.com/image-server/257x257/filters:fill(FFF,true):format(jpg)/d2lnr5mha7bycj.cloudfront.net/product-image/file/large_513b18be-0abe-4fb9-b918-b85e42fde964.png,"
Fresh Thyme Market,"OLIPOP Prebiotic Soda, Classic Grape",$2.69 ,,,12 fl oz,[],,"https://www.instacart.com/image-server/257x257/filters:fill(FFF,true):format(jpg)/d2lnr5mha7bycj.cloudfront.net/product-image/file/large_edd01d07-5f72-47bd-9740-c25e1c2640b7.png,"
Fresh Thyme Market,Original price: $19.39,$7.59 ,/lb,,"/lb
Original price: $19.39
$19.39",[],Many in stock,"https://www.instacart.com/image-server/257x257/filters:fill(FFF,true):format(jpg)/d2lnr5mha7bycj.cloudfront.net/product-image/file/large_4fe9e0bd-1bdc-4d00-97ba-603177d33211.png,"
Fresh Thyme Market,Original price: $4.29,$3.29 ,,,16 oz,[],,"https://www.instacart.com/image-server/257x257/filters:fill(FFF,true):format(jpg)/d2lnr5mha7bycj.cloudfront.net/product-image/file/large_5086ddb1-3c47-428a-9704-d6aaad9afb3a.png,"
Fresh Thyme Market,"OLIPOP Prebiotic Soda, Cream Soda",$2.69 ,,,12 fl oz,[],,"https://www.instacart.com/image-server/257x257/filters:fill(FFF,true):format(jpg)/d2lnr5mha7bycj.cloudfront.net/product-image/file/large_915583b0-8582-4975-951e-37946ce6d904.jpg,"
Fresh Thyme Market,"JonnyPops Fruit Stacks, Organic, Rainbow",$6.69 ,,,8 x 1.85 fl oz,"['Gluten-Free', 'Vegan']",,"https://www.instacart.com/image-server/257x257/filters:fill(FFF,true):format(jpg)/d2lnr5mha7bycj.cloudfront.net/product-image/file/large_5c7457d4-298a-47a7-93d7-e5ff8a72b3ab.png,"
Fresh Thyme Market,Fresh Thyme Market 4-Cheese Mexican Blend Shredded Cheese,$3.79 ,,,8 oz,[],,"https://www.instacart.com/image-server/257x257/filters:fill(FFF,true):format(jpg)/d2lnr5mha7bycj.cloudfront.net/product-image/file/large_982358fb-d1b4-427e-b46c-b203f3f1cbd3.png,"
Fresh Thyme Market,Fresh Thyme Market Large Grade A Cage Free Brown Eggs,$3.29 ,,,,[],,"https://www.instacart.com/image-server/257x257/filters:fill(FFF,true):format(jpg)/d2lnr5mha7bycj.cloudfront.net/product-image/file/large_1b11389d-9d2c-47ed-8c9d-524ff3d6a5a9.png,"
Fresh Thyme Market,Fresh Thyme Market Purified Drinking Water,$4.29 ,,,24 x 16.9 fl oz,[],Many in stock,"https://www.instacart.com/image-server/257x257/filters:fill(FFF,true):format(jpg)/d2lnr5mha7bycj.cloudfront.net/product-image/file/large_c802c320-7462-4eab-88c5-10d53e0b3dd4.png,"
Fresh Thyme Market,King's Hawaiian Original Hawaiian Sweet Rolls 12PK,$5.99 ,,,12 x 1 oz,[],,"https://www.instacart.com/image-server/257x257/filters:fill(FFF,true):format(jpg)/d2lnr5mha7bycj.cloudfront.net/product-image/file/large_ad78fdda-d405-4935-b0ce-977942d8fc41.jpg,"
Fresh Thyme Market,10 Stem Tulip Bouquet (Colors May Vary),$9.69 ,,,,[],,"https://www.instacart.com/image-server/257x257/filters:fill(FFF,true):format(jpg)/d2lnr5mha7bycj.cloudfront.net/product-image/file/large_808aee2c-1b87-43d7-b053-94898c27e198.png,"
Fresh Thyme Market,"Love Beets Baby Beets, Marinated, Organic Classic Vinegar",$4.29 ,,,6.5 oz,[],,"https://www.instacart.com/image-server/257x257/filters:fill(FFF,true):format(jpg)/d2lnr5mha7bycj.cloudfront.net/product-image/file/large_f6a1b763-b36d-4241-9023-5edf14dfdae1.png,"
Fresh Thyme Market,Fresh Thyme Market Salted Butter Quarters,$4.89 ,,,16 oz,[],Many in stock,"https://www.instacart.com/image-server/257x257/filters:fill(FFF,true):format(jpg)/d2lnr5mha7bycj.cloudfront.net/product-image/file/large_4e409c7d-2c19-4c7b-89ac-f537475c4203.png,"
Fresh Thyme Market,Original price: $3.59,$3.29 ,,,10 ct,[],,"https://www.instacart.com/image-server/257x257/filters:fill(FFF,true):format(jpg)/d2lnr5mha7bycj.cloudfront.net/product-image/file/large_6fdc69a7-f605-4d6c-94ea-1ef33a699dce.jpg,"
Fresh Thyme Market,Original price: $13.18,$11.57 ,/pkg (est.),$15.09 / lb,About 0.77 lb / package,[],,"https://www.instacart.com/image-server/257x257/filters:fill(FFF,true):format(jpg)/d2lnr5mha7bycj.cloudfront.net/product-image/file/large_e9247d5d-9441-468f-ad43-d8be64136216.png,"
Fresh Thyme Market,Boar's Head Ovengold Roasted Turkey Breast,$14.59 ,/lb,,$0.91/oz,[],,"https://www.instacart.com/image-server/257x257/filters:fill(FFF,true):format(jpg)/d2lnr5mha7bycj.cloudfront.net/product-image/file/large_679bec29-8e3e-47ca-95ea-13eef26fcc4f.png,"
Fresh Thyme Market,Fresh Thyme Market Heavy Whipping Cream,$2.69 ,,,8 fl oz,[],Many in stock,"https://www.instacart.com/image-server/257x257/filters:fill(FFF,true):format(jpg)/d2lnr5mha7bycj.cloudfront.net/product-image/file/large_98222b3e-909e-4cc0-9ac8-dda207f2b267.png,"
Fresh Thyme Market,Fresh Thyme Market NFC Orange Juice,$3.79 ,,,52 fl oz,[],,"https://www.instacart.com/image-server/257x257/filters:fill(FFF,true):format(jpg)/d2lnr5mha7bycj.cloudfront.net/product-image/file/large_961a36c7-0fb9-46bf-8f41-6f930e6b4432.png,"
Fresh Thyme Market,Fresh Thyme Market Vitamin D Milk,$3.79 ,,,1 gal,[],,"https://www.instacart.com/image-server/257x257/filters:fill(FFF,true):format(jpg)/d2lnr5mha7bycj.cloudfront.net/product-image/file/large_2d6468f1-0347-44b4-9837-38bf332e6d51.png,"
Fresh Thyme Market,Fresh Thyme Market Extra Firm Organic Tofu,$2.69 ,,,12 oz,[],,"https://www.instacart.com/image-server/257x257/filters:fill(FFF,true):format(jpg)/d2lnr5mha7bycj.cloudfront.net/product-image/file/large_17157139-9179-4737-9782-3d55b1efdbf7.png,"
Fresh Thyme Market,Original price: $7.59,$5.69 ,,,8 fl oz,['Organic'],Many in stock,"https://www.instacart.com/image-server/257x257/filters:fill(FFF,true):format(jpg)/d2lnr5mha7bycj.cloudfront.net/product-image/file/large_4728deb7-c239-4e2a-af9f-08c8a09725f9.png,"
Fresh Thyme Market,Fresh Thyme Market Organic Black Beans,$1.39 ,,,15 oz,[],Many in stock,"https://www.instacart.com/image-server/257x257/filters:fill(FFF,true):format(jpg)/d2lnr5mha7bycj.cloudfront.net/product-image/file/large_c7913500-88a9-4952-b8d0-952803c5b554.png,"
Fresh Thyme Market,Snack Factory Original Pretzel Crisps,$4.69 ,,,7.2 oz,[],,"https://www.instacart.com/image-server/257x257/filters:fill(FFF,true):format(jpg)/d2lnr5mha7bycj.cloudfront.net/product-image/file/large_997453b7-4d5d-4fe8-9ed4-098c0e1d0a35.jpg,"
Fresh Thyme Market,"Xochitl Corn Chips, White, Sea Salt, Mexican Style",$4.99 ,,,12 oz,"['Gluten-Free', 'Vegan']",,"https://www.instacart.com/image-server/257x257/filters:fill(FFF,true):format(jpg)/d2lnr5mha7bycj.cloudfront.net/product-image/file/large_89812654-ed9f-49f3-a754-f012d32a150e.png,"
Fresh Thyme Market,Fresh Thyme Market Peanut Butter Stuffed Pretzels,$7.99 ,,,24 oz,[],Many in stock,"https://www.instacart.com/image-server/257x257/filters:fill(FFF,true):format(jpg)/d2lnr5mha7bycj.cloudfront.net/product-image/file/large_a0216c6f-8d1d-4125-9d4c-8a7e364ff569.png,"
Fresh Thyme Market,Luna Lemonzest Snack-Size Whole Nutrition Bars,$10.79 ,,,10 x 8.1 oz,"['Organic', 'Gluten-Free']",,"https://www.instacart.com/image-server/257x257/filters:fill(FFF,true):format(jpg)/d2lnr5mha7bycj.cloudfront.net/product-image/file/large_c7e106aa-d3fa-432e-bfbd-462c8fb00892.jpg,"
Fresh Thyme Market,"Simple Mills Almond Flour Crackers, Fine Ground Sea Salt",$5.39 ,,,4.25 oz,"['Gluten-Free', 'Vegan']",,"https://www.instacart.com/image-server/257x257/filters:fill(FFF,true):format(jpg)/d2lnr5mha7bycj.cloudfront.net/product-image/file/large_bf8676d7-e7ac-4a78-8e06-5fb0ecb0e3da.png,"
Fresh Thyme Market,"GoGo Squeez Applesauce On The Go Pouches, Variety",$12.89 ,,,12 x 3.2 oz,"['Gluten-Free', 'Organic']",,"https://www.instacart.com/image-server/257x257/filters:fill(FFF,true):format(jpg)/d2lnr5mha7bycj.cloudfront.net/product-image/file/large_e71655e1-3697-448a-95b2-4aa5695804b4.png,"
Fresh Thyme Market,"LesserEvil Organic Popcorn, Himalayan Pink Salt",$4.69 ,,,4.6 oz,"['Organic', 'Gluten-Free']",,"https://www.instacart.com/image-server/257x257/filters:fill(FFF,true):format(jpg)/d2lnr5mha7bycj.cloudfront.net/product-image/file/large_ea9b59ef-cff6-4da8-81dd-cc0f9f291853.png,"
Fresh Thyme Market,AshaPops Popped Water Lily Seeds Chile Lime,$6.49 ,,,1 oz,"['Gluten-Free', 'Vegan']",,"https://www.instacart.com/image-server/257x257/filters:fill(FFF,true):format(jpg)/d2lnr5mha7bycj.cloudfront.net/product-image/file/large_46b4fd69-ccf2-4780-b1bb-5a02887c6fa7.jpg,"
Fresh Thyme Market,Stacy's Simply Naked Pita Chips,$5.39 ,,,7.33 oz,[],,"https://www.instacart.com/image-server/257x257/filters:fill(FFF,true):format(jpg)/d2lnr5mha7bycj.cloudfront.net/product-image/file/large_e9f572c2-b5e5-4a91-9722-58f8369be918.png,"
Fresh Thyme Market,"Petit Pot Plant-Based Vanilla Rice Pudding, Organic Plant Based Dessert",$6.49 ,,,2 x 3.5 oz,"['Gluten-Free', 'Organic']",,"https://www.instacart.com/image-server/257x257/filters:fill(FFF,true):format(jpg)/d2lnr5mha7bycj.cloudfront.net/product-image/file/large_babe3ca1-80fd-4a20-bcad-7b44ce24dc38.png,"
Fresh Thyme Market,"LesserEvil Organic Popcorn, White Cheddar",$4.69 ,,,4.6 oz,"['Organic', 'Gluten-Free']",,"https://www.instacart.com/image-server/257x257/filters:fill(FFF,true):format(jpg)/d2lnr5mha7bycj.cloudfront.net/product-image/file/large_e630770c-cd3e-4bb6-8afb-60f5f87954c0.png,"
Fresh Thyme Market,AshaPops Popped Water Lily Seeds Turmeric Garlic,$6.49 ,,,1 oz,"['Vegan', 'Gluten-Free']",Many in stock,"https://www.instacart.com/image-server/257x257/filters:fill(FFF,true):format(jpg)/d2lnr5mha7bycj.cloudfront.net/product-image/file/large_8c219307-69e8-4fd1-8124-13bca458ae9b.jpg,"
Fresh Thyme Market,"Harvest Snaps Green Pea Snacks, Baked, Lightly Salted",$3.29 ,,,3.3 oz,['Gluten-Free'],,"https://www.instacart.com/image-server/257x257/filters:fill(FFF,true):format(jpg)/d2lnr5mha7bycj.cloudfront.net/product-image/file/large_188a0806-e619-49ba-8113-ffeac4fbe0db.png,"
Fresh Thyme Market,Original price: $4.29,$3.79 ,,,5 oz,"['Gluten-Free', 'Vegan']",,"https://www.instacart.com/image-server/257x257/filters:fill(FFF,true):format(jpg)/d2lnr5mha7bycj.cloudfront.net/product-image/file/large_80bde4a8-0390-4537-aca6-0c1c38732ae9.jpg,"
Fresh Thyme Market,Original price: $4.29,$3.29 ,,,5 oz,['Gluten-Free'],,"https://www.instacart.com/image-server/257x257/filters:fill(FFF,true):format(jpg)/d2lnr5mha7bycj.cloudfront.net/product-image/file/large_3576a766-fde9-45d4-bd41-8ace4e349c87.png,"
Fresh Thyme Market,"AshaPops Popped Water Lily Seeds, Vegan Cheese",$6.49 ,,,1 oz,"['Vegan', 'Gluten-Free']",,"https://www.instacart.com/image-server/257x257/filters:fill(FFF,true):format(jpg)/d2lnr5mha7bycj.cloudfront.net/product-image/file/large_d875c44e-9f1b-4cb5-abb9-729ed090a230.jpg,"
Fresh Thyme Market,Fritos Scoops! Corn Chips,$6.39 ,,,9.25 oz,"['Gluten-Free', 'Vegan']",,"https://www.instacart.com/image-server/257x257/filters:fill(FFF,true):format(jpg)/d2lnr5mha7bycj.cloudfront.net/product-image/file/large_852fc8bf-ed40-40b6-923f-9660e9ab301d.png,"
Fresh Thyme Market,"UNREAL Dark Chocolate Caramel, Peanut Nougat Bars",$6.99 ,,,3.4 oz,[],,"https://www.instacart.com/image-server/257x257/filters:fill(FFF,true):format(jpg)/d2lnr5mha7bycj.cloudfront.net/product-image/file/large_44fcd2db-6f8a-4f71-9848-2eacc57ac59f.png,"
Fresh Thyme Market,Original price: $3.29,$2.69 ,,,5 oz,[],Many in stock,"https://www.instacart.com/image-server/257x257/filters:fill(FFF,true):format(jpg)/d2lnr5mha7bycj.cloudfront.net/product-image/file/large_85cb5db9-a493-414b-a81e-61959a1b8c8d.png,"
Fresh Thyme Market,Luna Chocolate Dipped Coconut,$11.89 ,,,6 x 48 g,['Gluten-Free'],,"https://www.instacart.com/image-server/257x257/filters:fill(FFF,true):format(jpg)/d2lnr5mha7bycj.cloudfront.net/product-image/file/large_9a7c6c96-d67e-4cd7-8bb6-05ac77240d1a.jpg,"
Fresh Thyme Market,Original price: $4.29,$3.79 ,,,4.8 oz,"['Gluten-Free', 'Vegan']",,"https://www.instacart.com/image-server/257x257/filters:fill(FFF,true):format(jpg)/d2lnr5mha7bycj.cloudfront.net/product-image/file/large_3d5098bd-058f-4723-aa02-e06fdbc19fe8.jpg,"
Fresh Thyme Market,Annie's Organic Cheddar Squares Baked Cracker Snacks,$5.39 ,,,7.5 oz,['Organic'],,"https://www.instacart.com/image-server/257x257/filters:fill(FFF,true):format(jpg)/d2lnr5mha7bycj.cloudfront.net/product-image/file/large_9c72504e-4828-4d86-b741-2ba28537eb92.png,"
Fresh Thyme Market,Blake's Seed Based Chocolate Chip Rice Crispy Treat,$5.99 ,,,6 x 0.78 oz,"['Vegan', 'Gluten-Free']",Many in stock,"https://www.instacart.com/image-server/257x257/filters:fill(FFF,true):format(jpg)/d2lnr5mha7bycj.cloudfront.net/product-image/file/large_b2029966-87b1-484d-966e-71a2861d117b.png,"
Fresh Thyme Market,"Simple Mills Almond Flour Cookies, Crunchy Chocolate Chip",$5.99 ,,,5.5 oz,"['Gluten-Free', 'Vegan']",,"https://www.instacart.com/image-server/257x257/filters:fill(FFF,true):format(jpg)/d2lnr5mha7bycj.cloudfront.net/product-image/file/large_06970af4-3090-4778-8f65-040094749f0c.png,"
Fresh Thyme Market,"ROLD GOLD Pretzels, Tiny Twists, Original Flavored",$4.29 ,,,16 oz,[],,"https://www.instacart.com/image-server/257x257/filters:fill(FFF,true):format(jpg)/d2lnr5mha7bycj.cloudfront.net/product-image/file/large_fb57290c-59f0-41af-bbbf-40d16ea0baa3.png,"
Fresh Thyme Market,Simple Mills Honey Cinnamon Seed and Nut Flour Sweet Thins,$5.99 ,,,4.25 oz,['Gluten-Free'],,"https://www.instacart.com/image-server/257x257/filters:fill(FFF,true):format(jpg)/d2lnr5mha7bycj.cloudfront.net/product-image/file/large_a86df8f1-e0ee-488e-9ae5-271d5b30a1d7.png,"
Fresh Thyme Market,Original price: $7.59,$3.79 ,,,3.17 oz,['Gluten-Free'],,"https://www.instacart.com/image-server/257x257/filters:fill(FFF,true):format(jpg)/d2lnr5mha7bycj.cloudfront.net/product-image/file/large_53534f90-482e-46a9-bb3c-0351b60af8af.png,"
Fresh Thyme Market,Late July Thin and Crispy Organic Tortilla Chips with Sea Salt,$5.99 ,,,10.1 oz,"['Gluten-Free', 'Organic']",,"https://www.instacart.com/image-server/257x257/filters:fill(FFF,true):format(jpg)/d2lnr5mha7bycj.cloudfront.net/product-image/file/large_be5a5fe5-9fbc-4b8c-9532-15c6abc84de4.jpg,"
Fresh Thyme Market,"Simple Mills Almond Flour Crackers, Farmhouse Cheddar",$5.39 ,,,4.25 oz,['Gluten-Free'],,"https://www.instacart.com/image-server/257x257/filters:fill(FFF,true):format(jpg)/d2lnr5mha7bycj.cloudfront.net/product-image/file/large_86e2c497-7f8f-4427-93ea-4cbd0af6a4b3.png,"
Fresh Thyme Market,Original price: $4.29,$3.79 ,,,4.25 oz,"['Gluten-Free', 'Vegan']",,"https://www.instacart.com/image-server/257x257/filters:fill(FFF,true):format(jpg)/d2lnr5mha7bycj.cloudfront.net/product-image/file/large_2fddddbc-c463-4a3c-814b-b7ced1ab1530.png,"
Fresh Thyme Market,Perfect Snacks Dark Chocolate With Sea Salt Peanut Butter Cups,$3.99 ,,,1 oz,"['Gluten-Free', 'Organic']",,"https://www.instacart.com/image-server/257x257/filters:fill(FFF,true):format(jpg)/d2lnr5mha7bycj.cloudfront.net/product-image/file/large_17a3f446-6e63-401a-b2a7-74f6442af52c.jpg,"
Fresh Thyme Market,Pepperidge Farm Goldfish Flavor Blasted Xtra Cheddar Cheese Crackers,$4.29 ,,,6.6 oz,[],,"https://www.instacart.com/image-server/257x257/filters:fill(FFF,true):format(jpg)/d2lnr5mha7bycj.cloudfront.net/product-image/file/large_14966af1-378f-4a10-8f1d-491ba928e117.jpg,"
Fresh Thyme Market,Original price: $6.99,$5.39 ,,,7 oz,[],,"https://www.instacart.com/image-server/257x257/filters:fill(FFF,true):format(jpg)/d2lnr5mha7bycj.cloudfront.net/product-image/file/large_df9b49b2-f1c8-4ea9-b42a-4abfb1a3c88e.jpeg,"
Fresh Thyme Market,Chomps Grass-Fed Taco Beef Stick,$2.69 ,,,1.15 oz,['Keto'],,"https://www.instacart.com/image-server/257x257/filters:fill(FFF,true):format(jpg)/d2lnr5mha7bycj.cloudfront.net/product-image/file/large_17058e03-e4df-4c4c-afbb-68d8e977abf3.JPG,"
Fresh Thyme Market,gimMe Organic Sea Salt Roasted Seaweed Snack,$7.59 ,,,6 x 0.17 oz,"['Gluten-Free', 'Organic']",,"https://www.instacart.com/image-server/257x257/filters:fill(FFF,true):format(jpg)/d2lnr5mha7bycj.cloudfront.net/product-image/file/large_9b699373-6d8a-4b32-a01f-162e78f13b57.png,"
Fresh Thyme Market,Chomps Grass-Fed Salt & Pepper Venison,$2.69 ,,,1.15 oz,"['Gluten-Free', 'Keto']",,"https://www.instacart.com/image-server/257x257/filters:fill(FFF,true):format(jpg)/d2lnr5mha7bycj.cloudfront.net/product-image/file/large_59bb9712-f6e6-4373-88c5-1f3a5c01e3ae.JPG,"
Fresh Thyme Market,"Zen Pudding, Plant Based Chocolate, Almond Milk",$5.99 ,,,4 x 3.5 oz,"['Gluten-Free', 'Organic']",,"https://www.instacart.com/image-server/257x257/filters:fill(FFF,true):format(jpg)/d2lnr5mha7bycj.cloudfront.net/product-image/file/large_2618a885-583b-49bc-ac44-465b5fa891cb.png,"
Fresh Thyme Market,Chomps Grass-Fed Sea Salt Beef Stick,$2.69 ,,,1.15 oz,"['Gluten-Free', 'Keto']",,"https://www.instacart.com/image-server/257x257/filters:fill(FFF,true):format(jpg)/d2lnr5mha7bycj.cloudfront.net/product-image/file/large_a182de71-52d6-499f-8e3c-04be52d6b078.JPG,"
Fresh Thyme Market,KIND Caramel Almond & Sea Salt,$19.39 ,,,12 x 17 oz,['Gluten-Free'],,"https://www.instacart.com/image-server/257x257/filters:fill(FFF,true):format(jpg)/d2lnr5mha7bycj.cloudfront.net/product-image/file/large_9e0a8a12-fc2c-4adb-a85b-d621d3a20b4d.jpg,"
Fresh Thyme Market,Original price: $3.99,$3.29 ,,,1.8 oz,['Gluten-Free'],,"https://www.instacart.com/image-server/257x257/filters:fill(FFF,true):format(jpg)/d2lnr5mha7bycj.cloudfront.net/product-image/file/large_42f3a11e-e1ce-4963-800c-df8d5eabbcfc.jpg,"
Fresh Thyme Market,Original price: $4.99,$3.29 ,,,4.5 oz,"['Gluten-Free', 'Vegan']",,"https://www.instacart.com/image-server/257x257/filters:fill(FFF,true):format(jpg)/d2lnr5mha7bycj.cloudfront.net/product-image/file/large_950d27c9-113e-4152-8639-25e23429bbd2.png,"
Fresh Thyme Market,"Emmy's Organics Coconut Cookies, Vanilla Bean",$6.19 ,,,6 oz,"['Organic', 'Gluten-Free']",,"https://www.instacart.com/image-server/257x257/filters:fill(FFF,true):format(jpg)/d2lnr5mha7bycj.cloudfront.net/product-image/file/large_89baa814-c304-488c-a257-bc90c26fb12e.jpg,"
Fresh Thyme Market,Original price: $5.39,$4.39 ,,,4 oz,['Vegan'],,"https://www.instacart.com/image-server/257x257/filters:fill(FFF,true):format(jpg)/d2lnr5mha7bycj.cloudfront.net/product-image/file/large_512e8fa5-2711-41f6-87db-76b1dd1d32db.png,"
Fresh Thyme Market,Natural Delights Medjool Dates,$8.59 ,,,12 oz,"['Organic', 'Vegan']",,"https://www.instacart.com/image-server/257x257/filters:fill(FFF,true):format(jpg)/d2lnr5mha7bycj.cloudfront.net/product-image/file/large_18acd7db-c8f5-486b-a7f7-0307eb74cb0d.png,"
Fresh Thyme Market,Original price: $5.39,$4.29 ,,,6 oz,"['Gluten-Free', 'Vegan']",,"https://www.instacart.com/image-server/257x257/filters:fill(FFF,true):format(jpg)/d2lnr5mha7bycj.cloudfront.net/product-image/file/large_2e9dc873-735d-4525-aaa4-b9686e70db3b.png,"
Fresh Thyme Market,"Cerebelly Organic Blueberry Banana, Smart Bar",$5.69 ,,,5 ct,"['Organic', 'Vegan']",,"https://www.instacart.com/image-server/257x257/filters:fill(FFF,true):format(jpg)/d2lnr5mha7bycj.cloudfront.net/product-image/file/large_1871069a-2a46-4503-9a7c-52bcebe04f8a.png,"
Fresh Thyme Market,Kettle Chips Krinkle Cut Salt & Fresh Ground Pepper Kettle Potato Chips,$6.29 ,,,13 oz,"['Gluten-Free', 'Vegan']",,"https://www.instacart.com/image-server/257x257/filters:fill(FFF,true):format(jpg)/d2lnr5mha7bycj.cloudfront.net/product-image/file/large_2027bb4e-5eed-4251-b0f3-67cf24e38b07.jpg,"
Fresh Thyme Market,"Kellogg’s Nutri-Grain Soft Baked Breakfast Bars, Kids Snacks, Whole Grain, Apple Cinnamon",$4.89 ,,,10.4 oz,[],,"https://www.instacart.com/image-server/257x257/filters:fill(FFF,true):format(jpg)/d2lnr5mha7bycj.cloudfront.net/product-image/file/large_b9a0e344-55b5-4364-bd04-5abdbc2c639d.jpg,"
Fresh Thyme Market,GOOD THINS Simply Salt Rice Snacks Gluten Free Crackers,$5.39 ,,,3.5 oz,"['Gluten-Free', 'Vegan']",,"https://www.instacart.com/image-server/257x257/filters:fill(FFF,true):format(jpg)/d2lnr5mha7bycj.cloudfront.net/product-image/file/large_c8dd3677-0281-44c0-90f5-8b201d6cfd1c.jpg,"
Fresh Thyme Market,KIND Peanut Butter Dark Chocolate,$19.39 ,,,12 x 1.4 oz,['Gluten-Free'],,"https://www.instacart.com/image-server/257x257/filters:fill(FFF,true):format(jpg)/d2lnr5mha7bycj.cloudfront.net/product-image/file/large_9d05e3a1-a423-4cf2-a3d9-6ca072af9040.jpg,"
Fresh Thyme Market,Original price: $5.39,$4.39 ,,,9.6 oz,[],,"https://www.instacart.com/image-server/257x257/filters:fill(FFF,true):format(jpg)/d2lnr5mha7bycj.cloudfront.net/product-image/file/large_46adcb72-4a1c-4747-932d-f18becbc28b4.jpg,"
Fresh Thyme Market,Fresh Thyme Market Double Crust French Bread,$2.69 ,,,19 oz,[],,"https://www.instacart.com/image-server/257x257/filters:fill(FFF,true):format(jpg)/d2lnr5mha7bycj.cloudfront.net/product-image/file/large_a42dcd04-9f03-4e5d-82a4-2834cfcdf867.png,"
Fresh Thyme Market,"Dave's Killer Bread 21 Whole Grains & Seeds Thin-Sliced, Whole Grain Organic Bread, 20.5 oz Loaf",$6.69 ,,,20.5 oz,"['Organic', 'Vegan']",,"https://www.instacart.com/image-server/257x257/filters:fill(FFF,true):format(jpg)/d2lnr5mha7bycj.cloudfront.net/product-image/file/large_ad536ffb-c1b2-4fa2-8e07-518440f595e9.png,"
Fresh Thyme Market,Artisan French Baguette With Bags,$2.69 ,,,13.2 oz,[],,"https://www.instacart.com/image-server/257x257/filters:fill(FFF,true):format(jpg)/d2lnr5mha7bycj.cloudfront.net/product-image/file/large_cf65ad48-6c61-47ef-b38a-c8b259775bc3.png,"
Fresh Thyme Market,Boulart IW Original Demi Baguettes,$2.69 ,,,6 oz,[],,"https://www.instacart.com/image-server/257x257/filters:fill(FFF,true):format(jpg)/d2lnr5mha7bycj.cloudfront.net/product-image/file/large_c6435572-4585-4f15-8759-9d4ff25c2bcf.png,"
Fresh Thyme Market,Pepperidge Farm Hearty White Bread,$5.39 ,,,24 oz,[],,"https://www.instacart.com/image-server/257x257/filters:fill(FFF,true):format(jpg)/d2lnr5mha7bycj.cloudfront.net/product-image/file/large_5fc96b9d-30a8-4310-8838-44646648424f.jpg,"
Fresh Thyme Market,"SOLA Sweet Oat Bread, Low Carb, Zero Added Sugar",$8.59 ,,,14 oz,[],,"https://www.instacart.com/image-server/257x257/filters:fill(FFF,true):format(jpg)/d2lnr5mha7bycj.cloudfront.net/product-image/file/large_c1a51a5e-c661-44c3-a8cc-4dfb03006019.jpg,"
Fresh Thyme Market,"Lakeland Sandwich Bread, Enriched, White, Texas Toast",$4.19 ,,,24 oz,[],,"https://www.instacart.com/image-server/257x257/filters:fill(FFF,true):format(jpg)/d2lnr5mha7bycj.cloudfront.net/product-image/file/large_28b7e87c-2217-4c59-bd27-660f6a4053ec.png,"
Fresh Thyme Market,Companion Sourdough Batard,$5.39 ,,,14 oz,[],,"https://www.instacart.com/image-server/257x257/filters:fill(FFF,true):format(jpg)/d2lnr5mha7bycj.cloudfront.net/product-image/file/large_1906daa1-d357-4abe-b0ce-f6ea5e2ef532.png,"
Fresh Thyme Market,Dave's Killer Bread 21 Whole Grains and Seeds Organic Bread,$8.09 ,,,27 oz,"['Organic', 'Vegan']",,"https://www.instacart.com/image-server/257x257/filters:fill(FFF,true):format(jpg)/d2lnr5mha7bycj.cloudfront.net/product-image/file/large_47f0e24c-f72f-4ac0-a58b-566d7c3f7c9b.png,"
Fresh Thyme Market,"Dave's Killer Bread White Bread Done Right, Artisan-Style Organic White Bread, 24 oz Loaf",$8.09 ,,,24 oz,"['Organic', 'Vegan']",,"https://www.instacart.com/image-server/257x257/filters:fill(FFF,true):format(jpg)/d2lnr5mha7bycj.cloudfront.net/product-image/file/large_f6d74d63-a15f-4b28-8e33-514b8e237bfe.png,"
Fresh Thyme Market,Canyon Bakehouse Gluten Free Hawaiian Sweet Bread,$8.59 ,,,18 oz,['Gluten-Free'],,"https://www.instacart.com/image-server/257x257/filters:fill(FFF,true):format(jpg)/d2lnr5mha7bycj.cloudfront.net/product-image/file/large_ea02d2ce-6625-4b0c-91cd-ba2d7e2af21c.png,"
Fresh Thyme Market,"Country Hearth Bread, 12 Grain, Dakota Style",$5.39 ,,,24 oz,[],,"https://www.instacart.com/image-server/257x257/filters:fill(FFF,true):format(jpg)/d2lnr5mha7bycj.cloudfront.net/product-image/file/large_2d73918c-aa75-43b7-8e38-38cfb6e94747.png,"
Fresh Thyme Market,"Dave's Killer Bread White Bread Done Right Thin-Sliced, Organic White Bread, 20.5 oz Loaf",$7.59 ,,,20.5 oz,['Organic'],,"https://www.instacart.com/image-server/257x257/filters:fill(FFF,true):format(jpg)/d2lnr5mha7bycj.cloudfront.net/product-image/file/large_55170d26-0e38-4e06-83a5-d9e6cf19dbb4.png,"
Fresh Thyme Market,Dave's Killer Bread Good Seed Thin-Sliced Organic Bread,$7.59 ,,,20.5 oz,"['Organic', 'Vegan']",,"https://www.instacart.com/image-server/257x257/filters:fill(FFF,true):format(jpg)/d2lnr5mha7bycj.cloudfront.net/product-image/file/large_0365803c-40ad-4072-b485-731e95668e0c.png,"
Fresh Thyme Market,"Country Hearth Bread, Apple Cinnamon",$4.29 ,,,18 oz,[],,"https://www.instacart.com/image-server/257x257/filters:fill(FFF,true):format(jpg)/d2lnr5mha7bycj.cloudfront.net/product-image/file/large_19179dbe-af39-46b1-beb0-f1c840303354.png,"
Fresh Thyme Market,Base Culture Cinnamon Raisin Bread,$11.09 ,,,16 oz,"['Keto', 'Gluten-Free']",,"https://www.instacart.com/image-server/257x257/filters:fill(FFF,true):format(jpg)/d2lnr5mha7bycj.cloudfront.net/product-image/file/large_9dbe01d9-4e03-418c-baff-1ae06d6fae5a.png,"
Fresh Thyme Market,"SOLA Keto Bread, French Toast",$8.59 ,,,15 oz,['Keto'],,"https://www.instacart.com/image-server/257x257/filters:fill(FFF,true):format(jpg)/d2lnr5mha7bycj.cloudfront.net/product-image/file/large_3639c09f-05bf-42ac-ba8c-d6ff843c32ab.png,"
Fresh Thyme Market,Companion Multigrain Batard Bread,$5.39 ,,,14 oz,[],,"https://www.instacart.com/image-server/257x257/filters:fill(FFF,true):format(jpg)/d2lnr5mha7bycj.cloudfront.net/product-image/file/large_9a2732dd-c47a-4c70-a574-25911da75ece.png,"
Fresh Thyme Market,Pepperidge Farm Raisin Cinnamon Swirl Bread,$5.09 ,,,16 oz,[],,"https://www.instacart.com/image-server/257x257/filters:fill(FFF,true):format(jpg)/d2lnr5mha7bycj.cloudfront.net/product-image/file/large_98758051-788d-4b71-95da-df6d38bf73a4.jpg,"
Fresh Thyme Market,"The Essential Baking Company French Baguette, Take & Bake",$7.59 ,,,12 oz,"['Organic', 'Vegan']",Many in stock,"https://www.instacart.com/image-server/257x257/filters:fill(FFF,true):format(jpg)/d2lnr5mha7bycj.cloudfront.net/product-image/file/large_9bfa220f-7337-40ba-9f22-694dd6e178f2.png,"
Fresh Thyme Market,Canyon Bakehouse 7-Grain Gluten Free Bread,$8.59 ,,,18 oz,['Gluten-Free'],,"https://www.instacart.com/image-server/257x257/filters:fill(FFF,true):format(jpg)/d2lnr5mha7bycj.cloudfront.net/product-image/file/large_ff28b1e6-2a40-4921-bf21-3912be822a1d.png,"
Fresh Thyme Market,Pepperidge Farm Whole Grain 15 Grain Bread,$5.39 ,,,24 oz,[],,"https://www.instacart.com/image-server/257x257/filters:fill(FFF,true):format(jpg)/d2lnr5mha7bycj.cloudfront.net/product-image/file/large_23f91bdd-e5eb-40d3-8d19-04ac1c2bfbc9.jpg,"
Fresh Thyme Market,Boulart Olive Oil & Fine Herbs Focaccia,$5.39 ,,,12 oz,['Vegan'],,"https://www.instacart.com/image-server/257x257/filters:fill(FFF,true):format(jpg)/d2lnr5mha7bycj.cloudfront.net/product-image/file/large_c8601080-b310-448c-a18b-00a1c69270a7.png,"
Fresh Thyme Market,"The Essential Baking Company Loaf, Sourdough, Take & Bake",$7.59 ,,,16 oz,['Organic'],Many in stock,"https://www.instacart.com/image-server/257x257/filters:fill(FFF,true):format(jpg)/d2lnr5mha7bycj.cloudfront.net/product-image/file/large_9d51fc76-b63e-46ab-9ea3-8106a5c049f2.png,"
Fresh Thyme Market,"SOLA Deliciously Seeded Bread, Low Carb, Zero Added Sugar",$8.59 ,,,14 oz,[],,"https://www.instacart.com/image-server/257x257/filters:fill(FFF,true):format(jpg)/d2lnr5mha7bycj.cloudfront.net/product-image/file/large_85d052c7-108d-43b8-b0e4-ff4b6c4ca456.jpg,"
Fresh Thyme Market,"The Essential Baking Company Garlic Bread, Take & Bake",$7.59 ,,,16 oz,['Organic'],Many in stock,"https://www.instacart.com/image-server/257x257/filters:fill(FFF,true):format(jpg)/d2lnr5mha7bycj.cloudfront.net/product-image/file/large_396cfeed-2cd9-4c57-a917-87f2de0448c9.png,"
Fresh Thyme Market,Nickles Split Top Honey Wheat Bread,$3.79 ,,,20 oz,[],,"https://www.instacart.com/image-server/257x257/filters:fill(FFF,true):format(jpg)/d2lnr5mha7bycj.cloudfront.net/product-image/file/large_4aa0e570-c7bf-4f9d-85c8-ce75840e0c8b.JPG,"
Fresh Thyme Market,Dave's Killer Bread Powerseed Organic Bread,$8.09 ,,,25 oz,"['Organic', 'Vegan']",,"https://www.instacart.com/image-server/257x257/filters:fill(FFF,true):format(jpg)/d2lnr5mha7bycj.cloudfront.net/product-image/file/large_f537ebf3-7325-451b-a147-970cefd8344f.png,"
Fresh Thyme Market,"Dave's Killer Bread Bread, Organic, Good Seed",$8.09 ,,,27 oz,['Organic'],,"https://www.instacart.com/image-server/257x257/filters:fill(FFF,true):format(jpg)/d2lnr5mha7bycj.cloudfront.net/product-image/file/large_18d257cf-c0ee-47ba-ab34-88e1221acbbf.png,"
Fresh Thyme Market,"The Essential Baking Company Italian Loaf, Take & Bake",$7.59 ,,,16 oz,['Organic'],Many in stock,"https://www.instacart.com/image-server/257x257/filters:fill(FFF,true):format(jpg)/d2lnr5mha7bycj.cloudfront.net/product-image/file/large_a250c88c-f8a6-461c-831d-df744b0b442e.png,"
Fresh Thyme Market,Canyon Bakehouse Heritage Style Honey White Gluten Free Bread,$9.69 ,,,24 oz,['Gluten-Free'],,"https://www.instacart.com/image-server/257x257/filters:fill(FFF,true):format(jpg)/d2lnr5mha7bycj.cloudfront.net/product-image/file/large_a932e2e0-67a0-489b-99a8-36eaa41f8761.png,"
Fresh Thyme Market,"Dave's Killer Bread Bread, Organic, Thin-Sliced",$7.59 ,,,20.5 oz,['Organic'],,"https://www.instacart.com/image-server/257x257/filters:fill(FFF,true):format(jpg)/d2lnr5mha7bycj.cloudfront.net/product-image/file/large_2f025c24-c43b-4710-8205-6c8d3f525498.png,"
Fresh Thyme Market,Pepperidge Farm Sourdough Bread,$5.39 ,,,24 oz,[],,"https://www.instacart.com/image-server/257x257/filters:fill(FFF,true):format(jpg)/d2lnr5mha7bycj.cloudfront.net/product-image/file/large_28ed8ea7-f898-4fc5-a2aa-4a4a5b7573d5.jpg,"
Fresh Thyme Market,"Canyon Bakehouse Sweet Rolls, Gluten Free, Hawaiian",$8.59 ,,,6 ct,['Gluten-Free'],,"https://www.instacart.com/image-server/257x257/filters:fill(FFF,true):format(jpg)/d2lnr5mha7bycj.cloudfront.net/product-image/file/large_d6cf5d64-86a9-4a99-b02e-2675429c8d54.png,"
Fresh Thyme Market,Canyon Bakehouse Gluten Free Sliced Mountain White Bread,$8.59 ,,,18 oz,['Gluten-Free'],,"https://www.instacart.com/image-server/257x257/filters:fill(FFF,true):format(jpg)/d2lnr5mha7bycj.cloudfront.net/product-image/file/large_38f08dcc-6bcd-41f8-8faf-270261dff83c.png,"
Fresh Thyme Market,BFree Soft White Loaf,$8.59 ,,,14.1 oz,"['Gluten-Free', 'Vegan']",,"https://www.instacart.com/image-server/257x257/filters:fill(FFF,true):format(jpg)/d2lnr5mha7bycj.cloudfront.net/product-image/file/large_d1925f60-9f59-40ad-b9f6-1a818f0ebd42.jpg,"
Fresh Thyme Market,Silver Hills Bakery Omegamazing Sprouted Whole Grain Bread Filled With Flax And Chia Seeds,$7.59 ,,,21 oz,"['Organic', 'Vegan']",,"https://www.instacart.com/image-server/257x257/filters:fill(FFF,true):format(jpg)/d2lnr5mha7bycj.cloudfront.net/product-image/file/large_4381b123-6a35-41c1-9ecd-7e7aeb553b92.png,"
Fresh Thyme Market,Original price: $2.89,$2.39 ,,,4.4 oz,['Vegan'],,"https://www.instacart.com/image-server/257x257/filters:fill(FFF,true):format(jpg)/d2lnr5mha7bycj.cloudfront.net/product-image/file/large_4ab0900f-c0ac-403d-b28b-7401acb0fb16.png,"
Fresh Thyme Market,"Food for Life Bread, Sprouted Grain, Flourless",$8.59 ,,,24 oz,"['Organic', 'Vegan']",,"https://www.instacart.com/image-server/257x257/filters:fill(FFF,true):format(jpg)/d2lnr5mha7bycj.cloudfront.net/product-image/file/large_f9dfd6c6-a3e1-49fd-9653-658b3fcaa9e5.png,"
Fresh Thyme Market,Fresh Thyme Market Shredded Mozzarella Cheese,$3.79 ,,,8 oz,[],,"https://www.instacart.com/image-server/257x257/filters:fill(FFF,true):format(jpg)/d2lnr5mha7bycj.cloudfront.net/product-image/file/large_57ced275-c407-4f0a-8e9e-a6559ba6c392.png,"
Fresh Thyme Market,Fresh Thyme Market Colby Jack Cheese Slices,$3.79 ,,,8 oz,[],Many in stock,"https://www.instacart.com/image-server/257x257/filters:fill(FFF,true):format(jpg)/d2lnr5mha7bycj.cloudfront.net/product-image/file/large_12d75b4a-67af-4843-8418-8fb9457b5f6e.png,"
Fresh Thyme Market,Grillies Halloumi Cheese Block,$8.59 ,,,8.8 oz,['Vegan'],Many in stock,"https://www.instacart.com/image-server/257x257/filters:fill(FFF,true):format(jpg)/d2lnr5mha7bycj.cloudfront.net/product-image/file/large_4133e311-b8b0-4442-8553-cc3a5c9ef4ee.png,"
Fresh Thyme Market,Fresh Thyme Market Sliced Sharp Cheddar Cheese,$3.79 ,,,8 oz,[],,"https://www.instacart.com/image-server/257x257/filters:fill(FFF,true):format(jpg)/d2lnr5mha7bycj.cloudfront.net/product-image/file/large_665c6703-25fc-4e56-a472-f13a598e303d.png,"
Fresh Thyme Market,Fresh Thyme Market Slices Provolone Cheese,$3.79 ,,,8 oz,[],Many in stock,"https://www.instacart.com/image-server/257x257/filters:fill(FFF,true):format(jpg)/d2lnr5mha7bycj.cloudfront.net/product-image/file/large_53c05f6c-7cd2-4c04-969f-995cc25939fa.png,"
Fresh Thyme Market,Fresh Thyme Market Mild Cheddar Cheese,$3.79 ,,,8 oz,[],,"https://www.instacart.com/image-server/257x257/filters:fill(FFF,true):format(jpg)/d2lnr5mha7bycj.cloudfront.net/product-image/file/large_4287af52-1a24-4be3-a180-44a8d7682145.png,"
Fresh Thyme Market,Babybel Original Snack Cheese,$10.69 ,,,12 each,[],Many in stock,"https://www.instacart.com/image-server/257x257/filters:fill(FFF,true):format(jpg)/d2lnr5mha7bycj.cloudfront.net/product-image/file/large_adea81ff-07fa-4fe7-9baa-30742143c7c6.png,"
Fresh Thyme Market,Organic Valley 3 Cheese Organic Thick Cut Shredded Mexican Cheese Blend,$6.49 ,,,6 oz,"['Organic', 'Keto']",,"https://www.instacart.com/image-server/257x257/filters:fill(FFF,true):format(jpg)/d2lnr5mha7bycj.cloudfront.net/product-image/file/large_8c5a5bf4-bc5f-40ce-8680-56d8c04dde57.jpg,"
Fresh Thyme Market,Fresh Thyme Market 2% Low Fat Small Curd Cottage Cheese,$4.29 ,,,24 oz,[],,"https://www.instacart.com/image-server/257x257/filters:fill(FFF,true):format(jpg)/d2lnr5mha7bycj.cloudfront.net/product-image/file/large_bc28ee9a-cff3-48c9-bf84-f2a11a9f6ebb.png,"
Fresh Thyme Market,Fresh Thyme Market Swiss Cheese Slices,$3.79 ,,,8 oz,[],Many in stock,"https://www.instacart.com/image-server/257x257/filters:fill(FFF,true):format(jpg)/d2lnr5mha7bycj.cloudfront.net/product-image/file/large_8242855f-8607-4e21-99cb-8076c6deee0a.png,"
Fresh Thyme Market,Babybel Original Mini Cheese,$10.69 ,,,12 ct,['Keto'],Many in stock,"https://www.instacart.com/image-server/257x257/filters:fill(FFF,true):format(jpg)/d2lnr5mha7bycj.cloudfront.net/product-image/file/large_43472367-5434-4684-b1f2-697a50996cc8.png,"
Fresh Thyme Market,"good culture Cottage Cheese, Simply, Low-Fat Classic",$1.99 ,,,5.3 oz,['Keto'],,"https://www.instacart.com/image-server/257x257/filters:fill(FFF,true):format(jpg)/d2lnr5mha7bycj.cloudfront.net/product-image/file/large_35de765e-c430-4749-a534-38eb796baeea.png,"
Fresh Thyme Market,"Dutch Farms Cream Cheese, Original",$2.89 ,,,8 oz,[],Many in stock,"https://www.instacart.com/image-server/257x257/filters:fill(FFF,true):format(jpg)/d2lnr5mha7bycj.cloudfront.net/product-image/file/large_94472826-05b4-4303-9d2c-1a72a4e705f2.png,"
Fresh Thyme Market,Fresh Thyme Market Mozzarella String Cheese,$6.29 ,,,12 oz,[],,"https://www.instacart.com/image-server/257x257/filters:fill(FFF,true):format(jpg)/d2lnr5mha7bycj.cloudfront.net/product-image/file/large_9be59fa1-a62e-4d19-bbb7-ad1a766f4757.png,"
Fresh Thyme Market,The Laughing Cow Creamy Light Spreadable Cheese Wedges,$5.99 ,,,8 ct,[],Many in stock,"https://www.instacart.com/image-server/257x257/filters:fill(FFF,true):format(jpg)/d2lnr5mha7bycj.cloudfront.net/product-image/file/large_d580330e-c326-4597-a951-499d54d84c87.png,"
Fresh Thyme Market,Fresh Thyme Market Shredded Sharp Cheddar Cheese,$3.79 ,,,8 oz,[],Many in stock,"https://www.instacart.com/image-server/257x257/filters:fill(FFF,true):format(jpg)/d2lnr5mha7bycj.cloudfront.net/product-image/file/large_beef88dd-3203-4fc0-b29e-2d74a9c9fc52.png,"
Fresh Thyme Market,Fresh Thyme Market Thick Cut Shred Mexican Cheese,$3.79 ,,,8 oz,[],,"https://www.instacart.com/image-server/257x257/filters:fill(FFF,true):format(jpg)/d2lnr5mha7bycj.cloudfront.net/product-image/file/large_e7060608-4f80-481f-b494-63e7d2101b9c.png,"
Fresh Thyme Market,Fresh Thyme Market Pepperjack Cheese Slices,$3.79 ,,,8 oz,[],Many in stock,"https://www.instacart.com/image-server/257x257/filters:fill(FFF,true):format(jpg)/d2lnr5mha7bycj.cloudfront.net/product-image/file/large_3e855c70-6869-48d6-8bd1-7525f05bd6f0.png,"
Fresh Thyme Market,"Sartori Cheese, Old World Cheddar, Aged & Sharp",$6.99 ,,,198 g,[],Many in stock,"https://www.instacart.com/image-server/257x257/filters:fill(FFF,true):format(jpg)/d2lnr5mha7bycj.cloudfront.net/product-image/file/large_b87ca980-0388-4cae-afb8-ef96de672000.png,"
Fresh Thyme Market,"Organic Valley String Cheese, Organic, Mozzarella",$8.09 ,,,8 oz,"['Organic', 'Keto']",,"https://www.instacart.com/image-server/257x257/filters:fill(FFF,true):format(jpg)/d2lnr5mha7bycj.cloudfront.net/product-image/file/large_c1eb209f-1cec-46b8-8c1e-bc9c7fbf1d52.png,"
Fresh Thyme Market,Boar's Head Colby Jack Cheese,$9.69 ,/lb,,$0.61/oz,[],,"https://www.instacart.com/image-server/257x257/filters:fill(FFF,true):format(jpg)/d2lnr5mha7bycj.cloudfront.net/product-image/file/large_c6e1340d-7445-4405-b3fb-4d7729b70679.png,"
Fresh Thyme Market,Fresh Thyme Market Grated Parmesan Cheese,$4.29 ,,,5 oz,[],,"https://www.instacart.com/image-server/257x257/filters:fill(FFF,true):format(jpg)/d2lnr5mha7bycj.cloudfront.net/product-image/file/large_60d284a5-4f66-4e9e-b490-7cf0a34a568e.png,"
Fresh Thyme Market,The Laughing Cow Creamy Original Spreadable Cheese Wedges,$5.99 ,,,8 each,[],,"https://www.instacart.com/image-server/257x257/filters:fill(FFF,true):format(jpg)/d2lnr5mha7bycj.cloudfront.net/product-image/file/large_8609ac6c-8071-4be8-8e3d-dda5ad28680e.png,"
Fresh Thyme Market,Fresh Thyme Market Goat Cheese Crumbles,$4.29 ,,,3.5 oz,[],Many in stock,"https://www.instacart.com/image-server/257x257/filters:fill(FFF,true):format(jpg)/d2lnr5mha7bycj.cloudfront.net/product-image/file/large_e9aa98a5-0bd9-464d-aca2-b5a2e7ed7dbf.png,"
Fresh Thyme Market,"good culture Cottage Cheese, 2% Milkfat, Simply Pineapple",$1.99 ,,,5 oz,['Keto'],,"https://www.instacart.com/image-server/257x257/filters:fill(FFF,true):format(jpg)/d2lnr5mha7bycj.cloudfront.net/product-image/file/large_0d3d12f6-8b06-4f92-9d62-d6855255521e.png,"
Fresh Thyme Market,Boar's Head White American Cheese,$8.59 ,/lb,,$0.54/oz,[],Many in stock,"https://www.instacart.com/image-server/257x257/filters:fill(FFF,true):format(jpg)/d2lnr5mha7bycj.cloudfront.net/product-image/file/large_737a08c3-7531-4028-a793-81e1082d2661.png,"
Fresh Thyme Market,Violife Block 100% Vegan Feta,$6.49 ,,,8.1 oz,['Vegan'],,"https://www.instacart.com/image-server/257x257/filters:fill(FFF,true):format(jpg)/d2lnr5mha7bycj.cloudfront.net/product-image/file/large_90f9c935-b97e-4883-85c6-af42f8e2420e.png,"
Fresh Thyme Market,"BelGioioso Freshly Grated Parmesan Cheese, Cup",$5.39 ,,,5 oz,['Keto'],,"https://www.instacart.com/image-server/257x257/filters:fill(FFF,true):format(jpg)/d2lnr5mha7bycj.cloudfront.net/product-image/file/large_25f5e756-3a47-46ca-811f-a308907b50da.png,"
Fresh Thyme Market,"BelGioioso Freshly Shredded Parmesan Cheese, Cup",$5.39 ,,,5 oz,['Keto'],Many in stock,"https://www.instacart.com/image-server/257x257/filters:fill(FFF,true):format(jpg)/d2lnr5mha7bycj.cloudfront.net/product-image/file/large_a60eeeb8-9f29-46bb-ad06-4507cb1e9e39.png,"
Fresh Thyme Market,Athenos Traditional Crumbled Feta Cheese,$6.99 ,,,6 oz,[],,"https://www.instacart.com/image-server/257x257/filters:fill(FFF,true):format(jpg)/d2lnr5mha7bycj.cloudfront.net/product-image/file/large_84bade20-3215-431a-889c-d07ac777fea4.jpg,"
Fresh Thyme Market,Boursin Garlic & Herb Cheese Spread,$7.59 ,,,5.2 oz,['Keto'],Many in stock,"https://www.instacart.com/image-server/257x257/filters:fill(FFF,true):format(jpg)/d2lnr5mha7bycj.cloudfront.net/product-image/file/large_29409780-a012-4c7c-93ce-3789173cb17f.png,"
Fresh Thyme Market,Original price: $9.69,$8.59 ,,,16 oz,[],Many in stock,"https://www.instacart.com/image-server/257x257/filters:fill(FFF,true):format(jpg)/d2lnr5mha7bycj.cloudfront.net/product-image/file/large_29d9fafb-aa84-4e7e-bcec-e603029cfbc6.png,"
Fresh Thyme Market,Organic Valley Organic American Cheese Slices,$6.49 ,,,6 oz,"['Organic', 'Keto']",,"https://www.instacart.com/image-server/257x257/filters:fill(FFF,true):format(jpg)/d2lnr5mha7bycj.cloudfront.net/product-image/file/large_e06ed855-4768-4b85-8428-c46ae5968c77.png,"
Fresh Thyme Market,Boar's Head Vermont White Cheddar Cheese,$9.69 ,/lb,,$0.61/oz,[],,"https://www.instacart.com/image-server/257x257/filters:fill(FFF,true):format(jpg)/d2lnr5mha7bycj.cloudfront.net/product-image/file/large_66914790-0bee-4f05-bfa6-17c631ab1744.png,"
Fresh Thyme Market,Minibaby Bel Original Snack Cheese,$9.89 ,,,8.4 oz,['Keto'],Many in stock,"https://www.instacart.com/image-server/257x257/filters:fill(FFF,true):format(jpg)/d2lnr5mha7bycj.cloudfront.net/product-image/file/large_27edccff-e7f9-4c23-b8b1-865da347823d.png,"
Fresh Thyme Market,"BelGioioso Fresh Mozzarella Cheese Burrata, Cup 2-4oz Balls",$7.59 ,,,8 oz,[],,"https://www.instacart.com/image-server/257x257/filters:fill(FFF,true):format(jpg)/d2lnr5mha7bycj.cloudfront.net/product-image/file/large_f93f1e79-dfc4-40d6-b179-cd7d7c322c94.png,"
Fresh Thyme Market,"Violife Cheese Alternative, Cheddar Slices",$6.49 ,,,10 each,['Vegan'],,"https://www.instacart.com/image-server/257x257/filters:fill(FFF,true):format(jpg)/d2lnr5mha7bycj.cloudfront.net/product-image/file/large_3d96d2a8-df04-4177-bebe-e2936e4dc217.png,"
Fresh Thyme Market,BelGioioso Fresh Mozzarella Cheese Sliced,$5.39 ,,,8 oz,[],,"https://www.instacart.com/image-server/257x257/filters:fill(FFF,true):format(jpg)/d2lnr5mha7bycj.cloudfront.net/product-image/file/large_1770a5a3-0d6a-4df0-96c2-da42488fed95.png,"
Fresh Thyme Market,"BelGioioso Parmesan Cheese, Wedge",$5.39 ,,,5 x 5 oz,['Keto'],,"https://www.instacart.com/image-server/257x257/filters:fill(FFF,true):format(jpg)/d2lnr5mha7bycj.cloudfront.net/product-image/file/large_665b14aa-8846-450f-8f34-6099fac732d0.jpg,"
Fresh Thyme Market,Original price: $5.99,$5.39 ,,,7.1 oz,[],,"https://www.instacart.com/image-server/257x257/filters:fill(FFF,true):format(jpg)/d2lnr5mha7bycj.cloudfront.net/product-image/file/large_3be762a5-da21-44a7-9498-e0a1d2ca5fee.png,"
Fresh Thyme Market,"Violife Cheese Alternative, Parmesan",$6.49 ,,,5.29 oz,['Vegan'],,"https://www.instacart.com/image-server/257x257/filters:fill(FFF,true):format(jpg)/d2lnr5mha7bycj.cloudfront.net/product-image/file/large_8cec385c-8a9c-4037-b16c-b1224e8f3fbc.png,"
Fresh Thyme Market,Original price: $6.49,$5.39 ,,,8 oz,[],Many in stock,"https://www.instacart.com/image-server/257x257/filters:fill(FFF,true):format(jpg)/d2lnr5mha7bycj.cloudfront.net/product-image/file/large_fab3295d-bad0-44a8-9b9e-193a98f5905f.png,"
Fresh Thyme Market,Organic Valley Finely Shredded Sharp Cheddar Cheese,$6.49 ,,,6 oz,"['Organic', 'Keto']",,"https://www.instacart.com/image-server/257x257/filters:fill(FFF,true):format(jpg)/d2lnr5mha7bycj.cloudfront.net/product-image/file/large_0f93c1ef-a6a6-4df4-a45a-e058e9d64c39.jpg,"
Fresh Thyme Market,"Violife Cheese Alternative, Mozzarella Shreds",$6.49 ,,,8 oz,['Vegan'],,"https://www.instacart.com/image-server/257x257/filters:fill(FFF,true):format(jpg)/d2lnr5mha7bycj.cloudfront.net/product-image/file/large_460918b9-2c2b-42dc-ab11-a3b2a6db4c09.png,"
Fresh Thyme Market,Original price: $7.59,$6.49 ,,,8 oz,['Keto'],Many in stock,"https://www.instacart.com/image-server/257x257/filters:fill(FFF,true):format(jpg)/d2lnr5mha7bycj.cloudfront.net/product-image/file/large_416eb20e-ee14-4241-8004-94dc31d0ee06.png,"
Fresh Thyme Market,"Sartori Shredded Cheese, Parmesan Classic",$6.49 ,,,7 oz,['Keto'],Many in stock,"https://www.instacart.com/image-server/257x257/filters:fill(FFF,true):format(jpg)/d2lnr5mha7bycj.cloudfront.net/product-image/file/large_018b9e34-f4fe-4416-88f2-aa30b6cd6f09.png,"
Fresh Thyme Market,"Sartori Cheese, BellaVitano, Merlot",$6.99 ,,,5.3 oz,['Keto'],,"https://www.instacart.com/image-server/257x257/filters:fill(FFF,true):format(jpg)/d2lnr5mha7bycj.cloudfront.net/product-image/file/large_3b4ebcca-44ca-4512-a7b3-723b31ac4174.png,"
Fresh Thyme Market,Original price: $8.59,$8.09 ,,,8 oz,[],,"https://www.instacart.com/image-server/257x257/filters:fill(FFF,true):format(jpg)/d2lnr5mha7bycj.cloudfront.net/product-image/file/large_b98f87e1-9a3e-43c4-8c37-a4ba13931a10.png,"
Fresh Thyme Market,Fresh Thyme Market Chocolate Chip Cookies,$5.39 ,,,16 oz,[],Many in stock,"https://www.instacart.com/image-server/257x257/filters:fill(FFF,true):format(jpg)/d2lnr5mha7bycj.cloudfront.net/product-image/file/large_cd79a4a1-b6e1-42cb-8d39-456d0bb30a81.png,"
Fresh Thyme Market,Chocolate Brownie Bars,$6.49 ,,,14 oz,[],Many in stock,"https://www.instacart.com/image-server/257x257/filters:fill(FFF,true):format(jpg)/d2lnr5mha7bycj.cloudfront.net/product-image/file/large_a53515f0-47a9-4f14-9916-c3445b7e9fdc.png,"
Fresh Thyme Market,Simple Joys Bakery Banana Nut Sliced Banana Bread,$7.59 ,,,14.1 oz,[],,"https://www.instacart.com/image-server/257x257/filters:fill(FFF,true):format(jpg)/d2lnr5mha7bycj.cloudfront.net/product-image/file/large_391cc8f0-d724-4824-818a-bb6542ef9b16.png,"
Fresh Thyme Market,"Hail Merry Tart, Dark Chocolate",$6.49 ,,,3 oz,"['Vegan', 'Gluten-Free']",,"https://www.instacart.com/image-server/257x257/filters:fill(FFF,true):format(jpg)/d2lnr5mha7bycj.cloudfront.net/product-image/file/large_369a7714-5bf0-459a-aee6-749f590f02d0.png,"
Fresh Thyme Market,Jack's Paleo Kitchen Double Chocolate Cookies,$8.59 ,,,7 oz,['Gluten-Free'],,"https://www.instacart.com/image-server/257x257/filters:fill(FFF,true):format(jpg)/d2lnr5mha7bycj.cloudfront.net/product-image/file/large_b7bd13b0-d9a6-47b9-9717-9f5759247908.png,"
Fresh Thyme Market,Fresh Thyme Market Date & Oat Squares,$6.49 ,,,14 oz,[],Many in stock,"https://www.instacart.com/image-server/257x257/filters:fill(FFF,true):format(jpg)/d2lnr5mha7bycj.cloudfront.net/product-image/file/large_cf2f4541-beb1-4f0f-96df-8840b206a7fa.png,"
Fresh Thyme Market,Olson's Baking Company Angel Food Mini Cakes,$5.39 ,,,7 oz,[],,"https://www.instacart.com/image-server/257x257/filters:fill(FFF,true):format(jpg)/d2lnr5mha7bycj.cloudfront.net/product-image/file/large_0d45c087-7374-4983-8e15-8b1aa9197a9f.jpg,"
Fresh Thyme Market,"Hail Merry Cups, Meyer Lemon",$4.09 ,,,2 x 1.5 oz,"['Gluten-Free', 'Vegan']",,"https://www.instacart.com/image-server/257x257/filters:fill(FFF,true):format(jpg)/d2lnr5mha7bycj.cloudfront.net/product-image/file/large_b8d3ba68-ea2e-414e-bdde-08ff6e44dbb9.png,"
Fresh Thyme Market,Original price: $9.69,$8.99 ,,,8.5 oz,"['Gluten-Free', 'Vegan']",,"https://www.instacart.com/image-server/257x257/filters:fill(FFF,true):format(jpg)/d2lnr5mha7bycj.cloudfront.net/product-image/file/large_7979b6d0-71f0-472b-8d2d-2aa6afc844e0.png,"
Fresh Thyme Market,"Clyde's Donuts Donuts, Powdered Lil’ Smiles, Classic",$6.49 ,,,12 oz,[],,"https://www.instacart.com/image-server/257x257/filters:fill(FFF,true):format(jpg)/d2lnr5mha7bycj.cloudfront.net/product-image/file/large_c7e316bd-ee08-409a-98a6-ba506ca9e1b5.png,"
Fresh Thyme Market,The Cloud Bread Company Cloudies Original Cloudbread,$7.59 ,,,8 ct,"['Gluten-Free', 'Keto']",,"https://www.instacart.com/image-server/257x257/filters:fill(FFF,true):format(jpg)/d2lnr5mha7bycj.cloudfront.net/product-image/file/large_8da4dfcf-062e-4b3d-a857-561f4b672c5c.png,"
Fresh Thyme Market,"Just Desserts Cupcake, Lemon",$3.99 ,,,4.6 oz,[],,"https://www.instacart.com/image-server/257x257/filters:fill(FFF,true):format(jpg)/d2lnr5mha7bycj.cloudfront.net/product-image/file/large_1cdeef56-374c-41dd-b466-9cb5a1f80846.png,"
Fresh Thyme Market,Jack's Paleo Kitchen Chocolate Chip Cookies,$8.59 ,,,7 oz,['Gluten-Free'],,"https://www.instacart.com/image-server/257x257/filters:fill(FFF,true):format(jpg)/d2lnr5mha7bycj.cloudfront.net/product-image/file/large_2f178f5a-eb26-4fc1-a21d-da7f1d917523.png,"
Fresh Thyme Market,Fresh Thyme Market Salted Caramel Crispy Cookie,$6.49 ,,,10 ct,[],,"https://www.instacart.com/image-server/257x257/filters:fill(FFF,true):format(jpg)/d2lnr5mha7bycj.cloudfront.net/product-image/file/large_021fb59c-5c72-4490-a155-4d1a96b19253.png,"
Fresh Thyme Market,Two Bite Brownies,$5.99 ,,,10.5 oz,[],Many in stock,"https://www.instacart.com/image-server/257x257/filters:fill(FFF,true):format(jpg)/d2lnr5mha7bycj.cloudfront.net/product-image/file/large_0e208922-de90-46d1-958a-88656e9a8a3e.png,"
Fresh Thyme Market,Fresh Thyme Market Brownie Crispy Cookies,$6.49 ,,,10 ct,[],,"https://www.instacart.com/image-server/257x257/filters:fill(FFF,true):format(jpg)/d2lnr5mha7bycj.cloudfront.net/product-image/file/large_e87a5d61-eb3b-4be5-a091-4ff941eb510a.png,"
Fresh Thyme Market,Chuckanut Bay Foods Chocolate Truffle Mini Cheesecake,$5.39 ,,,3.5 oz,[],,"https://www.instacart.com/image-server/257x257/filters:fill(FFF,true):format(jpg)/d2lnr5mha7bycj.cloudfront.net/product-image/file/large_942e4b9c-de26-49f4-ab86-d2f0fa0048f7.png,"
Fresh Thyme Market,Original price: $42.99,$34.39 ,,,26.59 fl oz,[],,"https://www.instacart.com/image-server/257x257/filters:fill(FFF,true):format(jpg)/d1s8987jlndkbs.cloudfront.net/assets/missing-item-4bbe82b8555e4d1c12626fd482cb2409713e8e30835645ff3650ef66a725d03c.png,"
Fresh Thyme Market,Jack's Paleo Kitchen Lemon Zing Paleo Cookies,$8.59 ,,,7 oz,['Gluten-Free'],,"https://www.instacart.com/image-server/257x257/filters:fill(FFF,true):format(jpg)/d2lnr5mha7bycj.cloudfront.net/product-image/file/large_2f566471-c074-4e25-9d45-f1226e0610d3.png,"
Fresh Thyme Market,Fresh Thyme Market No Bake Natural Peanut Butter Fudge,$6.49 ,,,13.5 oz,[],,"https://www.instacart.com/image-server/257x257/filters:fill(FFF,true):format(jpg)/d2lnr5mha7bycj.cloudfront.net/product-image/file/large_17a78bef-70a7-435e-8d3d-cf98d4f88f33.png,"
Fresh Thyme Market,Nats Rawline Tiramisu Flavor Raw Cakes,$10.79 ,,,4.5 oz,"['Gluten-Free', 'Vegan']",,"https://www.instacart.com/image-server/257x257/filters:fill(FFF,true):format(jpg)/d2lnr5mha7bycj.cloudfront.net/product-image/file/large_f20bb8bc-d4be-40ea-8ae8-c31c44e7df7a.png,"
Fresh Thyme Market,Simple Joys Bakery Party Cake Sliced Cake,$7.59 ,,,14.1 oz,[],,"https://www.instacart.com/image-server/257x257/filters:fill(FFF,true):format(jpg)/d2lnr5mha7bycj.cloudfront.net/product-image/file/large_650cf944-560b-4f2f-9d2e-d9235e735a61.png,"
Fresh Thyme Market,Original price: $4.29,$3.29 ,,,10 oz,[],,"https://www.instacart.com/image-server/257x257/filters:fill(FFF,true):format(jpg)/d2lnr5mha7bycj.cloudfront.net/product-image/file/large_4da16e83-b4c3-433a-8f1f-258e76e6ce0a.png,"
Fresh Thyme Market,Original price: $10.29,$9.69 ,,,8 each,"['Gluten-Free', 'Vegan']",,"https://www.instacart.com/image-server/257x257/filters:fill(FFF,true):format(jpg)/d2lnr5mha7bycj.cloudfront.net/product-image/file/large_e9be3dc2-caa6-4ddc-9934-f87c344e0566.png,"
Fresh Thyme Market,"Two Bite Macaroons, Coconut, Original",$6.19 ,,,10 oz,[],,"https://www.instacart.com/image-server/257x257/filters:fill(FFF,true):format(jpg)/d2lnr5mha7bycj.cloudfront.net/product-image/file/large_a61cc988-3a46-4e0b-8f20-a9cfdf738586.png,"
Fresh Thyme Market,Fresh Thyme Market Chocolate Mousse Cake,$4.29 ,,,3.2 oz,[],,"https://www.instacart.com/image-server/257x257/filters:fill(FFF,true):format(jpg)/d2lnr5mha7bycj.cloudfront.net/product-image/file/large_7fc51507-62f7-42ed-b270-131f1b8f6d90.png,"
Fresh Thyme Market,Fresh Thyme Market Sugar Cookies,$5.39 ,,,16 oz,[],,"https://www.instacart.com/image-server/257x257/filters:fill(FFF,true):format(jpg)/d1s8987jlndkbs.cloudfront.net/assets/missing-item-4bbe82b8555e4d1c12626fd482cb2409713e8e30835645ff3650ef66a725d03c.png,"
Fresh Thyme Market,Fresh Thyme Market No Bake Natural Peanut Butter,$6.49 ,,,13.5 oz,[],,"https://www.instacart.com/image-server/257x257/filters:fill(FFF,true):format(jpg)/d2lnr5mha7bycj.cloudfront.net/product-image/file/large_e1697260-4567-4fb4-b460-0639c3357821.png,"
Fresh Thyme Market,Fresh Thyme Market Creme Brulee,$4.29 ,,,3.6 oz,[],,"https://www.instacart.com/image-server/257x257/filters:fill(FFF,true):format(jpg)/d2lnr5mha7bycj.cloudfront.net/product-image/file/large_5aa395cf-d77b-4a10-be9c-d328a015824b.png,"
Fresh Thyme Market,Simple Joys Bakery Lemon Sliced Cake,$7.59 ,,,14.1 oz,[],,"https://www.instacart.com/image-server/257x257/filters:fill(FFF,true):format(jpg)/d2lnr5mha7bycj.cloudfront.net/product-image/file/large_3ee8a536-f088-4e7d-9dfb-559f5eca3143.png,"
Fresh Thyme Market,Original price: $5.39,$4.29 ,,,2.93 oz,"['Gluten-Free', 'Vegan']",,"https://www.instacart.com/image-server/257x257/filters:fill(FFF,true):format(jpg)/d2lnr5mha7bycj.cloudfront.net/product-image/file/large_a022b8bc-885d-49f1-b889-2f0b927518d3.png,"
Fresh Thyme Market,Chuckanut Bay Foods Strawberry Mini Cheesecake,$5.39 ,,,3.5 oz,[],Many in stock,"https://www.instacart.com/image-server/257x257/filters:fill(FFF,true):format(jpg)/d2lnr5mha7bycj.cloudfront.net/product-image/file/large_41d9354c-ab22-4534-8bb4-912531e84987.png,"
Fresh Thyme Market,Alyssa's Cookies Healthy Vegan Bites,$8.39 ,,,6 oz,"['Gluten-Free', 'Vegan']",,"https://www.instacart.com/image-server/257x257/filters:fill(FFF,true):format(jpg)/d2lnr5mha7bycj.cloudfront.net/product-image/file/large_8e5faccd-bab2-478b-a18e-36e73ba8e25e.png,"
Fresh Thyme Market,Chuckanut Bay Foods Salted Caramel Mini Cheesecake,$5.39 ,,,3.5 oz,[],,"https://www.instacart.com/image-server/257x257/filters:fill(FFF,true):format(jpg)/d2lnr5mha7bycj.cloudfront.net/product-image/file/large_4894ed51-74ea-40da-a0a3-9deec0a21c78.png,"
Fresh Thyme Market,Original price: $5.39,$4.29 ,,,4.5 oz,['Vegan'],,"https://www.instacart.com/image-server/257x257/filters:fill(FFF,true):format(jpg)/d2lnr5mha7bycj.cloudfront.net/product-image/file/large_f81bd046-b1b1-452d-8085-de79802e8edb.png,"
Fresh Thyme Market,"Ethel's Baking Co. Bar, Turtle Dandy",$10.79 ,,,10 oz,['Gluten-Free'],,"https://www.instacart.com/image-server/257x257/filters:fill(FFF,true):format(jpg)/d2lnr5mha7bycj.cloudfront.net/product-image/file/large_b749e101-63bd-4f3d-8094-686034359c8b.png,"
Fresh Thyme Market,Abe's Vegan Muffins Brownies,$8.59 ,,,11.5 oz,['Vegan'],,"https://www.instacart.com/image-server/257x257/filters:fill(FFF,true):format(jpg)/d2lnr5mha7bycj.cloudfront.net/product-image/file/large_1bcea43a-a4ca-431d-82b0-9756b59e1e64.png,"
Fresh Thyme Market,Ethel’s Baking Co. Gluten Free Snickerdoodle Cookie,$6.49 ,,,8 ct,['Gluten-Free'],,"https://www.instacart.com/image-server/257x257/filters:fill(FFF,true):format(jpg)/d2lnr5mha7bycj.cloudfront.net/product-image/file/large_9ac6bebe-d044-4aec-b5eb-d9c2ad358e52.png,"
Fresh Thyme Market,"Old Fashioned Baked Cherry Pie 4""",$1.79 ,,,4 oz,[],,"https://www.instacart.com/image-server/257x257/filters:fill(FFF,true):format(jpg)/d2lnr5mha7bycj.cloudfront.net/product-image/file/large_e44f37ff-99b1-4c23-a568-31bcbd9b3606.png,"
Fresh Thyme Market,"Old Fashioned Pie, Wild Blueberry",$1.79 ,,,4 oz,[],,"https://www.instacart.com/image-server/257x257/filters:fill(FFF,true):format(jpg)/d2lnr5mha7bycj.cloudfront.net/product-image/file/large_493e5523-5f5a-454e-979d-bba82cb46533.png,"
Fresh Thyme Market,Applegate Naturals Naturals Chicken Nuggets,$16.19 ,,,16 oz,[],,"https://www.instacart.com/image-server/257x257/filters:fill(FFF,true):format(jpg)/d2lnr5mha7bycj.cloudfront.net/product-image/file/large_ee3bae31-640c-4844-a720-8473f2848968.png,"
Fresh Thyme Market,Original price: $8.59,$6.49 ,,,21 oz,[],,"https://www.instacart.com/image-server/257x257/filters:fill(FFF,true):format(jpg)/d2lnr5mha7bycj.cloudfront.net/product-image/file/large_fd43971b-68c3-4836-8268-5c48b1b444b5.jpg,"
Fresh Thyme Market,Perdue Gluten Free Breaded Chicken Tenders,$11.89 ,,,1.38 lb,['Gluten-Free'],,"https://www.instacart.com/image-server/257x257/filters:fill(FFF,true):format(jpg)/d2lnr5mha7bycj.cloudfront.net/product-image/file/large_b14fa5e8-8abe-4184-bb04-7b41fcd22913.jpg,"
Fresh Thyme Market,Actual Veggies Black Bean Veggie Burger,$8.59 ,,,4 x 12 oz,"['Gluten-Free', 'Vegan']",,"https://www.instacart.com/image-server/257x257/filters:fill(FFF,true):format(jpg)/d2lnr5mha7bycj.cloudfront.net/product-image/file/large_620f2e85-abb9-4597-aca0-67c2ce126ddb.png,"
Fresh Thyme Market,Perdue Lightly Breaded Chicken Dino Nuggets,$11.89 ,,,1.5 lb,[],,"https://www.instacart.com/image-server/257x257/filters:fill(FFF,true):format(jpg)/d2lnr5mha7bycj.cloudfront.net/product-image/file/large_75e631ce-706d-4f9e-b238-9e1bfbd8730f.jpg,"
Fresh Thyme Market,Fresh Thyme Market Raw Easy Peel Shrimp,$22.59 ,,,2 lb,[],,"https://www.instacart.com/image-server/257x257/filters:fill(FFF,true):format(jpg)/d2lnr5mha7bycj.cloudfront.net/product-image/file/large_8aa74579-2a8f-476b-bd23-47cdf488999f.png,"
Fresh Thyme Market,"Beyond Meat Beyond Breakfast Sausage, Plant-Based Breakfast Patties, Original",$5.99 ,,,7.4 oz,"['Gluten-Free', 'Vegan']",,"https://www.instacart.com/image-server/257x257/filters:fill(FFF,true):format(jpg)/d2lnr5mha7bycj.cloudfront.net/product-image/file/large_d3ee210f-07f5-48c8-b243-2b3cbdc6f12f.jpg,"
Fresh Thyme Market,"Daring Buffalo Plant Chicken Wings, Gluten-Free",$8.09 ,,,8 oz,['Gluten-Free'],,"https://www.instacart.com/image-server/257x257/filters:fill(FFF,true):format(jpg)/d2lnr5mha7bycj.cloudfront.net/product-image/file/large_31dabe72-1d31-4696-b6a6-0942b3b5ee12.jpg,"
Fresh Thyme Market,Original price: $12.89,$12.39 ,,,9 oz,[],Many in stock,"https://www.instacart.com/image-server/257x257/filters:fill(FFF,true):format(jpg)/d2lnr5mha7bycj.cloudfront.net/product-image/file/large_57b76922-322c-4fc2-afad-2b512d4ed001.png,"
Fresh Thyme Market,Applegate Naturals Gluten Free Chicken Nuggets 16 oz,$16.19 ,,,16 oz,['Gluten-Free'],,"https://www.instacart.com/image-server/257x257/filters:fill(FFF,true):format(jpg)/d2lnr5mha7bycj.cloudfront.net/product-image/file/large_4b0a9592-7560-47c7-aa5d-1eeca0e9d5cf.png,"
Fresh Thyme Market,Original price: $12.89,$12.39 ,,,10.5 oz,[],,"https://www.instacart.com/image-server/257x257/filters:fill(FFF,true):format(jpg)/d2lnr5mha7bycj.cloudfront.net/product-image/file/large_1f531ff8-37b8-4fc2-a5b2-5e6d636c6d74.png,"
Fresh Thyme Market,"Daring Breaded Plant Chicken Wings, Gluten-Free",$8.09 ,,,8 oz,"['Gluten-Free', 'Vegan']",,"https://www.instacart.com/image-server/257x257/filters:fill(FFF,true):format(jpg)/d2lnr5mha7bycj.cloudfront.net/product-image/file/large_3d93e703-e9e9-4c32-95bb-88550e9a70c4.jpg,"
Fresh Thyme Market,Original price: $6.99,$5.99 ,,,10 oz,[],,"https://www.instacart.com/image-server/257x257/filters:fill(FFF,true):format(jpg)/d2lnr5mha7bycj.cloudfront.net/product-image/file/large_5865dcf4-a22d-4350-86ff-d20df0215bd1.png,"
Fresh Thyme Market,"Beyond Meat Beyond Breakfast Sausage, Plant-Based Breakfast Patties, Spicy",$5.99 ,,,7.4 oz,"['Gluten-Free', 'Vegan']",,"https://www.instacart.com/image-server/257x257/filters:fill(FFF,true):format(jpg)/d2lnr5mha7bycj.cloudfront.net/product-image/file/large_76a5a356-4ea6-4680-b59b-3d8b908200e8.jpg,"
Fresh Thyme Market,Original price: $8.59,$6.49 ,,,21.5 oz,[],,"https://www.instacart.com/image-server/257x257/filters:fill(FFF,true):format(jpg)/d2lnr5mha7bycj.cloudfront.net/product-image/file/large_e53269b0-5ee6-47b7-a897-e4a4b8a2f6d4.jpg,"
Fresh Thyme Market,"Daring Cajun Plant Chicken Pieces, Gluten-Free",$8.09 ,,,8 oz,"['Gluten-Free', 'Vegan']",,"https://www.instacart.com/image-server/257x257/filters:fill(FFF,true):format(jpg)/d2lnr5mha7bycj.cloudfront.net/product-image/file/large_c7cd84a4-3a63-43f3-9e89-3546233d3784.jpg,"
Fresh Thyme Market,"Tyson Cooked Grilled Chicken Breast Strips, Frozen",$10.79 ,,,22 oz,[],,"https://www.instacart.com/image-server/257x257/filters:fill(FFF,true):format(jpg)/d2lnr5mha7bycj.cloudfront.net/product-image/file/large_278acb74-6198-4dd3-9f74-cbdf846167ff.jpg,"
Fresh Thyme Market,Gardein Vegan Frozen Gluten-Free Plant-Based Ground Be'f Crumbles,$6.49 ,,,13.8 oz,"['Gluten-Free', 'Vegan']",,"https://www.instacart.com/image-server/257x257/filters:fill(FFF,true):format(jpg)/d2lnr5mha7bycj.cloudfront.net/product-image/file/large_89f2d520-1d3b-426e-82d9-ad6465514732.jpg,"
Fresh Thyme Market,"eat meati Crispy Cutlets, 2-pack",$10.79 ,,,9.5 oz,"['Gluten-Free', 'Vegan']",Many in stock,"https://www.instacart.com/image-server/257x257/filters:fill(FFF,true):format(jpg)/d2lnr5mha7bycj.cloudfront.net/product-image/file/large_b4b5e6e5-5d01-42c5-8761-e6ec3c03bea3.jpg,"
Fresh Thyme Market,Original price: $8.59,$6.49 ,,,21.7 oz,[],,"https://www.instacart.com/image-server/257x257/filters:fill(FFF,true):format(jpg)/d2lnr5mha7bycj.cloudfront.net/product-image/file/large_6c0cb435-80f0-4f23-a9f4-aa49613adf71.png,"
Fresh Thyme Market,"Tyson Fully Cooked Crispy Chicken Strips, (Frozen)",$10.79 ,,,25 oz,[],,"https://www.instacart.com/image-server/257x257/filters:fill(FFF,true):format(jpg)/d2lnr5mha7bycj.cloudfront.net/product-image/file/large_556d3273-6eca-49cb-b38c-826f769cbcfa.jpg,"
Fresh Thyme Market,Original price: $8.59,$6.49 ,,,18 oz,[],,"https://www.instacart.com/image-server/257x257/filters:fill(FFF,true):format(jpg)/d2lnr5mha7bycj.cloudfront.net/product-image/file/large_9c6421d5-8661-48bc-b60f-395e2d38f39d.png,"
Fresh Thyme Market,"Daring Original Plant Chicken Pieces, Gluten-Free",$8.09 ,,,8 oz,"['Gluten-Free', 'Vegan']",,"https://www.instacart.com/image-server/257x257/filters:fill(FFF,true):format(jpg)/d2lnr5mha7bycj.cloudfront.net/product-image/file/large_060998a5-aea4-47d3-8da2-39d3e233c1e7.jpg,"
Fresh Thyme Market,Applegate Organics Organic Chicken Strips,$11.29 ,,,8 oz,[],,"https://www.instacart.com/image-server/257x257/filters:fill(FFF,true):format(jpg)/d2lnr5mha7bycj.cloudfront.net/product-image/file/large_877f70f4-ed39-4204-b822-9b76a9f063e5.png,"
Fresh Thyme Market,Original price: $6.49,$5.99 ,,,5 ct,[],,"https://www.instacart.com/image-server/257x257/filters:fill(FFF,true):format(jpg)/d2lnr5mha7bycj.cloudfront.net/product-image/file/large_331afc16-5a34-4807-883d-42496489b5a4.png,"
Fresh Thyme Market,Impossible Meatballs Made From Plants,$10.29 ,,,14 oz,[],,"https://www.instacart.com/image-server/257x257/filters:fill(FFF,true):format(jpg)/d2lnr5mha7bycj.cloudfront.net/product-image/file/large_2bee6af6-6bc3-4efa-b413-96a3c05bc847.png,"
Fresh Thyme Market,"Northern Chef Shrimp, Gluten Free, Coconut",$8.59 ,,,9 oz,[],,"https://www.instacart.com/image-server/257x257/filters:fill(FFF,true):format(jpg)/d2lnr5mha7bycj.cloudfront.net/product-image/file/large_1cfc044e-733a-46e8-81ac-a00e8e54dad2.png,"
Fresh Thyme Market,Impossible Chicken Nuggets Made From Plants,$10.29 ,,,13.5 oz,[],,"https://www.instacart.com/image-server/257x257/filters:fill(FFF,true):format(jpg)/d2lnr5mha7bycj.cloudfront.net/product-image/file/large_7a28c666-8a1c-4f55-a614-cfab35918d88.png,"
Fresh Thyme Market,"Dr. Praeger's Veggie Burgers, Southwestern Sweet Potato, Crunchy",$6.99 ,,,4 x 2.5 oz,['Vegan'],,"https://www.instacart.com/image-server/257x257/filters:fill(FFF,true):format(jpg)/d2lnr5mha7bycj.cloudfront.net/product-image/file/large_9cf45d22-4e3b-4c6a-9b54-4ebf8fe5d875.png,"
Fresh Thyme Market,Original price: $10.79,$10.29 ,,,12 oz,[],,"https://www.instacart.com/image-server/257x257/filters:fill(FFF,true):format(jpg)/d2lnr5mha7bycj.cloudfront.net/product-image/file/large_6078f28c-3961-4dfd-a269-bbe41855a39e.jpg,"
Fresh Thyme Market,"Dr. Praeger's Veggie Burgers, Gluten Free, Black Bean Quinoa",$6.99 ,,,4 x 2.5 oz,"['Gluten-Free', 'Vegan']",Many in stock,"https://www.instacart.com/image-server/257x257/filters:fill(FFF,true):format(jpg)/d2lnr5mha7bycj.cloudfront.net/product-image/file/large_202afdca-c070-4031-8423-422f3f7d8a11.png,"
Fresh Thyme Market,Original price: $5.39,$4.69 ,,,12 oz,['Gluten-Free'],,"https://www.instacart.com/image-server/257x257/filters:fill(FFF,true):format(jpg)/d2lnr5mha7bycj.cloudfront.net/product-image/file/large_5c2aa634-c7e9-4c2f-9ca2-65521fec83e4.png,"
Fresh Thyme Market,"Cooked Perfect Meatballs, Italian Style, Dinner Size",$9.69 ,,,18 oz,[],,"https://www.instacart.com/image-server/257x257/filters:fill(FFF,true):format(jpg)/d2lnr5mha7bycj.cloudfront.net/product-image/file/large_ae5a53c1-963c-4a49-8d5d-94ea8ce6f851.png,"
Fresh Thyme Market,"Caulipower Chicken Tenders, Spicy(Ish)",$11.89 ,,,14 oz,['Gluten-Free'],,"https://www.instacart.com/image-server/257x257/filters:fill(FFF,true):format(jpg)/d2lnr5mha7bycj.cloudfront.net/product-image/file/large_123ba0f8-c9f6-477f-834d-49cb9c545927.png,"
Fresh Thyme Market,Original price: $10.79,$9.69 ,,,20 oz,[],,"https://www.instacart.com/image-server/257x257/filters:fill(FFF,true):format(jpg)/d2lnr5mha7bycj.cloudfront.net/product-image/file/large_cfeb7a9f-b1e4-463c-b0f5-82d1b7f762da.png,"
Fresh Thyme Market,Original price: $6.49,$5.39 ,,,2 x 8 oz,[],,"https://www.instacart.com/image-server/257x257/filters:fill(FFF,true):format(jpg)/d2lnr5mha7bycj.cloudfront.net/product-image/file/large_834866d5-5fa3-4b27-8f11-8b9dbfb29703.png,"
Fresh Thyme Market,Caulipower Chicken Tenders,$11.89 ,,,14 oz,['Gluten-Free'],,"https://www.instacart.com/image-server/257x257/filters:fill(FFF,true):format(jpg)/d2lnr5mha7bycj.cloudfront.net/product-image/file/large_5a95b531-7fa1-413a-8e4e-768c592a9729.png,"
Fresh Thyme Market,Original price: $6.49,$5.99 ,,,10 oz,['Vegan'],,"https://www.instacart.com/image-server/257x257/filters:fill(FFF,true):format(jpg)/d2lnr5mha7bycj.cloudfront.net/product-image/file/large_e0346236-9a21-4e6d-8870-c737143236c1.png,"
Fresh Thyme Market,Original price: $18.29,$17.19 ,,,16 oz,[],,"https://www.instacart.com/image-server/257x257/filters:fill(FFF,true):format(jpg)/d2lnr5mha7bycj.cloudfront.net/product-image/file/large_6b6154f4-2d7b-4fe5-b3b5-e88c2b7f1b93.png,"
Fresh Thyme Market,"Sea Legend Sea Scallops, Jumbo, Pieces",$13.99 ,,,1 lb,[],,"https://www.instacart.com/image-server/257x257/filters:fill(FFF,true):format(jpg)/d2lnr5mha7bycj.cloudfront.net/product-image/file/large_cdae4c6b-bf7b-47cb-8b73-ab9c6e62b192.png,"
Fresh Thyme Market,"Daring Teriyaki Plant Chicken Pieces, Gluten-Free",$8.09 ,,,8 oz,"['Gluten-Free', 'Vegan']",,"https://www.instacart.com/image-server/257x257/filters:fill(FFF,true):format(jpg)/d2lnr5mha7bycj.cloudfront.net/product-image/file/large_32697f4e-c2af-4152-b58c-93bb170cd1db.jpg,"
Fresh Thyme Market,Fresh Thyme Market Raw Frozen Wild Caught Argentine Red Shrimp,$23.69 ,,,2 lb,[],,"https://www.instacart.com/image-server/257x257/filters:fill(FFF,true):format(jpg)/d2lnr5mha7bycj.cloudfront.net/product-image/file/large_40a3a9db-143d-422f-addd-e4dd614e5b02.png,"
Fresh Thyme Market,Original price: $6.49,$5.99 ,,,9.1 oz,['Vegan'],,"https://www.instacart.com/image-server/257x257/filters:fill(FFF,true):format(jpg)/d2lnr5mha7bycj.cloudfront.net/product-image/file/large_db81a590-b65d-42ef-9b22-f13975336688.png,"
Fresh Thyme Market,Original price: $24.79,$15.09 ,,,2 lb,[],,"https://www.instacart.com/image-server/257x257/filters:fill(FFF,true):format(jpg)/d2lnr5mha7bycj.cloudfront.net/product-image/file/large_2f0893df-ddbf-4bac-ac23-482c1b0d464e.png,"
Fresh Thyme Market,Fresh Thyme Market Organic Cage Free Medium Brown Eggs,$5.99 ,,,,['Organic'],Many in stock,"https://www.instacart.com/image-server/257x257/filters:fill(FFF,true):format(jpg)/d2lnr5mha7bycj.cloudfront.net/product-image/file/large_3ba113c3-2c66-4946-b46e-03a79d81d9f5.png,"
Fresh Thyme Market,Pederson's Natural Organic No Sugar Smoked Uncured Bacon,$8.29 ,,,8 oz,['Organic'],,"https://www.instacart.com/image-server/257x257/filters:fill(FFF,true):format(jpg)/d2lnr5mha7bycj.cloudfront.net/product-image/file/large_e7d33675-e195-4cc9-a524-46dc4338cd21.png,"
Fresh Thyme Market,"Vital Farms Eggs, Large",$7.59 ,,,12 ct,[],,"https://www.instacart.com/image-server/257x257/filters:fill(FFF,true):format(jpg)/d2lnr5mha7bycj.cloudfront.net/product-image/file/large_b1717c99-6cdc-4cff-9640-12f666076c0c.png,"
Fresh Thyme Market,Original price: $9.09,$6.79 ,,,10.7 oz,['Gluten-Free'],,"https://www.instacart.com/image-server/257x257/filters:fill(FFF,true):format(jpg)/d2lnr5mha7bycj.cloudfront.net/product-image/file/large_18ec1de1-e020-4c14-a5f8-2219078a8d54.png,"
Fresh Thyme Market,Original price: $9.69,$7.29 ,,,20 oz,[],,"https://www.instacart.com/image-server/257x257/filters:fill(FFF,true):format(jpg)/d2lnr5mha7bycj.cloudfront.net/product-image/file/large_d4c2d3e6-2fa3-4307-b545-974511589a35.jpg,"
Fresh Thyme Market,"Smucker's Jam, Strawberry, Seedless",$5.59 ,,,18 oz,[],,"https://www.instacart.com/image-server/257x257/filters:fill(FFF,true):format(jpg)/d2lnr5mha7bycj.cloudfront.net/product-image/file/large_2eeba11e-9a79-41c8-89c7-0d2e35f2d654.jpg,"
Fresh Thyme Market,Handsome Brook Farm Organic Eggs Pasture Raised,$6.49 ,,,12 ct,['Organic'],,"https://www.instacart.com/image-server/257x257/filters:fill(FFF,true):format(jpg)/d2lnr5mha7bycj.cloudfront.net/product-image/file/large_97674b15-016c-4e0a-8693-421328fe7688.png,"
Fresh Thyme Market,Nature's Path Apple Cinnamon Oatmeal,$5.99 ,,,8 x 1.76 oz,['Organic'],,"https://www.instacart.com/image-server/257x257/filters:fill(FFF,true):format(jpg)/d2lnr5mha7bycj.cloudfront.net/product-image/file/large_77eddbf5-06b1-47b4-ac33-6f777d9e0355.jpg,"
Fresh Thyme Market,Nature's Path Original Oatmeal,$5.99 ,,,8 ct,['Organic'],,"https://www.instacart.com/image-server/257x257/filters:fill(FFF,true):format(jpg)/d2lnr5mha7bycj.cloudfront.net/product-image/file/large_12ef8b50-7038-47f7-af22-d8a03ca7f496.jpg,"
Fresh Thyme Market,Original price: $6.49,$4.89 ,,,16 oz,['Organic'],,"https://www.instacart.com/image-server/257x257/filters:fill(FFF,true):format(jpg)/d2lnr5mha7bycj.cloudfront.net/product-image/file/large_f93e810f-76d6-40d9-b5bd-0360a82c0979.jpg,"
Fresh Thyme Market,Original price: $7.59,$4.89 ,,,12 oz,[],,"https://www.instacart.com/image-server/257x257/filters:fill(FFF,true):format(jpg)/d2lnr5mha7bycj.cloudfront.net/product-image/file/large_118cbf97-1a81-4c9f-b597-8f4703c4ad3a.jpg,"
Fresh Thyme Market,Fresh Thyme Market Dark Red Kidney Beans,$1.09 ,,,15 oz,[],Many in stock,"https://www.instacart.com/image-server/257x257/filters:fill(FFF,true):format(jpg)/d2lnr5mha7bycj.cloudfront.net/product-image/file/large_39ded62a-b8a4-4445-b766-8a3bd09a872a.png,"
Fresh Thyme Market,Original price: $9.69,$7.29 ,,,18 oz,[],,"https://www.instacart.com/image-server/257x257/filters:fill(FFF,true):format(jpg)/d2lnr5mha7bycj.cloudfront.net/product-image/file/large_35283603-909e-45e0-91a6-6c2feafac091.jpg,"
Fresh Thyme Market,Nature's Path Maple Nut Oatmeal,$5.99 ,,,400 g,['Organic'],,"https://www.instacart.com/image-server/257x257/filters:fill(FFF,true):format(jpg)/d2lnr5mha7bycj.cloudfront.net/product-image/file/large_feaada33-1b10-4170-98cb-88af15f28000.jpg,"
Fresh Thyme Market,Good Good Strawberry Jam - No Added Sugar,$6.69 ,,,12 oz,[],,"https://www.instacart.com/image-server/257x257/filters:fill(FFF,true):format(jpg)/d2lnr5mha7bycj.cloudfront.net/product-image/file/large_bcdd6ceb-58ec-47b6-8bf6-276a1b398835.png,"
Fresh Thyme Market,"Country Hearth Bread, 100% Whole Grain, Big",$5.19 ,,,24 oz,[],,"https://www.instacart.com/image-server/257x257/filters:fill(FFF,true):format(jpg)/d2lnr5mha7bycj.cloudfront.net/product-image/file/large_230f93ba-8181-4673-9c83-02a44bb94528.png,"
Fresh Thyme Market,Fresh Thyme Market Large Grade A Cage Free White Egg,$3.29 ,,,,[],Many in stock,"https://www.instacart.com/image-server/257x257/filters:fill(FFF,true):format(jpg)/d2lnr5mha7bycj.cloudfront.net/product-image/file/large_f99aef2e-73ba-4943-adfe-1eda499f7e5d.png,"
Fresh Thyme Market,"Bob's Red Mill Oatmeal Cup, Brown Sugar & Maple, Gluten Free",$3.29 ,,,2.15 oz,['Gluten-Free'],,"https://www.instacart.com/image-server/257x257/filters:fill(FFF,true):format(jpg)/d2lnr5mha7bycj.cloudfront.net/product-image/file/large_e01ae613-f85a-47b4-8f6a-888ff21820af.jpg,"
Fresh Thyme Market,"Pederson's Natural Farms No Sugar Hickory Smoked Uncured Bacon, No Gestation Crates",$8.09 ,,,10 oz,[],,"https://www.instacart.com/image-server/257x257/filters:fill(FFF,true):format(jpg)/d2lnr5mha7bycj.cloudfront.net/product-image/file/large_777d8bec-88f3-41fe-a016-8c2fe9704677.png,"
Fresh Thyme Market,Original price: $7.59,$5.69 ,,,14 oz,['Gluten-Free'],,"https://www.instacart.com/image-server/257x257/filters:fill(FFF,true):format(jpg)/d2lnr5mha7bycj.cloudfront.net/product-image/file/large_a714beed-72c4-48c3-b3da-26a8a744916b.jpg,"
Fresh Thyme Market,Fresh Thyme Market Organic Dry Kidney Beans,$1.39 ,,,15 oz,['Organic'],Many in stock,"https://www.instacart.com/image-server/257x257/filters:fill(FFF,true):format(jpg)/d2lnr5mha7bycj.cloudfront.net/product-image/file/large_66af3f89-2cfe-4e8a-bf99-a41ac28ab187.png,"
Fresh Thyme Market,"Bob's Red Mill Gluten Free Oatmeal Cup, Apple & Cinnamon",$3.29 ,,,2.36 oz,['Gluten-Free'],,"https://www.instacart.com/image-server/257x257/filters:fill(FFF,true):format(jpg)/d2lnr5mha7bycj.cloudfront.net/product-image/file/large_d1f51850-3d91-44e0-9920-5dce950e0d2e.jpg,"
Fresh Thyme Market,"Purely Elizabeth Vanilla Pecan, Superfood Oatmeal Cup with Collagen",$3.29 ,,,2 oz,"['Organic', 'Gluten-Free']",,"https://www.instacart.com/image-server/257x257/filters:fill(FFF,true):format(jpg)/d2lnr5mha7bycj.cloudfront.net/product-image/file/large_32c196e4-2a73-4bb1-9371-fc55906d8c15.png,"
Fresh Thyme Market,"Good Good Jam, No Added Sugar, Raspberry",$6.69 ,,,12 oz,[],,"https://www.instacart.com/image-server/257x257/filters:fill(FFF,true):format(jpg)/d2lnr5mha7bycj.cloudfront.net/product-image/file/large_0eec4444-1959-4f7d-b8f3-60630fd90e59.png,"
Fresh Thyme Market,Pepperidge Farm Whole Grain 100% Whole Wheat Bread,$5.39 ,,,24 oz,[],,"https://www.instacart.com/image-server/257x257/filters:fill(FFF,true):format(jpg)/d2lnr5mha7bycj.cloudfront.net/product-image/file/large_3a0a4378-926d-4a55-9a1f-8b81d3fe5fd9.jpg,"
Fresh Thyme Market,Original price: $7.59,$5.69 ,,,12 oz,['Gluten-Free'],,"https://www.instacart.com/image-server/257x257/filters:fill(FFF,true):format(jpg)/d2lnr5mha7bycj.cloudfront.net/product-image/file/large_240e7d9b-be9f-4656-913a-f061789fc885.jpg,"
Fresh Thyme Market,"Purely Elizabeth Blueberry Walnut, Superfood Oatmeal Cup, with Collagen",$3.29 ,,,2 oz,"['Organic', 'Gluten-Free']",,"https://www.instacart.com/image-server/257x257/filters:fill(FFF,true):format(jpg)/d2lnr5mha7bycj.cloudfront.net/product-image/file/large_3ec87797-b63b-4961-aee3-b288e9832418.png,"
Fresh Thyme Market,Applegate Natural Sunday Bacon,$7.59 ,,,8 oz,[],,"https://www.instacart.com/image-server/257x257/filters:fill(FFF,true):format(jpg)/d2lnr5mha7bycj.cloudfront.net/product-image/file/large_a6010d0f-48d4-4688-ab16-177daab4eceb.png,"
Fresh Thyme Market,Fresh Thyme Market Organic Low Fat Refried Pinto Beans,$2.19 ,,,16 oz,['Organic'],,"https://www.instacart.com/image-server/257x257/filters:fill(FFF,true):format(jpg)/d2lnr5mha7bycj.cloudfront.net/product-image/file/large_93dc156c-2bb5-4577-ac2c-49e1b6e042e8.png,"
Fresh Thyme Market,"Vital Farms Eggs, Organic, Pasture Raised, Large",$9.69 ,,,12 ct,['Organic'],Many in stock,"https://www.instacart.com/image-server/257x257/filters:fill(FFF,true):format(jpg)/d2lnr5mha7bycj.cloudfront.net/product-image/file/large_69683bf4-9b5f-45a4-9392-749f53b71ada.png,"
Fresh Thyme Market,Quaker Old Fashioned Oatmeal,$9.19 ,,,42 oz,[],,"https://www.instacart.com/image-server/257x257/filters:fill(FFF,true):format(jpg)/d2lnr5mha7bycj.cloudfront.net/product-image/file/large_79eacfcb-0c67-48e7-ac27-34641be57a75.png,"
Fresh Thyme Market,Fresh Thyme Market Great Northern Beans,$1.09 ,,,15 oz,[],Many in stock,"https://www.instacart.com/image-server/257x257/filters:fill(FFF,true):format(jpg)/d2lnr5mha7bycj.cloudfront.net/product-image/file/large_c578f1dd-24c5-4967-89c3-a1979cebb73e.png,"
Fresh Thyme Market,Boar's Head Naturally Smoked Sliced Bacon,$9.69 ,,,16 oz,[],Many in stock,"https://www.instacart.com/image-server/257x257/filters:fill(FFF,true):format(jpg)/d2lnr5mha7bycj.cloudfront.net/product-image/file/large_0b0bebef-a44f-4564-bf40-5c9f272eb72c.png,"
Fresh Thyme Market,Fresh Thyme Market Pinto Organic Beans,$1.39 ,,,15 oz,['Organic'],,"https://www.instacart.com/image-server/257x257/filters:fill(FFF,true):format(jpg)/d2lnr5mha7bycj.cloudfront.net/product-image/file/large_59a2f790-790f-4b0f-b496-4f6383c50a83.png,"
Fresh Thyme Market,"Indiana Kitchen Bacon, Natural Hardwood Smoked",$6.99 ,,,16 oz,[],,"https://www.instacart.com/image-server/257x257/filters:fill(FFF,true):format(jpg)/d2lnr5mha7bycj.cloudfront.net/product-image/file/large_66fd200a-74e6-49e1-9280-a20cc4a68243.png,"
Fresh Thyme Market,Pepperidge Farm 15 Grain Bread,$5.39 ,,,22 oz,[],,"https://www.instacart.com/image-server/257x257/filters:fill(FFF,true):format(jpg)/d2lnr5mha7bycj.cloudfront.net/product-image/file/large_c9f334c7-d247-40a9-80ce-768bf34dfe84.jpg,"
Fresh Thyme Market,Kodiak Cakes Maple Brown Sugar Oatmeal Packet,$7.89 ,,,6 x 1.76 oz,[],,"https://www.instacart.com/image-server/257x257/filters:fill(FFF,true):format(jpg)/d2lnr5mha7bycj.cloudfront.net/product-image/file/large_03f9c596-e6ae-43ff-a00f-1e3ba933d281.jpg,"
Fresh Thyme Market,Original price: $8.59,$6.99 ,,,2 ct,[],,"https://www.instacart.com/image-server/257x257/filters:fill(FFF,true):format(jpg)/d2lnr5mha7bycj.cloudfront.net/product-image/file/large_fbcd402d-e114-4672-b4e6-0344028473a9.png,"
Fresh Thyme Market,Happy Egg Free Range Large Brown Grade A Eggs,$5.99 ,,,12 ct,[],,"https://www.instacart.com/image-server/257x257/filters:fill(FFF,true):format(jpg)/d2lnr5mha7bycj.cloudfront.net/product-image/file/large_ff2f60dd-1914-4420-a4b3-a82bcc5824a9.png,"
Fresh Thyme Market,La Preferida Black Beans (Frijoles Negros),$2.19 ,,,15 oz,[],,"https://www.instacart.com/image-server/257x257/filters:fill(FFF,true):format(jpg)/d2lnr5mha7bycj.cloudfront.net/product-image/file/large_e935484b-6379-4bd3-8166-0bd9386c19de.png,"
Fresh Thyme Market,Original price: $4.29,$3.29 ,,,32 oz,[],,"https://www.instacart.com/image-server/257x257/filters:fill(FFF,true):format(jpg)/d2lnr5mha7bycj.cloudfront.net/product-image/file/large_202b021f-6fb1-4d60-b18d-b767ce4361d5.png,"
Fresh Thyme Market,Original price: $5.39,$4.29 ,,,"Original price: $5.39
$5.39",['Organic'],Likely out of stock,"https://www.instacart.com/image-server/257x257/filters:fill(FFF,true):format(jpg)/d2lnr5mha7bycj.cloudfront.net/product-image/file/large_16835012-02eb-485f-9bc0-82cd0433bd9d.png,"
Fresh Thyme Market,Eggland's Best Cage Free Grade A Large Brown Eggs,$4.99 ,,,12 ct,[],,"https://www.instacart.com/image-server/257x257/filters:fill(FFF,true):format(jpg)/d2lnr5mha7bycj.cloudfront.net/product-image/file/large_50354f0e-105d-4a9b-9979-9bf96e290dba.png,"
Fresh Thyme Market,Food for Life Ezekiel 4:9 Bread Organic Sprouted Whole Grain,$8.59 ,,,24 oz,"['Organic', 'Vegan']",,"https://www.instacart.com/image-server/257x257/filters:fill(FFF,true):format(jpg)/d2lnr5mha7bycj.cloudfront.net/product-image/file/large_0c198d03-8bca-4fd5-a590-88655bb7345a.png,"
Fresh Thyme Market,Original price: $7.89,$5.89 ,,,26 oz,['Organic'],,"https://www.instacart.com/image-server/257x257/filters:fill(FFF,true):format(jpg)/d2lnr5mha7bycj.cloudfront.net/product-image/file/large_9bce89ea-1677-47d4-ae70-3be4e4b76c14.png,"
Fresh Thyme Market,Happy Egg Organic Free Range Large Brown Grade A Eggs,$7.59 ,,,12 ct,['Organic'],,"https://www.instacart.com/image-server/257x257/filters:fill(FFF,true):format(jpg)/d2lnr5mha7bycj.cloudfront.net/product-image/file/large_e52ba34a-1adf-4fab-9e48-dcc1137aa93c.png,"
Fresh Thyme Market,"Kodiak Cakes Oatmeal, Strawberries & Cream, Protein-Packed",$7.89 ,,,6 x 1.76 oz,[],,"https://www.instacart.com/image-server/257x257/filters:fill(FFF,true):format(jpg)/d2lnr5mha7bycj.cloudfront.net/product-image/file/large_edc5510e-0030-422a-be36-8a9538026708.png,"
Fresh Thyme Market,Bisquick Original Pancake & Baking Mix,$7.49 ,,,40 oz,[],,"https://www.instacart.com/image-server/257x257/filters:fill(FFF,true):format(jpg)/d2lnr5mha7bycj.cloudfront.net/product-image/file/large_5d7454b7-e06c-459c-bfab-e698ea838d08.png,"
Fresh Thyme Market,Kodiak Cakes Maple Brown Sugar Oatmeal in a Cup,$3.29 ,,,2.12 oz,[],,"https://www.instacart.com/image-server/257x257/filters:fill(FFF,true):format(jpg)/d2lnr5mha7bycj.cloudfront.net/product-image/file/large_640e1039-6000-4e2a-8e65-0ff2db9f7be2.jpg,"
Fresh Thyme Market,Original price: $7.59,$5.69 ,,,24 oz,['Organic'],,"https://www.instacart.com/image-server/257x257/filters:fill(FFF,true):format(jpg)/d2lnr5mha7bycj.cloudfront.net/product-image/file/large_2f576fdd-4ac5-4d48-9fc6-be1f6a84b9e0.jpg,"
Fresh Thyme Market,Original price: $6.49,$4.89 ,,,24 oz,[],,"https://www.instacart.com/image-server/257x257/filters:fill(FFF,true):format(jpg)/d2lnr5mha7bycj.cloudfront.net/product-image/file/large_16bf0bdc-7693-4419-9e23-ced7bae58f40.jpg,"
Fresh Thyme Market,Original price: $8.59,$6.49 ,,,24 oz,['Gluten-Free'],,"https://www.instacart.com/image-server/257x257/filters:fill(FFF,true):format(jpg)/d2lnr5mha7bycj.cloudfront.net/product-image/file/large_67145d57-e6f3-4019-adee-3902135f200e.jpg,"
Fresh Thyme Market,"Deep Indian Kitchen Samosas, Potato & Pea",$7.59 ,,,12 oz,['Vegan'],,"https://www.instacart.com/image-server/257x257/filters:fill(FFF,true):format(jpg)/d2lnr5mha7bycj.cloudfront.net/product-image/file/large_d989e6ef-9941-4333-9f3b-0335aee89800.png,"
Fresh Thyme Market,Applegate Naturals Gluten Free Uncured Beef Corn Dogs,$9.69 ,,,4 ct,['Gluten-Free'],,"https://www.instacart.com/image-server/257x257/filters:fill(FFF,true):format(jpg)/d2lnr5mha7bycj.cloudfront.net/product-image/file/large_30acecbc-2b93-4725-a7b3-cb98b1910dfa.png,"
Fresh Thyme Market,Original price: $10.79,$9.69 ,,,10 oz,['Gluten-Free'],,"https://www.instacart.com/image-server/257x257/filters:fill(FFF,true):format(jpg)/d2lnr5mha7bycj.cloudfront.net/product-image/file/large_4d1a6894-47fa-412e-a596-2eb702748d37.jpg,"
Fresh Thyme Market,Chubby Snacks Almond Butter & Strawberry Jam,$10.79 ,,,4 x 10.6 oz,['Vegan'],,"https://www.instacart.com/image-server/257x257/filters:fill(FFF,true):format(jpg)/d2lnr5mha7bycj.cloudfront.net/product-image/file/large_5b382646-721e-42d2-96cf-e700840bac33.png,"
Fresh Thyme Market,Original price: $7.59,$6.39 ,,,15 oz,['Vegan'],,"https://www.instacart.com/image-server/257x257/filters:fill(FFF,true):format(jpg)/d2lnr5mha7bycj.cloudfront.net/product-image/file/large_bbfdb9a2-2cb9-43dd-9049-bda2ee97d71e.png,"
Fresh Thyme Market,Original price: $10.79,$8.09 ,,,9 oz,['Gluten-Free'],Many in stock,"https://www.instacart.com/image-server/257x257/filters:fill(FFF,true):format(jpg)/d2lnr5mha7bycj.cloudfront.net/product-image/file/large_a04c1be5-60c0-4b45-a2e2-7bfc85f227b3.jpg,"
Fresh Thyme Market,Cascadian Farm Organic Spud Puppies Frozen Potatoes,$6.49 ,,,16 oz,['Vegan'],,"https://www.instacart.com/image-server/257x257/filters:fill(FFF,true):format(jpg)/d2lnr5mha7bycj.cloudfront.net/product-image/file/large_6b26cac0-588d-4885-a962-664edc7ce4a5.png,"
Fresh Thyme Market,Original price: $9.69,$6.99 ,,,7 oz,['Gluten-Free'],,"https://www.instacart.com/image-server/257x257/filters:fill(FFF,true):format(jpg)/d2lnr5mha7bycj.cloudfront.net/product-image/file/large_8b7ae0e1-aacd-45e4-adaf-a5abed2f5edc.jpg,"
Fresh Thyme Market,Original price: $6.49,$5.99 ,,,7 ct,[],,"https://www.instacart.com/image-server/257x257/filters:fill(FFF,true):format(jpg)/d2lnr5mha7bycj.cloudfront.net/product-image/file/large_82758c89-3d5a-4b7c-ad17-58ca658d300b.png,"
Fresh Thyme Market,Brazi Bites Four Cheese Pizza Snacks,$8.09 ,,,10 oz,['Gluten-Free'],,"https://www.instacart.com/image-server/257x257/filters:fill(FFF,true):format(jpg)/d2lnr5mha7bycj.cloudfront.net/product-image/file/large_ba0a1754-754d-4ecc-a6fc-ded55ad50189.png,"
Fresh Thyme Market,Original price: $10.79,$9.69 ,,,8.2 oz,[],,"https://www.instacart.com/image-server/257x257/filters:fill(FFF,true):format(jpg)/d2lnr5mha7bycj.cloudfront.net/product-image/file/large_63203b13-e4cc-4152-94f8-5805e3ad869e.png,"
Fresh Thyme Market,Original price: $8.09,$6.89 ,,,19 oz,[],,"https://www.instacart.com/image-server/257x257/filters:fill(FFF,true):format(jpg)/d2lnr5mha7bycj.cloudfront.net/product-image/file/large_3a39df9c-0d1c-4079-b3cc-816150c54734.png,"
Fresh Thyme Market,Original price: $8.09,$6.89 ,,,16 oz,[],,"https://www.instacart.com/image-server/257x257/filters:fill(FFF,true):format(jpg)/d2lnr5mha7bycj.cloudfront.net/product-image/file/large_dfcd7576-e3eb-46c5-8245-17a896763a91.png,"
Fresh Thyme Market,Laoban Ginger Chicken Dumplings,$7.59 ,,,8 oz,[],,"https://www.instacart.com/image-server/257x257/filters:fill(FFF,true):format(jpg)/d2lnr5mha7bycj.cloudfront.net/product-image/file/large_6bc1f8b6-eea4-43bd-87f9-632007c79016.jpg,"
Fresh Thyme Market,The Pizza Cupcake Pepperoni - Gourmet Pizza Snack,$11.89 ,,,11.45 oz,[],Many in stock,"https://www.instacart.com/image-server/257x257/filters:fill(FFF,true):format(jpg)/d2lnr5mha7bycj.cloudfront.net/product-image/file/large_368170fe-9e71-4947-829c-39774eea2f9b.jpg,"
Fresh Thyme Market,Brazi Bites Pepperoni Pizza Snacks,$8.09 ,,,10 oz,['Gluten-Free'],,"https://www.instacart.com/image-server/257x257/filters:fill(FFF,true):format(jpg)/d2lnr5mha7bycj.cloudfront.net/product-image/file/large_cd15bc82-7354-4e75-8667-f3b60a630472.png,"
Fresh Thyme Market,"Brazi Bites Cheddar & Parmesan, Brazilian Cheese Bread",$8.09 ,,,11.5 oz,['Gluten-Free'],,"https://www.instacart.com/image-server/257x257/filters:fill(FFF,true):format(jpg)/d2lnr5mha7bycj.cloudfront.net/product-image/file/large_1330bc1e-27ad-4620-96b6-de3dafd402df.png,"
Fresh Thyme Market,Fresh Thyme Market Potato Moneterey Jack Jalapeno Pierogies,$5.39 ,,,16 oz,[],,"https://www.instacart.com/image-server/257x257/filters:fill(FFF,true):format(jpg)/d2lnr5mha7bycj.cloudfront.net/product-image/file/large_ea1b36a5-6928-416e-8ec0-dd34c2836ec0.png,"
Fresh Thyme Market,Laoban Pork Soup Dumplings,$7.59 ,,,8 oz,[],,"https://www.instacart.com/image-server/257x257/filters:fill(FFF,true):format(jpg)/d2lnr5mha7bycj.cloudfront.net/product-image/file/large_cb40e2bf-86c3-4e8d-8e28-035cf1121294.jpg,"
Fresh Thyme Market,"Brazi Bites Garlic Asiago, Brazilian Cheese Bread",$8.09 ,,,18 x 11.5 oz,['Gluten-Free'],,"https://www.instacart.com/image-server/257x257/filters:fill(FFF,true):format(jpg)/d2lnr5mha7bycj.cloudfront.net/product-image/file/large_5e3da670-d9e3-4624-8840-f3838167d893.png,"
Fresh Thyme Market,"Deep Indian Kitchen Samosas, Chicken Tikka, Medium Spice",$7.59 ,,,8 each,[],Many in stock,"https://www.instacart.com/image-server/257x257/filters:fill(FFF,true):format(jpg)/d2lnr5mha7bycj.cloudfront.net/product-image/file/large_e46f5954-bbd7-4e17-bbfc-05ecb186fb91.png,"
Fresh Thyme Market,Via Emilia Food Cauliflower Fries,$5.39 ,,,14 oz,[],,"https://www.instacart.com/image-server/257x257/filters:fill(FFF,true):format(jpg)/d2lnr5mha7bycj.cloudfront.net/product-image/file/large_be650a81-fdcc-49db-b9c7-beec14cfcada.png,"
Fresh Thyme Market,Fresh Thyme Market Potato Fried Onion Perogies,$5.39 ,,,16 oz,[],,"https://www.instacart.com/image-server/257x257/filters:fill(FFF,true):format(jpg)/d2lnr5mha7bycj.cloudfront.net/product-image/file/large_6eb17de2-0257-4bce-9069-2c5ada3a1936.png,"
Fresh Thyme Market,Cascadian Farm Organic Straight Cut French Fries Frozen Potatoes,$6.49 ,,,16 oz,['Vegan'],Many in stock,"https://www.instacart.com/image-server/257x257/filters:fill(FFF,true):format(jpg)/d2lnr5mha7bycj.cloudfront.net/product-image/file/large_019bea42-86f2-4240-b332-9249bb8be17b.png,"
Fresh Thyme Market,Original price: $6.49,$4.29 ,,,10.5 oz,['Gluten-Free'],,"https://www.instacart.com/image-server/257x257/filters:fill(FFF,true):format(jpg)/d2lnr5mha7bycj.cloudfront.net/product-image/file/large_05932edf-dce2-471a-a04b-cedbd1144bc9.jpg,"
Fresh Thyme Market,Fresh Thyme Market Cheese Ravioli Squares,$5.39 ,,,16 oz,[],,"https://www.instacart.com/image-server/257x257/filters:fill(FFF,true):format(jpg)/d2lnr5mha7bycj.cloudfront.net/product-image/file/large_aca31231-6bc9-4a36-a10c-1c5cc7c8246a.png,"
Fresh Thyme Market,"Strong Roots Crispy Skinny Fries, Vegan, Gluten Free Frozen Fries",$6.49 ,,,20 oz,[],Many in stock,"https://www.instacart.com/image-server/257x257/filters:fill(FFF,true):format(jpg)/d2lnr5mha7bycj.cloudfront.net/product-image/file/large_9a7b2ee6-22d8-4c28-91a8-b706fc0949b9.jpg,"
Fresh Thyme Market,Original price: $8.09,$5.99 ,,,2 each,['Gluten-Free'],,"https://www.instacart.com/image-server/257x257/filters:fill(FFF,true):format(jpg)/d2lnr5mha7bycj.cloudfront.net/product-image/file/large_b9fc05f5-1aa3-450a-852f-c6360f9d2039.png,"
Fresh Thyme Market,"Dr. Praeger's Spinach Littles, Gluten Free",$6.99 ,,,10 oz,['Gluten-Free'],,"https://www.instacart.com/image-server/257x257/filters:fill(FFF,true):format(jpg)/d2lnr5mha7bycj.cloudfront.net/product-image/file/large_35f76ab9-1247-48ac-9350-40538b3d2144.png,"
Fresh Thyme Market,Gold Rush Organic Sweet Potato French Fries,$5.99 ,,,454 g,[],,"https://www.instacart.com/image-server/257x257/filters:fill(FFF,true):format(jpg)/d1s8987jlndkbs.cloudfront.net/assets/missing-item-4bbe82b8555e4d1c12626fd482cb2409713e8e30835645ff3650ef66a725d03c.png,"
Fresh Thyme Market,Wow Bao Teriyaki Chicken Bao,$9.69 ,,,10 oz,[],,"https://www.instacart.com/image-server/257x257/filters:fill(FFF,true):format(jpg)/d2lnr5mha7bycj.cloudfront.net/product-image/file/large_87686cdd-a2cc-4dea-8f63-416d844fc242.jpg,"
Fresh Thyme Market,Original price: $8.09,$6.89 ,,,15 oz,[],,"https://www.instacart.com/image-server/257x257/filters:fill(FFF,true):format(jpg)/d2lnr5mha7bycj.cloudfront.net/product-image/file/large_ae8750d3-035d-48cd-8d43-8800c5e83a13.png,"
Fresh Thyme Market,"Totino's Pizza Rolls, Pepperoni",$9.69 ,,,50 ct,[],,"https://www.instacart.com/image-server/257x257/filters:fill(FFF,true):format(jpg)/d2lnr5mha7bycj.cloudfront.net/product-image/file/large_02edecfd-2ee7-4873-96b1-6c4a72178c33.png,"
Fresh Thyme Market,Original price: $7.59,$6.39 ,,,16 oz,['Vegan'],,"https://www.instacart.com/image-server/257x257/filters:fill(FFF,true):format(jpg)/d2lnr5mha7bycj.cloudfront.net/product-image/file/large_f9270691-4438-4635-a5bd-75c2e4ebfa12.png,"
Fresh Thyme Market,"Yasso Poppables, Greek Yogurt, Sea Salt Caramel",$8.09 ,,,6.84 fl oz,[],,"https://www.instacart.com/image-server/257x257/filters:fill(FFF,true):format(jpg)/d2lnr5mha7bycj.cloudfront.net/product-image/file/large_55879c79-211b-48f4-bd68-c02b00aa6599.png,"
Fresh Thyme Market,Hot Pockets Four Cheese Pizza Frozen Snacks In A Garlic Buttery Crust Pizza Snacks,$4.59 ,,,2 x 4.5 oz,[],,"https://www.instacart.com/image-server/257x257/filters:fill(FFF,true):format(jpg)/d2lnr5mha7bycj.cloudfront.net/product-image/file/large_9933a407-8878-4e9e-a49e-c2bd7959bde6.jpg,"
Fresh Thyme Market,Cascadian Farm Organic Crinkle Cut French Fries Frozen Potatoes,$6.49 ,,,16 oz,['Vegan'],,"https://www.instacart.com/image-server/257x257/filters:fill(FFF,true):format(jpg)/d2lnr5mha7bycj.cloudfront.net/product-image/file/large_087df8e6-d9ce-4d32-bfa7-cb9b99d4872f.png,"
Fresh Thyme Market,Original price: $13.99,$11.19 ,,,14 ct,"['Gluten-Free', 'Keto']",,"https://www.instacart.com/image-server/257x257/filters:fill(FFF,true):format(jpg)/d2lnr5mha7bycj.cloudfront.net/product-image/file/large_463be75c-48ce-4a2f-9caa-b44b38654dcc.png,"
Fresh Thyme Market,Original price: $8.09,$6.89 ,,,20 oz,[],,"https://www.instacart.com/image-server/257x257/filters:fill(FFF,true):format(jpg)/d2lnr5mha7bycj.cloudfront.net/product-image/file/large_18d527b9-1203-4990-a903-38de999359ff.png,"
Fresh Thyme Market,"Red's Burrito, Grilled Chicken & Cheddar",$3.29 ,,,5 oz,[],,"https://www.instacart.com/image-server/257x257/filters:fill(FFF,true):format(jpg)/d2lnr5mha7bycj.cloudfront.net/product-image/file/large_1b0465e2-464a-456b-99c1-e763f5d81655.png,"
Fresh Thyme Market,"Red's Burrito, Organic, Chicken Cilantro & Lime",$3.29 ,,,4.5 oz,[],,"https://www.instacart.com/image-server/257x257/filters:fill(FFF,true):format(jpg)/d2lnr5mha7bycj.cloudfront.net/product-image/file/large_77d43c95-6ec4-4d3e-96a1-12a107651b2b.png,"
Fresh Thyme Market,"Deep Indian Kitchen Chicken Tikka Masala, Medium Spice",$7.59 ,,,9 oz,['Gluten-Free'],,"https://www.instacart.com/image-server/257x257/filters:fill(FFF,true):format(jpg)/d2lnr5mha7bycj.cloudfront.net/product-image/file/large_6ff7c3bb-2622-4deb-a3b0-5fac924fcfd4.png,"
Fresh Thyme Market,The Pizza Cupcake Margherita - Gourmet Pizza Snack,$11.89 ,,,11.2 oz,[],Many in stock,"https://www.instacart.com/image-server/257x257/filters:fill(FFF,true):format(jpg)/d2lnr5mha7bycj.cloudfront.net/product-image/file/large_2e698cb0-71ad-45bc-be93-c36d57af2e33.jpg,"
Fresh Thyme Market,"Deep Indian Kitchen Spinach Paneer, Mild Spice, Indian Kitchen",$7.59 ,,,9 oz,['Gluten-Free'],,"https://www.instacart.com/image-server/257x257/filters:fill(FFF,true):format(jpg)/d2lnr5mha7bycj.cloudfront.net/product-image/file/large_9c4c368a-207f-4364-967c-79eaedddf190.png,"
Fresh Thyme Market,"Red's Burrito, Turkey Sausage",$3.29 ,,,5 oz,[],,"https://www.instacart.com/image-server/257x257/filters:fill(FFF,true):format(jpg)/d2lnr5mha7bycj.cloudfront.net/product-image/file/large_b2a301ec-666f-4699-a936-574a0685df2c.png,"
Fresh Thyme Market,"Red's Burrito, Steak & Cheddar",$3.29 ,,,5 oz,[],,"https://www.instacart.com/image-server/257x257/filters:fill(FFF,true):format(jpg)/d2lnr5mha7bycj.cloudfront.net/product-image/file/large_c2bafdac-4fad-46dc-a894-4c65606f524b.png,"
Fresh Thyme Market,"Wow Bao Mongolian-Style Spicy Beef, Bao",$9.69 ,,,4 ct,[],,"https://www.instacart.com/image-server/257x257/filters:fill(FFF,true):format(jpg)/d2lnr5mha7bycj.cloudfront.net/product-image/file/large_dabd4295-06fc-4131-a0a6-dff5cbd58201.jpg,"
Fresh Thyme Market,Blake's All-Natural Chicken Pot Pie Frozen Meal,$5.59 ,,,8 oz,[],Many in stock,"https://www.instacart.com/image-server/257x257/filters:fill(FFF,true):format(jpg)/d2lnr5mha7bycj.cloudfront.net/product-image/file/large_97d4eadb-e538-4312-85d6-b4be2dd5e4eb.jpg,"
Fresh Thyme Market,Blake's All-Natural Gluten Free Shepherd's Pie Frozen Meal,$5.59 ,,,8 oz,['Gluten-Free'],Many in stock,"https://www.instacart.com/image-server/257x257/filters:fill(FFF,true):format(jpg)/d2lnr5mha7bycj.cloudfront.net/product-image/file/large_4bf78cb2-12e6-4427-b9f3-65dae4b4c903.jpg,"
Fresh Thyme Market,"Red's Burrito, Organic, Bean & Cheese",$3.29 ,,,5 oz,[],,"https://www.instacart.com/image-server/257x257/filters:fill(FFF,true):format(jpg)/d2lnr5mha7bycj.cloudfront.net/product-image/file/large_c0787023-2092-4fe9-946e-484bd02a871b.png,"
Fresh Thyme Market,Original price: $6.49,$4.29 ,,,3 x 30 oz,"['Gluten-Free', 'Vegan']",,"https://www.instacart.com/image-server/257x257/filters:fill(FFF,true):format(jpg)/d2lnr5mha7bycj.cloudfront.net/product-image/file/large_f537cdb4-f829-40d1-b795-a1e3e81fab01.jpg,"
Fresh Thyme Market,"Red's Burrito, Chicken Chorizo",$3.29 ,,,5 oz,[],,"https://www.instacart.com/image-server/257x257/filters:fill(FFF,true):format(jpg)/d2lnr5mha7bycj.cloudfront.net/product-image/file/large_7965843b-043b-455c-aeb6-1fea0146e8a9.png,"
Fresh Thyme Market,"Red's Burrito, 84% Organic, Chicken & Mexican Style Street Corn",$3.29 ,,,4.5 oz,[],,"https://www.instacart.com/image-server/257x257/filters:fill(FFF,true):format(jpg)/d2lnr5mha7bycj.cloudfront.net/product-image/file/large_3d4d5892-d010-4a4f-adda-68cd6a5cae15.png,"
Fresh Thyme Market,"Deep Indian Kitchen Chicken Curry, Medium Spice",$7.59 ,,,9 oz,['Gluten-Free'],,"https://www.instacart.com/image-server/257x257/filters:fill(FFF,true):format(jpg)/d2lnr5mha7bycj.cloudfront.net/product-image/file/large_ebc02c10-cb74-4372-ae51-ec24fd872150.png,"
Fresh Thyme Market,"Boomerang's Spinach & Mushroom Pie, Vegetarian Frozen Meal",$4.89 ,,,6 oz,[],,"https://www.instacart.com/image-server/257x257/filters:fill(FFF,true):format(jpg)/d2lnr5mha7bycj.cloudfront.net/product-image/file/large_8298e457-8e31-48a5-ae29-dbf406c7a389.png,"
Fresh Thyme Market,Original price: $11.89,$9.69 ,,,15 oz,['Gluten-Free'],Many in stock,"https://www.instacart.com/image-server/257x257/filters:fill(FFF,true):format(jpg)/d2lnr5mha7bycj.cloudfront.net/product-image/file/large_ece7ec54-084a-41a3-8cdf-8a917a90f587.png,"
Fresh Thyme Market,"Country Chef Pot Pie, Baked Chicken",$13.99 ,,,24 oz,[],,"https://www.instacart.com/image-server/257x257/filters:fill(FFF,true):format(jpg)/d2lnr5mha7bycj.cloudfront.net/product-image/file/large_5ca3b14e-2d53-4309-a00b-28d294ae4a31.png,"
Fresh Thyme Market,Amy's Kitchen Gluten Free Bean & Rice Burrito,$4.59 ,,,5.5 oz,"['Gluten-Free', 'Vegan']",,"https://www.instacart.com/image-server/257x257/filters:fill(FFF,true):format(jpg)/d2lnr5mha7bycj.cloudfront.net/product-image/file/large_a6c37f6d-0173-42d7-a66a-0703c6da0e79.png,"
Fresh Thyme Market,"Banza Four Cheese Pizza - Protein, Gluten Free",$10.79 ,,,10.9 oz,['Gluten-Free'],,"https://www.instacart.com/image-server/257x257/filters:fill(FFF,true):format(jpg)/d2lnr5mha7bycj.cloudfront.net/product-image/file/large_e33e4c84-85bc-4b59-a73b-d4c564eaaa72.png,"
Fresh Thyme Market,Stouffer's Macaroni & Cheese Frozen Meal,$4.89 ,,,12 oz,[],,"https://www.instacart.com/image-server/257x257/filters:fill(FFF,true):format(jpg)/d2lnr5mha7bycj.cloudfront.net/product-image/file/large_74cbb5a1-3633-4459-b319-d26051db25e1.jpg,"
Fresh Thyme Market,Stouffer's Spaghetti With Meat Sauce Frozen Meal,$5.99 ,,,12 oz,[],,"https://www.instacart.com/image-server/257x257/filters:fill(FFF,true):format(jpg)/d2lnr5mha7bycj.cloudfront.net/product-image/file/large_0debb7f4-8bd1-4952-97ce-7054fd17ccfc.jpg,"
Fresh Thyme Market,"Urban Pie Pizza Co. Pizza, Thin Artisan Crust, Uncured Pepperoni",$10.79 ,,,18.55 oz,[],Many in stock,"https://www.instacart.com/image-server/257x257/filters:fill(FFF,true):format(jpg)/d2lnr5mha7bycj.cloudfront.net/product-image/file/large_fe54e844-ec9a-4483-b692-d501ba734b19.png,"
Fresh Thyme Market,Original price: $12.89,$11.29 ,,,12 oz,['Gluten-Free'],,"https://www.instacart.com/image-server/257x257/filters:fill(FFF,true):format(jpg)/d2lnr5mha7bycj.cloudfront.net/product-image/file/large_6d1ef552-df74-4081-91d7-1f35446f0cf3.png,"
Fresh Thyme Market,Original price: $5.99,$4.89 ,,,9 oz,[],,"https://www.instacart.com/image-server/257x257/filters:fill(FFF,true):format(jpg)/d2lnr5mha7bycj.cloudfront.net/product-image/file/large_444bc525-3160-44cb-b285-5827522e5616.jpg,"
Fresh Thyme Market,Amy's Kitchen Mexican Casserole Bowl,$6.79 ,,,9.5 oz,['Gluten-Free'],,"https://www.instacart.com/image-server/257x257/filters:fill(FFF,true):format(jpg)/d2lnr5mha7bycj.cloudfront.net/product-image/file/large_c4a8e54a-37b8-49b8-a455-c297065046e0.png,"
Fresh Thyme Market,"Banza Gluten Free Plain Crust, with High Protein",$10.79 ,,,13.4 oz,"['Gluten-Free', 'Vegan']",,"https://www.instacart.com/image-server/257x257/filters:fill(FFF,true):format(jpg)/d2lnr5mha7bycj.cloudfront.net/product-image/file/large_b005d7f7-0cd4-41e5-bac6-9d829e467c7f.png,"
Fresh Thyme Market,Original price: $7.59,$5.39 ,,,16 oz,[],,"https://www.instacart.com/image-server/257x257/filters:fill(FFF,true):format(jpg)/d2lnr5mha7bycj.cloudfront.net/product-image/file/large_1b851eb0-d4c3-432a-8d51-60fde4410c10.jpg,"
Fresh Thyme Market,Kidfresh Wagon Wheels Mac & Cheese,$6.99 ,,,7.25 oz,[],Many in stock,"https://www.instacart.com/image-server/257x257/filters:fill(FFF,true):format(jpg)/d2lnr5mha7bycj.cloudfront.net/product-image/file/large_722bbda0-fe4d-4857-9762-3501437dae42.png,"
Fresh Thyme Market,Original price: $5.99,$4.89 ,,,8.9 oz,[],,"https://www.instacart.com/image-server/257x257/filters:fill(FFF,true):format(jpg)/d2lnr5mha7bycj.cloudfront.net/product-image/file/large_21f1fe14-8a79-4d2f-ac22-39f59603f273.jpg,"
Fresh Thyme Market,Healthy Choice Power Bowls Chicken Adobo,$6.49 ,,,9.75 oz,[],,"https://www.instacart.com/image-server/257x257/filters:fill(FFF,true):format(jpg)/d2lnr5mha7bycj.cloudfront.net/product-image/file/large_e8902dc1-e0c4-477e-a0a1-089c52fc8e42.jpg,"
Fresh Thyme Market,"Urban Pie Pizza Co. Pizza, Thin Artisan Crust, Pesto & Fresh Mozzarella",$10.79 ,,,16.9 oz,[],,"https://www.instacart.com/image-server/257x257/filters:fill(FFF,true):format(jpg)/d2lnr5mha7bycj.cloudfront.net/product-image/file/large_e5922077-fc56-42d4-9a91-e49baf046775.png,"
Fresh Thyme Market,DiGiorno Original Rising Crust Frozen Pizza Pepperoni,$10.79 ,,,27.5 oz,[],,"https://www.instacart.com/image-server/257x257/filters:fill(FFF,true):format(jpg)/d2lnr5mha7bycj.cloudfront.net/product-image/file/large_6fbf7746-d059-40b0-be2b-48b1e29399dd.jpg,"
Fresh Thyme Market,Original price: $6.49,$4.29 ,,,8.75 oz,[],,"https://www.instacart.com/image-server/257x257/filters:fill(FFF,true):format(jpg)/d2lnr5mha7bycj.cloudfront.net/product-image/file/large_51cace96-0649-4bef-a1d5-cc422563d26b.jpg,"
Fresh Thyme Market,Original price: $9.69,$6.99 ,,,8 oz,['Gluten-Free'],,"https://www.instacart.com/image-server/257x257/filters:fill(FFF,true):format(jpg)/d2lnr5mha7bycj.cloudfront.net/product-image/file/large_cc808b0a-fdd9-49a8-a6f5-2f5eeecbb51c.jpg,"
Fresh Thyme Market,Original price: $6.49,$4.29 ,,,3 ct,"['Gluten-Free', 'Vegan']",,"https://www.instacart.com/image-server/257x257/filters:fill(FFF,true):format(jpg)/d2lnr5mha7bycj.cloudfront.net/product-image/file/large_8d6ec8f3-b6e9-4d37-b677-d1b3cf63aa60.jpg,"
Fresh Thyme Market,Original price: $6.49,$4.29 ,,,9 oz,['Gluten-Free'],,"https://www.instacart.com/image-server/257x257/filters:fill(FFF,true):format(jpg)/d2lnr5mha7bycj.cloudfront.net/product-image/file/large_dcf556f4-d1a4-4e8d-afb6-ef263fb92d72.jpg,"
Fresh Thyme Market,Original price: $6.49,$4.29 ,,,2 x 20 oz,"['Gluten-Free', 'Vegan']",,"https://www.instacart.com/image-server/257x257/filters:fill(FFF,true):format(jpg)/d2lnr5mha7bycj.cloudfront.net/product-image/file/large_5b37baa6-a01c-41f0-ba91-2bd51d5385ab.jpg,"
Fresh Thyme Market,"Banza Margherita Pizza - Protein, Gluten Free",$10.79 ,,,11.5 oz,['Gluten-Free'],,"https://www.instacart.com/image-server/257x257/filters:fill(FFF,true):format(jpg)/d2lnr5mha7bycj.cloudfront.net/product-image/file/large_592a62e5-e7a6-4b07-b8ae-a578c001d92b.png,"
Fresh Thyme Market,"Urban Pie Pizza Co. Pizza, with Balsamic Glaze, Thin Artisan Crust, Roasted Vegetable & Goat Cheese",$10.79 ,,,19.1 oz,[],Many in stock,"https://www.instacart.com/image-server/257x257/filters:fill(FFF,true):format(jpg)/d2lnr5mha7bycj.cloudfront.net/product-image/file/large_892ebb8f-68bb-4196-9fb7-01490a01f8eb.png,"
Fresh Thyme Market,Original price: $8.59,$6.99 ,,,12 oz,"['Gluten-Free', 'Vegan']",,"https://www.instacart.com/image-server/257x257/filters:fill(FFF,true):format(jpg)/d2lnr5mha7bycj.cloudfront.net/product-image/file/large_57f6ee5b-75b5-4605-a462-01cefa6eed3d.jpg,"
Fresh Thyme Market,"Urban Pie Pizza Co. Pizza, Margherita, Thin Crust Made With Cauliflower",$10.79 ,,,19.15 oz,[],,"https://www.instacart.com/image-server/257x257/filters:fill(FFF,true):format(jpg)/d2lnr5mha7bycj.cloudfront.net/product-image/file/large_238ba7bd-05b8-4961-a7eb-a47b81ebf5e4.png,"
Fresh Thyme Market,"Deep Indian Kitchen Naan Pizza, Cilantro Pesto, Mild Spice",$6.49 ,,,7.4 oz,[],,"https://www.instacart.com/image-server/257x257/filters:fill(FFF,true):format(jpg)/d2lnr5mha7bycj.cloudfront.net/product-image/file/large_68d55473-2bcf-44fd-a3f8-2bd3677e596d.png,"
Fresh Thyme Market,Original price: $9.69,$8.39 ,,,6 oz,['Gluten-Free'],,"https://www.instacart.com/image-server/257x257/filters:fill(FFF,true):format(jpg)/d2lnr5mha7bycj.cloudfront.net/product-image/file/large_08b25176-198a-4c5b-8cdd-af2644d64984.png,"
Fresh Thyme Market,"Sweet Earth Tofu, Vegan, General Tso's",$6.99 ,,,9 oz,['Vegan'],,"https://www.instacart.com/image-server/257x257/filters:fill(FFF,true):format(jpg)/d2lnr5mha7bycj.cloudfront.net/product-image/file/large_50b650dd-2723-4abd-b16f-330e126081f6.jpg,"
Fresh Thyme Market,Fresh Express Caesar,$4.29 ,,,10.4 oz bag,[],Many in stock,"https://www.instacart.com/image-server/257x257/filters:fill(FFF,true):format(jpg)/d2lnr5mha7bycj.cloudfront.net/product-image/file/large_105689de-6413-4fa1-8846-c470bd6938f3.png,"
Fresh Thyme Market,Panera Bread Mac & Cheese Microwave Meal (Vegetarian),$7.59 ,,,16 oz,[],Many in stock,"https://www.instacart.com/image-server/257x257/filters:fill(FFF,true):format(jpg)/d2lnr5mha7bycj.cloudfront.net/product-image/file/large_3690ab04-e0ab-406b-941b-b3eb9d7a2b91.png,"
Fresh Thyme Market,Chubby Snacks Peanut Butter & Grape Jam,$10.79 ,,,4 x 10.6 oz,[],,"https://www.instacart.com/image-server/257x257/filters:fill(FFF,true):format(jpg)/d2lnr5mha7bycj.cloudfront.net/product-image/file/large_c3cacd48-4f30-4098-8d97-521f94cdc1df.png,"
Fresh Thyme Market,"Fresh Express Salad Kit, Caesar Supreme",$4.29 ,,,10.5 oz Bag,[],Many in stock,"https://www.instacart.com/image-server/257x257/filters:fill(FFF,true):format(jpg)/d2lnr5mha7bycj.cloudfront.net/product-image/file/large_e8ee83b5-1155-4790-baf3-06dd448060c2.png,"
Fresh Thyme Market,Fresh Express Sunflower Crisp Chopped Kit,$4.29 ,,,11.1 oz bag,[],Many in stock,"https://www.instacart.com/image-server/257x257/filters:fill(FFF,true):format(jpg)/d2lnr5mha7bycj.cloudfront.net/product-image/file/large_95ce8e7c-7d16-4aea-95d9-c0a13947836d.png,"
Fresh Thyme Market,Josie’s Organics Mediterranean Crunch Chopped Salad Kit,$5.39 ,,,,[],Many in stock,"https://www.instacart.com/image-server/257x257/filters:fill(FFF,true):format(jpg)/d2lnr5mha7bycj.cloudfront.net/product-image/file/large_2082ce7e-bf6e-4ab6-b703-3247d64f3621.png,"
Fresh Thyme Market,Blount Clam Shack Lobster Bisque Soup,$13.99 ,,,30 oz,[],,"https://www.instacart.com/image-server/257x257/filters:fill(FFF,true):format(jpg)/d2lnr5mha7bycj.cloudfront.net/product-image/file/large_ef0a72e5-d2f4-4919-89fa-efd01c1c31f3.png,"
Fresh Thyme Market,Original price: $13.99,$11.89 ,,,23 oz,[],Many in stock,"https://www.instacart.com/image-server/257x257/filters:fill(FFF,true):format(jpg)/d2lnr5mha7bycj.cloudfront.net/product-image/file/large_67a851a0-1e5b-4771-bead-b2c5c62e01a7.png,"
Fresh Thyme Market,"Fresh Express Salad Kit, Sweet Kale Salad",$4.29 ,,,11.75 oz,[],Many in stock,"https://www.instacart.com/image-server/257x257/filters:fill(FFF,true):format(jpg)/d2lnr5mha7bycj.cloudfront.net/product-image/file/large_0596730c-5b29-467c-a8b8-6a073a6835d2.png,"
Fresh Thyme Market,"Josie’s Organics Chopped Salad Kit, Organic, Kale Caesar",$5.39 ,,,1 each,[],Many in stock,"https://www.instacart.com/image-server/257x257/filters:fill(FFF,true):format(jpg)/d2lnr5mha7bycj.cloudfront.net/product-image/file/large_d0b39497-d1af-4e5a-850a-f46cf7828af3.png,"
Fresh Thyme Market,"Connie's Pizza Pizza, Sausage, Classic Thin Crust",$10.79 ,,,23.29 oz,[],,"https://www.instacart.com/image-server/257x257/filters:fill(FFF,true):format(jpg)/d2lnr5mha7bycj.cloudfront.net/product-image/file/large_0ee46521-408d-431f-b0bd-8e1d9d12570c.png,"
Fresh Thyme Market,"Josie’s Organics Chopped Salad Kit, Organic, Sweet Kale",$5.39 ,,,10 oz,[],,"https://www.instacart.com/image-server/257x257/filters:fill(FFF,true):format(jpg)/d2lnr5mha7bycj.cloudfront.net/product-image/file/large_b1d082ab-1434-4173-8a70-982af53f7893.png,"
Fresh Thyme Market,"MUSH Strawberry Ready to Eat Oats, Gluten and Dairy Free",$3.29 ,,,5 oz,[],,"https://www.instacart.com/image-server/257x257/filters:fill(FFF,true):format(jpg)/d2lnr5mha7bycj.cloudfront.net/product-image/file/large_84ab3aa9-a3ce-4748-9a4d-ba6880817e07.png,"
Fresh Thyme Market,"DeLallo Grape Leaves, Stuffed",$6.99 ,,,5.25 oz,[],Many in stock,"https://www.instacart.com/image-server/257x257/filters:fill(FFF,true):format(jpg)/d2lnr5mha7bycj.cloudfront.net/product-image/file/large_aaf46ec2-1b8a-4f48-947a-fb415d4294eb.png,"
Fresh Thyme Market,Blount Clam Shack Gluten Free New England Clam Chowder Soup,$13.99 ,,,30 oz,[],,"https://www.instacart.com/image-server/257x257/filters:fill(FFF,true):format(jpg)/d2lnr5mha7bycj.cloudfront.net/product-image/file/large_9a59c653-1a45-49cd-92dc-5fae063ad9e3.png,"
Fresh Thyme Market,"Fresh Express Salad, Thai N' Cashews",$4.29 ,,,11.7 oz,[],,"https://www.instacart.com/image-server/257x257/filters:fill(FFF,true):format(jpg)/d2lnr5mha7bycj.cloudfront.net/product-image/file/large_f2482eb1-1201-4d41-82cf-0a913a5b67d1.png,"
Fresh Thyme Market,Panera Bread Broccoli Cheddar Soup Cup,$6.99 ,,,16 oz,[],,"https://www.instacart.com/image-server/257x257/filters:fill(FFF,true):format(jpg)/d2lnr5mha7bycj.cloudfront.net/product-image/file/large_f3e40fd0-0d5d-4788-ab91-97a2fb74a6de.png,"
Fresh Thyme Market,"Eggland's Best Eggs, Hard-Cooked Peeled, Medium",$7.59 ,,,10 each,[],,"https://www.instacart.com/image-server/257x257/filters:fill(FFF,true):format(jpg)/d2lnr5mha7bycj.cloudfront.net/product-image/file/large_9849f2ad-78c3-4f11-a7c0-879cf33e7298.png,"
Fresh Thyme Market,Original price: $5.99,$4.89 ,,,12 oz,[],Many in stock,"https://www.instacart.com/image-server/257x257/filters:fill(FFF,true):format(jpg)/d2lnr5mha7bycj.cloudfront.net/product-image/file/large_47ecd687-ab4e-4fb2-af94-b46f63a8441f.jpg,"
Fresh Thyme Market,Panera Bread Chicken Noodle Soup Cup,$6.99 ,,,16 oz,[],,"https://www.instacart.com/image-server/257x257/filters:fill(FFF,true):format(jpg)/d2lnr5mha7bycj.cloudfront.net/product-image/file/large_45dd4d2b-50d0-46b2-b6df-60df64c3824f.png,"
Fresh Thyme Market,Panera Bread Creamy Chicken & Wild Rice Soup Cup (Gluten Free),$6.99 ,,,16 oz,[],,"https://www.instacart.com/image-server/257x257/filters:fill(FFF,true):format(jpg)/d2lnr5mha7bycj.cloudfront.net/product-image/file/large_901dae69-0bb6-481c-8efb-4ac2a73b84c9.png,"
Fresh Thyme Market,Panera Bread Creamy Tomato Soup Cup (Gluten Free),$6.99 ,,,16 oz,[],,"https://www.instacart.com/image-server/257x257/filters:fill(FFF,true):format(jpg)/d2lnr5mha7bycj.cloudfront.net/product-image/file/large_58ab7a7d-ed8a-4b7b-9c44-0db5170dc8b7.png,"
Fresh Thyme Market,Somos Mexican Street Corn White Rice,$4.29 ,,,8.8 oz,[],,"https://www.instacart.com/image-server/257x257/filters:fill(FFF,true):format(jpg)/d2lnr5mha7bycj.cloudfront.net/product-image/file/large_bde50f78-8195-4857-ab9a-9df4a09859b5.png,"
Fresh Thyme Market,Panera Bread Greek Style Chicken Soup (Gluten Free),$6.99 ,,,16 oz,[],,"https://www.instacart.com/image-server/257x257/filters:fill(FFF,true):format(jpg)/d2lnr5mha7bycj.cloudfront.net/product-image/file/large_0cf19fb2-e308-43e4-a7d2-1234ad938cff.png,"
Fresh Thyme Market,"Fresh Express Salad Kit, Asian",$4.29 ,,,1 each,[],Many in stock,"https://www.instacart.com/image-server/257x257/filters:fill(FFF,true):format(jpg)/d2lnr5mha7bycj.cloudfront.net/product-image/file/large_ffc199d7-b4b8-4d3f-90f9-763c346b97a9.png,"
Fresh Thyme Market,"Love Beets Baby Beets, Marinated, White Wine Balsamic",$4.29 ,,,6.5 oz container,[],,"https://www.instacart.com/image-server/257x257/filters:fill(FFF,true):format(jpg)/d2lnr5mha7bycj.cloudfront.net/product-image/file/large_aa1a2fe1-2efa-411e-96d0-9132d17a4406.png,"
Fresh Thyme Market,"PlantStrong Stew, Indian Lentil, Kitchari",$7.29 ,,,16.9 fl oz,[],,"https://www.instacart.com/image-server/257x257/filters:fill(FFF,true):format(jpg)/d2lnr5mha7bycj.cloudfront.net/product-image/file/large_c7492642-b8ea-43e8-9fdb-b275d9e21713.png,"
Fresh Thyme Market,"Fresh Express Chopped Salad Kit, Lemon Caesar",$4.29 ,,,9.1 oz,[],,"https://www.instacart.com/image-server/257x257/filters:fill(FFF,true):format(jpg)/d2lnr5mha7bycj.cloudfront.net/product-image/file/large_46a4530a-9171-4d96-b6bb-206b99b4205d.png,"
Fresh Thyme Market,Original price: $5.99,$4.89 ,,,4.23 oz,[],,"https://www.instacart.com/image-server/257x257/filters:fill(FFF,true):format(jpg)/d2lnr5mha7bycj.cloudfront.net/product-image/file/large_240712b6-c461-4234-8efe-a883f69030cc.png,"
Fresh Thyme Market,"Fresh Express Chopped Kit, Mexican Style",$4.29 ,,,10.8 oz,[],Many in stock,"https://www.instacart.com/image-server/257x257/filters:fill(FFF,true):format(jpg)/d2lnr5mha7bycj.cloudfront.net/product-image/file/large_e9b6b22d-10ed-466f-a4c9-2b6cf16646da.png,"
Fresh Thyme Market,Original price: $3.79,$3.29 ,,,6.35 oz,[],,"https://www.instacart.com/image-server/257x257/filters:fill(FFF,true):format(jpg)/d2lnr5mha7bycj.cloudfront.net/product-image/file/large_c848cb39-8822-4882-b9f7-6b3f0d3bcd49.png,"
Fresh Thyme Market,"Fresh Express Chopped Kit, Southwest",$4.29 ,,,11.4 oz,[],Many in stock,"https://www.instacart.com/image-server/257x257/filters:fill(FFF,true):format(jpg)/d2lnr5mha7bycj.cloudfront.net/product-image/file/large_7a23beed-3b1d-45a0-90ff-2ec9bc2cc762.png,"
Fresh Thyme Market,Panera Bread Chicken Noodle Soup Cup,$12.89 ,,,32 oz,[],,"https://www.instacart.com/image-server/257x257/filters:fill(FFF,true):format(jpg)/d2lnr5mha7bycj.cloudfront.net/product-image/file/large_f764a694-45d6-45b5-b874-e36e3982e164.png,"
Fresh Thyme Market,Original price: $13.99,$11.89 ,,,23 each,[],Many in stock,"https://www.instacart.com/image-server/257x257/filters:fill(FFF,true):format(jpg)/d2lnr5mha7bycj.cloudfront.net/product-image/file/large_ec6e835a-3659-4f31-911a-af6fcae87463.png,"
Fresh Thyme Market,Blount Clam Shack Shrimp & Roasted Corn Chowder Soup,$13.99 ,,,30 oz,[],,"https://www.instacart.com/image-server/257x257/filters:fill(FFF,true):format(jpg)/d2lnr5mha7bycj.cloudfront.net/product-image/file/large_9d991edf-19db-4386-bc8f-2283de8d3859.png,"
Fresh Thyme Market,"Fresh Express Chopped Salad Kit, Avocado Caesar",$4.29 ,,,9.7 oz,[],,"https://www.instacart.com/image-server/257x257/filters:fill(FFF,true):format(jpg)/d2lnr5mha7bycj.cloudfront.net/product-image/file/large_0318c301-e619-4e68-b4d0-b9e11adf72b6.png,"
Fresh Thyme Market,"Bob Evans Farms Mashed Potatoes, Original",$5.99 ,,,24 oz,[],,"https://www.instacart.com/image-server/257x257/filters:fill(FFF,true):format(jpg)/d2lnr5mha7bycj.cloudfront.net/product-image/file/large_5c816279-c279-4782-bc82-4492f68065af.png,"
Fresh Thyme Market,"Fresh Express Chopped Salad Kit, Pesto Caesar",$4.29 ,,,9.5 oz,[],Many in stock,"https://www.instacart.com/image-server/257x257/filters:fill(FFF,true):format(jpg)/d2lnr5mha7bycj.cloudfront.net/product-image/file/large_0b68bb96-75b6-4788-8eda-92c923ea78d3.png,"
Fresh Thyme Market,Kevin's Natural Foods Sirloin Steak Tips with Gravy,$15.09 ,,,16 oz,[],,"https://www.instacart.com/image-server/257x257/filters:fill(FFF,true):format(jpg)/d2lnr5mha7bycj.cloudfront.net/product-image/file/large_ca50cea1-14ad-4047-857b-c7862b34fa0b.jpg,"
Fresh Thyme Market,Panera Bread Broccoli Cheddar Soup Cup,$12.89 ,,,32 oz,[],,"https://www.instacart.com/image-server/257x257/filters:fill(FFF,true):format(jpg)/d2lnr5mha7bycj.cloudfront.net/product-image/file/large_ffb1410b-cebc-4363-b568-177924882ef0.png,"
Fresh Thyme Market,La Terra Fina Spinach & Artichoke Quiche,$5.39 ,,,6 oz,[],,"https://www.instacart.com/image-server/257x257/filters:fill(FFF,true):format(jpg)/d2lnr5mha7bycj.cloudfront.net/product-image/file/large_f04947f6-e1f2-4a88-8caa-7db78911673c.JPG,"
Fresh Thyme Market,"Marzetti Caramel Dip, Classic, Singles",$4.89 ,,,6 x 1.7 oz,[],,"https://www.instacart.com/image-server/257x257/filters:fill(FFF,true):format(jpg)/d2lnr5mha7bycj.cloudfront.net/product-image/file/large_ca554429-24d1-41b0-9814-9ff82f3b1c88.png,"
Fresh Thyme Market,"Wild Planet Pasta Salad, Wild Tuna",$5.69 ,,,5.6 oz,[],,"https://www.instacart.com/image-server/257x257/filters:fill(FFF,true):format(jpg)/d2lnr5mha7bycj.cloudfront.net/product-image/file/large_5a0b074d-1a90-40f9-b778-6120e2b71207.png,"
Fresh Thyme Market,Boar's Head Charcuterie and Cheese,$18.29 ,,,12 oz,[],,"https://www.instacart.com/image-server/257x257/filters:fill(FFF,true):format(jpg)/d2lnr5mha7bycj.cloudfront.net/product-image/file/large_aa029dda-219b-434f-9589-62966d2e2248.png,"
Fresh Thyme Market,Original price: $5.19,$4.89 ,,,2.7 oz,[],,"https://www.instacart.com/image-server/257x257/filters:fill(FFF,true):format(jpg)/d2lnr5mha7bycj.cloudfront.net/product-image/file/large_68013d07-5e50-4f58-8c72-7dc5c79cf5c5.png,"
Fresh Thyme Market,Three Bridges Uncured Bacon & Cheese Egg Bites,$5.39 ,,,4.6 oz,[],,"https://www.instacart.com/image-server/257x257/filters:fill(FFF,true):format(jpg)/d2lnr5mha7bycj.cloudfront.net/product-image/file/large_c63e6ddb-d034-485e-84b0-ee61834109d9.png,"
Fresh Thyme Market,"Kasia's Pierogies, Potato & Cheese",$6.99 ,,,12 each,[],,"https://www.instacart.com/image-server/257x257/filters:fill(FFF,true):format(jpg)/d2lnr5mha7bycj.cloudfront.net/product-image/file/large_dcde5abb-2456-4b3d-a731-d7c3adf47b2c.png,"
Fresh Thyme Market,Original price: $16.19,$8.59 ,/lb,,$0.54/oz,[],,"https://www.instacart.com/image-server/257x257/filters:fill(FFF,true):format(jpg)/d2lnr5mha7bycj.cloudfront.net/product-image/file/large_8ca88c16-8843-4020-a1e0-9026278af116.png,"
Fresh Thyme Market,Fresh Thyme Market 2% Reduced Fat Milk,$3.79 ,,,1 gal,[],,"https://www.instacart.com/image-server/257x257/filters:fill(FFF,true):format(jpg)/d2lnr5mha7bycj.cloudfront.net/product-image/file/large_aed829cc-301d-4d54-86d7-73648666ff5d.png,"
Fresh Thyme Market,Fresh Thyme Market Grade A 2% Reduced Fat Milk,$2.49 ,,,0.5 gal,[],,"https://www.instacart.com/image-server/257x257/filters:fill(FFF,true):format(jpg)/d2lnr5mha7bycj.cloudfront.net/product-image/file/large_997ee4a3-c12e-445d-9965-59a82f37e99c.jpg,"
Fresh Thyme Market,Califia Farms Unsweetened Almondmilk,$4.89 ,,,48 fl oz,['Vegan'],,"https://www.instacart.com/image-server/257x257/filters:fill(FFF,true):format(jpg)/d2lnr5mha7bycj.cloudfront.net/product-image/file/large_287b8538-88ad-4ae2-8e0a-fdf7ebc60e52.png,"
Fresh Thyme Market,Fresh Thyme Market Milk With Vitamin D,$2.49 ,,,0.5 gal,[],,"https://www.instacart.com/image-server/257x257/filters:fill(FFF,true):format(jpg)/d2lnr5mha7bycj.cloudfront.net/product-image/file/large_d6b244d5-19e8-450c-bb17-64066f72540e.jpg,"
Fresh Thyme Market,Fresh Thyme Market Organic 2% Milk,$4.89 ,,,64 fl oz,['Organic'],,"https://www.instacart.com/image-server/257x257/filters:fill(FFF,true):format(jpg)/d2lnr5mha7bycj.cloudfront.net/product-image/file/large_2a210903-7aa0-4ade-82d5-c300200af13d.png,"
Fresh Thyme Market,Organic Valley Whole Milk,$6.49 ,,,64 oz,['Organic'],,"https://www.instacart.com/image-server/257x257/filters:fill(FFF,true):format(jpg)/d2lnr5mha7bycj.cloudfront.net/product-image/file/large_f7ba115a-3098-427a-a0da-9a0cf50d55e8.jpg,"
Fresh Thyme Market,Original price: $6.49,$4.39 ,,,59 fl oz,[],,"https://www.instacart.com/image-server/257x257/filters:fill(FFF,true):format(jpg)/d2lnr5mha7bycj.cloudfront.net/product-image/file/large_f9acd046-0a4a-41ef-a193-fe555e63f833.jpg,"
Fresh Thyme Market,"Organic Valley 100% Grass Fed, Organic 2% Milk",$7.59 ,,,64 oz,['Organic'],,"https://www.instacart.com/image-server/257x257/filters:fill(FFF,true):format(jpg)/d2lnr5mha7bycj.cloudfront.net/product-image/file/large_e6f74d88-fdb1-4548-a743-55b54fb0f0e8.jpg,"
Fresh Thyme Market,Fresh Thyme Market Organic Whole Milk,$4.89 ,,,64 fl oz,['Organic'],,"https://www.instacart.com/image-server/257x257/filters:fill(FFF,true):format(jpg)/d2lnr5mha7bycj.cloudfront.net/product-image/file/large_bff8c7e8-d278-4aa0-8d6b-9269a8761851.png,"
Fresh Thyme Market,Horizon Organic Reduced Fat Organic Milk,$6.49 ,,,64 fl oz,['Organic'],,"https://www.instacart.com/image-server/257x257/filters:fill(FFF,true):format(jpg)/d2lnr5mha7bycj.cloudfront.net/product-image/file/large_821edf63-1941-4ac0-9d53-25da75827543.jpg,"
Fresh Thyme Market,Neutral Organic Whole Milk,$6.99 ,,,64 oz,['Organic'],,"https://www.instacart.com/image-server/257x257/filters:fill(FFF,true):format(jpg)/d2lnr5mha7bycj.cloudfront.net/product-image/file/large_b02195fb-e679-4bda-a5dc-4159e9458c65.png,"
Fresh Thyme Market,Fresh Thyme Market Organic Coconut Milk,$2.79 ,,,13.5 fl oz,['Organic'],,"https://www.instacart.com/image-server/257x257/filters:fill(FFF,true):format(jpg)/d2lnr5mha7bycj.cloudfront.net/product-image/file/large_0ff221a5-9b43-4a85-89b2-53b7b2aa091f.png,"
Fresh Thyme Market,Almond Breeze Unsweetened Original Almondmilk Non Dairy Milk Alternative,$4.09 ,,,64 fl oz,[],,"https://www.instacart.com/image-server/257x257/filters:fill(FFF,true):format(jpg)/d2lnr5mha7bycj.cloudfront.net/product-image/file/large_da08b082-b406-420d-b9d8-ca6b8dd49e01.jpg,"
Fresh Thyme Market,Almond Breeze Unsweetened Vanilla Almondmilk,$4.09 ,,,64 fl oz,[],Many in stock,"https://www.instacart.com/image-server/257x257/filters:fill(FFF,true):format(jpg)/d2lnr5mha7bycj.cloudfront.net/product-image/file/large_f31f967e-876a-40ec-a00a-a6463eb5e233.jpg,"
Fresh Thyme Market,Oatly Oatmilk,$6.99 ,,,64 fl oz,"['Vegan', 'Gluten-Free']",,"https://www.instacart.com/image-server/257x257/filters:fill(FFF,true):format(jpg)/d2lnr5mha7bycj.cloudfront.net/product-image/file/large_14a1995b-ec01-436f-9610-684c8a1dd1f4.png,"
Fresh Thyme Market,Organic Valley 2% Milk,$6.49 ,,,64 fl oz,['Organic'],,"https://www.instacart.com/image-server/257x257/filters:fill(FFF,true):format(jpg)/d2lnr5mha7bycj.cloudfront.net/product-image/file/large_35525414-11ee-4baa-894b-fbadcb0a80b3.jpg,"
Fresh Thyme Market,"Organic Valley Lactose Free, Whole Organic Milk, 64oz (Half Gallon)",$6.49 ,,,64 oz,['Organic'],,"https://www.instacart.com/image-server/257x257/filters:fill(FFF,true):format(jpg)/d2lnr5mha7bycj.cloudfront.net/product-image/file/large_67e5ad27-b264-438c-a761-5ad4aff58039.jpg,"
Fresh Thyme Market,Califia Farms Organic Unsweetened Almond Milk,$6.49 ,,,48 fl oz,"['Organic', 'Vegan']",,"https://www.instacart.com/image-server/257x257/filters:fill(FFF,true):format(jpg)/d2lnr5mha7bycj.cloudfront.net/product-image/file/large_610a7603-b793-4d31-8de4-e8c2e8e0aa9e.png,"
Fresh Thyme Market,"Chobani Oatmilk, Extra Creamy",$5.39 ,,,52 fl oz,"['Vegan', 'Gluten-Free']",,"https://www.instacart.com/image-server/257x257/filters:fill(FFF,true):format(jpg)/d2lnr5mha7bycj.cloudfront.net/product-image/file/large_9c0ba207-6397-4592-a485-bfc0a85ad63a.png,"
Fresh Thyme Market,MALK Original Oat,$6.49 ,,,28 fl oz,"['Organic', 'Vegan']",,"https://www.instacart.com/image-server/257x257/filters:fill(FFF,true):format(jpg)/d2lnr5mha7bycj.cloudfront.net/product-image/file/large_3c13f7f9-62db-4e4e-9370-dc95d26d74dd.png,"
Fresh Thyme Market,Organic Valley Organic Whole Milk,$9.69 ,,,128 fl oz,['Organic'],,"https://www.instacart.com/image-server/257x257/filters:fill(FFF,true):format(jpg)/d2lnr5mha7bycj.cloudfront.net/product-image/file/large_83cbceec-930c-4972-9f8b-c33e0d42fe10.jpg,"
Fresh Thyme Market,Califia Farms Go Coconuts Coconut Milk,$4.89 ,,,48 fl oz,['Vegan'],,"https://www.instacart.com/image-server/257x257/filters:fill(FFF,true):format(jpg)/d2lnr5mha7bycj.cloudfront.net/product-image/file/large_2e4729e4-0f17-46e9-9904-3b309ae7a88b.png,"
Fresh Thyme Market,Three Trees Organic Unsweetened Vanilla Bean Almond Milk,$7.59 ,,,28 fl oz,"['Organic', 'Vegan']",Many in stock,"https://www.instacart.com/image-server/257x257/filters:fill(FFF,true):format(jpg)/d2lnr5mha7bycj.cloudfront.net/product-image/file/large_a42eced8-83ef-4e64-8b88-1c21e6af183f.jpg,"
Fresh Thyme Market,Organic Valley Organic 2% Milk,$9.69 ,,,1 gal,['Organic'],,"https://www.instacart.com/image-server/257x257/filters:fill(FFF,true):format(jpg)/d2lnr5mha7bycj.cloudfront.net/product-image/file/large_e0ce1310-ceda-44e6-afd9-0fb79c3452e3.png,"
Fresh Thyme Market,Califia Farms Toasted Coconut Almondmilk,$4.89 ,,,48 fl oz,['Vegan'],,"https://www.instacart.com/image-server/257x257/filters:fill(FFF,true):format(jpg)/d2lnr5mha7bycj.cloudfront.net/product-image/file/large_b6bebdbd-c4b5-4c27-bb58-c9046150a66a.png,"
Fresh Thyme Market,"Organic Valley 100% Grass Fed, Organic Whole Milk",$7.59 ,,,0.5 gal,['Organic'],,"https://www.instacart.com/image-server/257x257/filters:fill(FFF,true):format(jpg)/d2lnr5mha7bycj.cloudfront.net/product-image/file/large_ef8122f5-09a8-495e-88a4-d604a373b789.png,"
Fresh Thyme Market,Organic Valley Cultured Lowfat Organic Buttermilk,$5.09 ,,,32 oz,['Organic'],,"https://www.instacart.com/image-server/257x257/filters:fill(FFF,true):format(jpg)/d2lnr5mha7bycj.cloudfront.net/product-image/file/large_1c81ef39-786b-456e-89e8-c0275cf7b5a1.png,"
Fresh Thyme Market,So Delicious Dairy Free Organic Coconut Milk Beverage Unsweetened,$5.99 ,,,64 fl oz,"['Organic', 'Vegan']",,"https://www.instacart.com/image-server/257x257/filters:fill(FFF,true):format(jpg)/d2lnr5mha7bycj.cloudfront.net/product-image/file/large_662b067e-da48-491f-a5e0-2511bdd3af30.jpg,"
Fresh Thyme Market,"Good Karma Flaxmilk + Protein, Unsweetened",$5.99 ,,,64 fl oz,['Vegan'],,"https://www.instacart.com/image-server/257x257/filters:fill(FFF,true):format(jpg)/d2lnr5mha7bycj.cloudfront.net/product-image/file/large_9dad5dde-efba-4778-9a5e-ed58402d571b.png,"
Fresh Thyme Market,Oatly Full Fat Oatmilk,$6.99 ,,,64 fl oz,"['Vegan', 'Gluten-Free']",,"https://www.instacart.com/image-server/257x257/filters:fill(FFF,true):format(jpg)/d2lnr5mha7bycj.cloudfront.net/product-image/file/large_a9f48724-2de4-46c1-b92f-bee292cfee80.png,"
Fresh Thyme Market,Original price: $5.39,$4.29 ,,,52 fl oz,"['Vegan', 'Gluten-Free']",,"https://www.instacart.com/image-server/257x257/filters:fill(FFF,true):format(jpg)/d2lnr5mha7bycj.cloudfront.net/product-image/file/large_b261f8f4-ed76-477a-a6bf-7fb44f2e16d0.jpg,"
Fresh Thyme Market,Califia Farms Oat Barista Blend Oat Milk,$5.39 ,,,32 fl oz,"['Vegan', 'Gluten-Free']",,"https://www.instacart.com/image-server/257x257/filters:fill(FFF,true):format(jpg)/d2lnr5mha7bycj.cloudfront.net/product-image/file/large_a29a18a7-8214-430f-9b14-5472c0be924f.png,"
Fresh Thyme Market,Pacific Foods Hemp Unsweetened Original Beverage,$6.99 ,,,32 fl oz,['Vegan'],,"https://www.instacart.com/image-server/257x257/filters:fill(FFF,true):format(jpg)/d2lnr5mha7bycj.cloudfront.net/product-image/file/large_06027d8b-798b-4448-a93e-86e8e14fd08b.jpg,"
Fresh Thyme Market,MALK Unsweetened Almond,$6.49 ,,,28 fl oz,"['Organic', 'Vegan']",Likely out of stock,"https://www.instacart.com/image-server/257x257/filters:fill(FFF,true):format(jpg)/d2lnr5mha7bycj.cloudfront.net/product-image/file/large_18696036-c739-4e61-b86d-f3b8a97ba554.png,"
Fresh Thyme Market,Califia Farms Extra Creamy Oat Milk,$4.89 ,,,48 fl oz,"['Vegan', 'Gluten-Free']",,"https://www.instacart.com/image-server/257x257/filters:fill(FFF,true):format(jpg)/d2lnr5mha7bycj.cloudfront.net/product-image/file/large_0c487cc1-3a5f-4ecf-9ae6-8834cf4ee07a.png,"
Fresh Thyme Market,Original price: $4.29,$4.09 ,,,64 fl oz,[],,"https://www.instacart.com/image-server/257x257/filters:fill(FFF,true):format(jpg)/d2lnr5mha7bycj.cloudfront.net/product-image/file/large_0944b60b-8e7e-454a-b031-74852774c988.jpg,"
Fresh Thyme Market,"Silk Original Oat Milk, Dairy Free, Gluten Free, Soy Free",$5.39 ,,,64 fl oz,['Vegan'],,"https://www.instacart.com/image-server/257x257/filters:fill(FFF,true):format(jpg)/d2lnr5mha7bycj.cloudfront.net/product-image/file/large_0e5fc234-9b82-4b5e-b4aa-df4a3e15f032.jpg,"
Fresh Thyme Market,"Silk Unsweet Organic Soy Milk, Dairy Free, Gluten Free",$5.99 ,,,64 fl oz,['Organic'],,"https://www.instacart.com/image-server/257x257/filters:fill(FFF,true):format(jpg)/d2lnr5mha7bycj.cloudfront.net/product-image/file/large_e4038c0f-1026-4fa4-9767-a62d447373b7.jpg,"
Fresh Thyme Market,"fairlife 2% Chocolate Ultra-Filtered Milk, Lactose Free",$5.39 ,,,52 fl oz,[],,"https://www.instacart.com/image-server/257x257/filters:fill(FFF,true):format(jpg)/d2lnr5mha7bycj.cloudfront.net/product-image/file/large_5801ef66-cafe-4d38-8c96-55cb962f3c02.jpg,"
Fresh Thyme Market,Original price: $5.39,$4.09 ,,,32 fl oz,['Vegan'],,"https://www.instacart.com/image-server/257x257/filters:fill(FFF,true):format(jpg)/d2lnr5mha7bycj.cloudfront.net/product-image/file/large_35ba748f-5340-4a7f-9f2d-125e4d410cb9.png,"
Fresh Thyme Market,"fairlife Fat Free Ultra-Filtered Milk, Lactose Free",$5.39 ,,,52 fl oz,[],,"https://www.instacart.com/image-server/257x257/filters:fill(FFF,true):format(jpg)/d2lnr5mha7bycj.cloudfront.net/product-image/file/large_2edaf243-a89c-4e1a-a376-e60cb1f3ab12.jpg,"
Fresh Thyme Market,Original price: $5.99,$4.39 ,,,1.07 oz,[],,"https://www.instacart.com/image-server/257x257/filters:fill(FFF,true):format(jpg)/d1s8987jlndkbs.cloudfront.net/assets/missing-item-4bbe82b8555e4d1c12626fd482cb2409713e8e30835645ff3650ef66a725d03c.png,"
Fresh Thyme Market,Three Trees Organic Oil-Free Barista Almond + Oatmilk,$7.59 ,,,28 fl oz,['Organic'],,"https://www.instacart.com/image-server/257x257/filters:fill(FFF,true):format(jpg)/d2lnr5mha7bycj.cloudfront.net/product-image/file/large_41dd7f78-fb4a-41b4-bb9e-d69841029977.png,"
Fresh Thyme Market,"Tropicana 100% Orange Juice, No Pulp, Original, Pure Premium",$5.39 ,,,52 fl oz,[],,"https://www.instacart.com/image-server/257x257/filters:fill(FFF,true):format(jpg)/d2lnr5mha7bycj.cloudfront.net/product-image/file/large_d7fd9a71-3212-4fd9-bc93-cbd47a99f69e.png,"
Fresh Thyme Market,Original price: $9.69,$9.19 ,,,52 fl oz,['Organic'],Many in stock,"https://www.instacart.com/image-server/257x257/filters:fill(FFF,true):format(jpg)/d2lnr5mha7bycj.cloudfront.net/product-image/file/large_ba4c0d29-eabe-4716-bbed-77fcf308819f.jpg,"
Fresh Thyme Market,"Natalie's Lemonade, Strawberry",$6.49 ,,,fl oz,[],,"https://www.instacart.com/image-server/257x257/filters:fill(FFF,true):format(jpg)/d2lnr5mha7bycj.cloudfront.net/product-image/file/large_d0d0d471-65ed-42e4-8aec-a8b102c617fa.png,"
Fresh Thyme Market,Fresh Thyme Market Apple Organic Juice,$4.89 ,,,64 fl oz,['Organic'],,"https://www.instacart.com/image-server/257x257/filters:fill(FFF,true):format(jpg)/d2lnr5mha7bycj.cloudfront.net/product-image/file/large_4cb73673-6d15-404a-bea5-30345581c2ee.png,"
Fresh Thyme Market,Fresh Thyme Market Organic Lemonade,$3.79 ,,,64 fl oz,['Organic'],,"https://www.instacart.com/image-server/257x257/filters:fill(FFF,true):format(jpg)/d2lnr5mha7bycj.cloudfront.net/product-image/file/large_431dd0b9-1438-4b77-8064-7ca97fc79c19.png,"
Fresh Thyme Market,Fresh Thyme Market Organic Strawberry Lemonade,$3.79 ,,,64 fl oz,['Organic'],,"https://www.instacart.com/image-server/257x257/filters:fill(FFF,true):format(jpg)/d2lnr5mha7bycj.cloudfront.net/product-image/file/large_80205ea3-8759-4321-93c6-39dcb0d399b4.png,"
Fresh Thyme Market,"Natalie's Juice, Orange Beet",$4.29 ,,,16 fl oz,['Organic'],,"https://www.instacart.com/image-server/257x257/filters:fill(FFF,true):format(jpg)/d2lnr5mha7bycj.cloudfront.net/product-image/file/large_96f25404-07e0-4f86-8f22-03c6fde791cf.png,"
Fresh Thyme Market,Fresh Thyme Market NFC Orange Juice With Calcium,$3.79 ,,,52 fl oz,[],,"https://www.instacart.com/image-server/257x257/filters:fill(FFF,true):format(jpg)/d2lnr5mha7bycj.cloudfront.net/product-image/file/large_4ac2aaf8-26b3-40e3-8e3d-ab1d4e29c450.png,"
Fresh Thyme Market,"Uncle Matt's Organic No Sugar Added, Strawberry Lemonade, Juice Boxes",$6.49 ,,,8 x 6.7 fl oz,['Organic'],,"https://www.instacart.com/image-server/257x257/filters:fill(FFF,true):format(jpg)/d2lnr5mha7bycj.cloudfront.net/product-image/file/large_d63fabfb-f0dd-4a5b-863e-b55ff9b026ea.jpg,"
Fresh Thyme Market,POM Wonderful Wonderful 100% Pomegranate Juice,$5.39 ,,,16 fl oz,[],Many in stock,"https://www.instacart.com/image-server/257x257/filters:fill(FFF,true):format(jpg)/d2lnr5mha7bycj.cloudfront.net/product-image/file/large_4c54f50c-8cdd-4bf1-80d5-dccbaa523810.png,"
Fresh Thyme Market,"Natalie's Lemonade, Natural",$5.39 ,,,fl oz,[],,"https://www.instacart.com/image-server/257x257/filters:fill(FFF,true):format(jpg)/d2lnr5mha7bycj.cloudfront.net/product-image/file/large_01e0ad11-1ae1-4d07-b25b-3d3224322782.png,"
Fresh Thyme Market,"Tropicana 100% Juice, Orange, Original",$8.59 ,,,89 fl oz,[],Many in stock,"https://www.instacart.com/image-server/257x257/filters:fill(FFF,true):format(jpg)/d2lnr5mha7bycj.cloudfront.net/product-image/file/large_26134ee4-262e-46d8-9460-e81517bbc755.png,"
Fresh Thyme Market,"Uncle Matt's Organic No Sugar Added Lemonade, Juice Boxes",$6.49 ,,,8 x 6.75 fl oz,['Organic'],,"https://www.instacart.com/image-server/257x257/filters:fill(FFF,true):format(jpg)/d2lnr5mha7bycj.cloudfront.net/product-image/file/large_c527da17-6fd5-400a-b3bb-57b4ab3e01c6.jpg,"
Fresh Thyme Market,Original price: $2.49,$1.69 ,,,12 fl oz,[],,"https://www.instacart.com/image-server/257x257/filters:fill(FFF,true):format(jpg)/d2lnr5mha7bycj.cloudfront.net/product-image/file/large_63f9e03e-b3f6-412d-b22e-1bf6c21c9603.jpeg,"
Fresh Thyme Market,"Natalie's Juice, Organic, Orange",$4.29 ,,,16 fl oz,['Organic'],,"https://www.instacart.com/image-server/257x257/filters:fill(FFF,true):format(jpg)/d2lnr5mha7bycj.cloudfront.net/product-image/file/large_544ae23e-94c3-4030-bf5f-3e30b659a0cd.png,"
Fresh Thyme Market,"ROAR Organic Strawberry Lemonade, Organic",$2.69 ,,,18 fl oz,['Organic'],,"https://www.instacart.com/image-server/257x257/filters:fill(FFF,true):format(jpg)/d2lnr5mha7bycj.cloudfront.net/product-image/file/large_8dfbb911-7c44-4119-b432-968d8bc31a7a.png,"
Fresh Thyme Market,"Natalie's Juice, Blood Orange",$4.29 ,,,16 fl oz,[],,"https://www.instacart.com/image-server/257x257/filters:fill(FFF,true):format(jpg)/d2lnr5mha7bycj.cloudfront.net/product-image/file/large_3dbc16bf-c4f5-4bab-8037-4af243a0a047.png,"
Fresh Thyme Market,"Natalie's Juice, Tangerine",$6.49 ,,,32 fl oz,[],,"https://www.instacart.com/image-server/257x257/filters:fill(FFF,true):format(jpg)/d2lnr5mha7bycj.cloudfront.net/product-image/file/large_1b0ccdb5-cf0f-40e9-83cb-e3b40c9b7764.png,"
Fresh Thyme Market,Fresh Thyme Market Tart Cherry Organic Juice From Concentrate,$5.69 ,,,32 fl oz,['Organic'],,"https://www.instacart.com/image-server/257x257/filters:fill(FFF,true):format(jpg)/d2lnr5mha7bycj.cloudfront.net/product-image/file/large_73b1c645-b021-4fba-a9a4-6baf61456816.png,"
Fresh Thyme Market,Tropicana No Pulp with Calcium & Vitamin D 100% Orange Juice,$8.59 ,,,89 fl oz,[],Many in stock,"https://www.instacart.com/image-server/257x257/filters:fill(FFF,true):format(jpg)/d2lnr5mha7bycj.cloudfront.net/product-image/file/large_d1be7e24-9817-4c1b-b4d5-066ea5d99372.png,"
Fresh Thyme Market,POM Wonderful 100% Pomegranate Juice,$10.79 ,,,48 fl oz,[],Many in stock,"https://www.instacart.com/image-server/257x257/filters:fill(FFF,true):format(jpg)/d2lnr5mha7bycj.cloudfront.net/product-image/file/large_8b81a5cb-4fc3-4222-85d4-68080786e6f2.png,"
Fresh Thyme Market,Original price: $17.19,$9.69 ,,,"Original price: $17.19
$17.19",[],,"https://www.instacart.com/image-server/257x257/filters:fill(FFF,true):format(jpg)/d1s8987jlndkbs.cloudfront.net/assets/missing-item-4bbe82b8555e4d1c12626fd482cb2409713e8e30835645ff3650ef66a725d03c.png,"
Fresh Thyme Market,"Naked Juice, Mighty Mango",$4.29 ,,,15.2 fl oz,[],Many in stock,"https://www.instacart.com/image-server/257x257/filters:fill(FFF,true):format(jpg)/d2lnr5mha7bycj.cloudfront.net/product-image/file/large_bd23ac11-4a7e-4a23-9d8a-de264f61d1ba.png,"
Fresh Thyme Market,The Honest Company Apple Organic Juice Drink,$5.39 ,,,8 x 6 fl oz,['Organic'],,"https://www.instacart.com/image-server/257x257/filters:fill(FFF,true):format(jpg)/d2lnr5mha7bycj.cloudfront.net/product-image/file/large_4ab9642a-0d7e-48a1-a1df-dec5d978defd.jpg,"
Fresh Thyme Market,"Tropicana Orange Juice, Homestyle, Some Pulp",$5.39 ,,,52 fl oz,[],,"https://www.instacart.com/image-server/257x257/filters:fill(FFF,true):format(jpg)/d2lnr5mha7bycj.cloudfront.net/product-image/file/large_25e6b24b-990d-4737-95c3-42789029b544.png,"
Fresh Thyme Market,"Naked Juice, Tropical Guava",$4.29 ,,,15.2 fl oz,[],,"https://www.instacart.com/image-server/257x257/filters:fill(FFF,true):format(jpg)/d2lnr5mha7bycj.cloudfront.net/product-image/file/large_2c747114-25f3-4cf3-ae20-88f9850557e6.png,"
Fresh Thyme Market,"Tropicana Juice, Pineapple Mango Splash",$4.29 ,,,52 fl oz,[],,"https://www.instacart.com/image-server/257x257/filters:fill(FFF,true):format(jpg)/d2lnr5mha7bycj.cloudfront.net/product-image/file/large_8db7e402-1a67-43a6-840b-746f6e1a7d67.png,"
Fresh Thyme Market,Original price: $6.49,$5.39 ,,,12 fl oz,['Organic'],,"https://www.instacart.com/image-server/257x257/filters:fill(FFF,true):format(jpg)/d2lnr5mha7bycj.cloudfront.net/product-image/file/large_f1afb2d2-8355-4c21-8169-17f268ec4a51.png,"
Fresh Thyme Market,"GoodBelly Juice Drink, Mango",$4.29 ,,,32 fl oz,['Organic'],,"https://www.instacart.com/image-server/257x257/filters:fill(FFF,true):format(jpg)/d2lnr5mha7bycj.cloudfront.net/product-image/file/large_35ebd34f-9fed-4ae9-81d8-e73b81510764.png,"
Fresh Thyme Market,"Natalie's Juice, Tangerine",$4.29 ,,,fl oz,[],Many in stock,"https://www.instacart.com/image-server/257x257/filters:fill(FFF,true):format(jpg)/d2lnr5mha7bycj.cloudfront.net/product-image/file/large_8a588ccf-2b0e-4107-9344-b73ef1934c36.png,"
Fresh Thyme Market,Original price: $10.79,$9.19 ,,,52 fl oz,['Organic'],,"https://www.instacart.com/image-server/257x257/filters:fill(FFF,true):format(jpg)/d2lnr5mha7bycj.cloudfront.net/product-image/file/large_13f5f5d5-1444-435c-8eef-87c8b050d301.jpg,"
Fresh Thyme Market,Mott's 100% Original Apple Juice,$5.99 ,,,64 fl oz,[],,"https://www.instacart.com/image-server/257x257/filters:fill(FFF,true):format(jpg)/d2lnr5mha7bycj.cloudfront.net/product-image/file/large_f2db1cef-1304-482b-9bc4-485aacc4b988.png,"
Fresh Thyme Market,Original price: $8.99,$7.59 ,,,32 fl oz,['Organic'],,"https://www.instacart.com/image-server/257x257/filters:fill(FFF,true):format(jpg)/d2lnr5mha7bycj.cloudfront.net/product-image/file/large_362cb7a0-e476-41eb-b2ca-633fbd6c85e9.png,"
Fresh Thyme Market,"Natalie's Juice, Grapefruit",$6.49 ,,,fl oz,[],,"https://www.instacart.com/image-server/257x257/filters:fill(FFF,true):format(jpg)/d2lnr5mha7bycj.cloudfront.net/product-image/file/large_f4a4d14d-311c-4224-988b-3c73c52e5d30.png,"
Fresh Thyme Market,Fresh Squeezed Orange Juice,$4.29 ,,,16 fl oz,[],,"https://www.instacart.com/image-server/257x257/filters:fill(FFF,true):format(jpg)/d2lnr5mha7bycj.cloudfront.net/product-image/file/large_2eaaef7a-a9d9-467e-852d-ec106d2d4217.png,"
Fresh Thyme Market,Original price: $5.99,$5.09 ,,,32 fl oz,['Organic'],,"https://www.instacart.com/image-server/257x257/filters:fill(FFF,true):format(jpg)/d2lnr5mha7bycj.cloudfront.net/product-image/file/large_4179fb66-cc54-4bb0-9698-7dcc241e1801.png,"
