Store,Item Name,Price,Units,Unit Price,Amount,Tags,In Stock,Image
Grove Kosher Market,Banana,$0.31,each (est.),$0.79 / lb,About 0.39 lb each,[],,"https://www.instacart.com/image-server/257x257/filters:fill(FFF,true):format(jpg)/d2lnr5mha7bycj.cloudfront.net/product-image/file/large_27934e1b-09c8-496d-93fe-58dbaa9d75a1.jpg,"
Grove Kosher Market,Hass Avocado,$2.29,,,1 ct,[],Many in stock,"https://www.instacart.com/image-server/257x257/filters:fill(FFF,true):format(jpg)/d2lnr5mha7bycj.cloudfront.net/product-image/file/large_d874d303-8fb1-43c6-b4c8-aabc3199ef04.jpg,"
Grove Kosher Market,Lemon,$1.49,,,,[],Many in stock,"https://www.instacart.com/image-server/257x257/filters:fill(FFF,true):format(jpg)/d2lnr5mha7bycj.cloudfront.net/product-image/file/large_86387158-32f9-4d2c-9fbc-01852aa880f9.jpg,"
Grove Kosher Market,Red Mango,$3.49,,,,[],,"https://www.instacart.com/image-server/257x257/filters:fill(FFF,true):format(jpg)/d2lnr5mha7bycj.cloudfront.net/product-image/file/large_ce00e5ab-ca96-43e2-aee7-5ac21da12597.jpg,"
Grove Kosher Market,Nectarine,$1.08,each (est.),$3.49 / lb,About 0.31 lb each,[],,"https://www.instacart.com/image-server/257x257/filters:fill(FFF,true):format(jpg)/d2lnr5mha7bycj.cloudfront.net/product-image/file/large_8d519397-f7f8-4dd1-98a3-686984c8410f.jpg,"
Grove Kosher Market,Watermelon,$9.19,,,1 lb,[],,"https://www.instacart.com/image-server/257x257/filters:fill(FFF,true):format(jpg)/d2lnr5mha7bycj.cloudfront.net/product-image/file/large_5e87f965-707f-4911-a099-c327e3b642c8.jpg,"
Grove Kosher Market,White Seedless Grapes,$5.79,/lb,,/lb,[],Many in stock,"https://www.instacart.com/image-server/257x257/filters:fill(FFF,true):format(jpg)/d2lnr5mha7bycj.cloudfront.net/product-image/file/large_02fe98da-7244-4d59-b76a-f381ebbf7c92.jpg,"
Grove Kosher Market,Green Seedless Grapes,$4.59,/lb,,/lb,[],,"https://www.instacart.com/image-server/257x257/filters:fill(FFF,true):format(jpg)/d2lnr5mha7bycj.cloudfront.net/product-image/file/large_acdc6d60-b340-4797-8dae-7b7ee4c0f29f.jpg,"
Grove Kosher Market,Limes,$1.99,,,,[],Many in stock,"https://www.instacart.com/image-server/257x257/filters:fill(FFF,true):format(jpg)/d2lnr5mha7bycj.cloudfront.net/product-image/file/large_42bb0e57-f304-4375-984a-01f3ba6ddb8f.jpg,"
Grove Kosher Market,Honeycrisp Apple,$1.80,each (est.),$3.49 / lb,About 0.52 lb each,[],,"https://www.instacart.com/image-server/257x257/filters:fill(FFF,true):format(jpg)/d2lnr5mha7bycj.cloudfront.net/product-image/file/large_15b5c75b-39c0-466e-98bd-f70c04f07e80.jpg,"
Grove Kosher Market,California Giant Strawberries,$4.59,,,1 lb,[],,"https://www.instacart.com/image-server/257x257/filters:fill(FFF,true):format(jpg)/d2lnr5mha7bycj.cloudfront.net/product-image/file/large_c48236b4-41e6-4858-8108-08f39451e14d.png,"
Grove Kosher Market,Golden Delicious Apple,$0.44,each (est.),$1.19 / lb,About 0.37 lb each,[],,"https://www.instacart.com/image-server/257x257/filters:fill(FFF,true):format(jpg)/d2lnr5mha7bycj.cloudfront.net/product-image/file/large_f4c9c56b-0be5-4364-97bc-45761eca7a77.jpg,"
Grove Kosher Market,Red Plum,$0.69,each (est.),$4.59 / lb,About 0.15 lb each,[],,"https://www.instacart.com/image-server/257x257/filters:fill(FFF,true):format(jpg)/d2lnr5mha7bycj.cloudfront.net/product-image/file/large_28400e5e-6b89-4367-bbca-faef2e10d944.jpg,"
Grove Kosher Market,Strawberries Package,$6.89,,,1 pint container,[],,"https://www.instacart.com/image-server/257x257/filters:fill(FFF,true):format(jpg)/d2lnr5mha7bycj.cloudfront.net/product-image/file/large_7b4fddd3-d6c5-465c-9d18-29eb500a0960.jpg,"
Grove Kosher Market,Navel Orange,$1.19,,,,['In season'],Many in stock,"https://www.instacart.com/image-server/257x257/filters:fill(FFF,true):format(jpg)/d2lnr5mha7bycj.cloudfront.net/product-image/file/large_64602942-795a-4b19-a7b4-e958046fecd7.jpg,"
Grove Kosher Market,Peach,$1.71,each (est.),$3.49 / lb,About 0.49 lb each,[],,"https://www.instacart.com/image-server/257x257/filters:fill(FFF,true):format(jpg)/d2lnr5mha7bycj.cloudfront.net/product-image/file/large_c2a71955-6f56-47ec-9dd7-7788474ce338.jpg,"
Grove Kosher Market,Black Plum,$0.69,each (est.),$4.59 / lb,About 0.15 lb each,[],,"https://www.instacart.com/image-server/257x257/filters:fill(FFF,true):format(jpg)/d2lnr5mha7bycj.cloudfront.net/product-image/file/large_0a36e44a-0ddd-4be9-8b2d-898e111b567f.jpg,"
Grove Kosher Market,Driscoll's Strawberries,$4.59,,,1 lb,[],,"https://www.instacart.com/image-server/257x257/filters:fill(FFF,true):format(jpg)/d2lnr5mha7bycj.cloudfront.net/product-image/file/large_d60e0c89-74bf-446f-8092-9f5fb3644561.jpg,"
Grove Kosher Market,Pineapple,$4.59,,,,[],,"https://www.instacart.com/image-server/257x257/filters:fill(FFF,true):format(jpg)/d2lnr5mha7bycj.cloudfront.net/product-image/file/large_0b432212-1e7a-4525-a632-d67f6df60485.jpg,"
Grove Kosher Market,Red Grapes,$4.59,/lb,,/lb,[],Many in stock,"https://www.instacart.com/image-server/257x257/filters:fill(FFF,true):format(jpg)/d2lnr5mha7bycj.cloudfront.net/product-image/file/large_df21f925-4691-4f9d-97a6-040b0dd79be9.jpg,"
Grove Kosher Market,Gala Apple,$1.10,each (est.),$2.89 / lb,About 0.38 lb each,[],,"https://www.instacart.com/image-server/257x257/filters:fill(FFF,true):format(jpg)/d2lnr5mha7bycj.cloudfront.net/product-image/file/large_b1ab779a-b351-452c-b896-a913b9e439e6.jpg,"
Grove Kosher Market,Yellow Nectarine,$1.08,each (est.),$3.49 / lb,About 0.31 lb each,[],,"https://www.instacart.com/image-server/257x257/filters:fill(FFF,true):format(jpg)/d2lnr5mha7bycj.cloudfront.net/product-image/file/large_0b37930c-bb19-4dea-b801-6af074b4900c.jpg,"
Grove Kosher Market,"Mandarins, Bag",$8.09,,,3 lb,['In season'],,"https://www.instacart.com/image-server/257x257/filters:fill(FFF,true):format(jpg)/d2lnr5mha7bycj.cloudfront.net/product-image/file/large_2e8cef4f-489d-458c-9ce5-f315d4bf32dc.jpg,"
Grove Kosher Market,Fresh Strawberries,$5.79,,,16 oz container,[],,"https://www.instacart.com/image-server/257x257/filters:fill(FFF,true):format(jpg)/d2lnr5mha7bycj.cloudfront.net/product-image/file/large_2fad229b-da43-4934-98f0-58e06f79fb37.jpg,"
Grove Kosher Market,Mini Seedless Watermelon,$8.09,,,1 ct,[],,"https://www.instacart.com/image-server/257x257/filters:fill(FFF,true):format(jpg)/d2lnr5mha7bycj.cloudfront.net/product-image/file/large_ad66436e-f7eb-448b-9ac2-4c07677a4e8f.jpg,"
Grove Kosher Market,Red Seedless Grapes,$4.59,/lb,,/lb,[],Many in stock,"https://www.instacart.com/image-server/257x257/filters:fill(FFF,true):format(jpg)/d2lnr5mha7bycj.cloudfront.net/product-image/file/large_4f1e62a9-3d61-4f5f-8f71-f51d61cf8cec.jpg,"
Grove Kosher Market,Bartlett Pear,$1.29,each (est.),$2.29 / lb,About 0.56 lb each,[],,"https://www.instacart.com/image-server/257x257/filters:fill(FFF,true):format(jpg)/d2lnr5mha7bycj.cloudfront.net/product-image/file/large_c7af1a59-4a3b-460b-bfd3-455db974898d.jpg,"
Grove Kosher Market,Watermelon Chunks,$2.89,,,10 oz,[],,"https://www.instacart.com/image-server/257x257/filters:fill(FFF,true):format(jpg)/d1s8987jlndkbs.cloudfront.net/assets/missing-item-4bbe82b8555e4d1c12626fd482cb2409713e8e30835645ff3650ef66a725d03c.png,"
Grove Kosher Market,Granny Smith Apple,$0.85,each (est.),$2.29 / lb,About 0.37 lb each,[],,"https://www.instacart.com/image-server/257x257/filters:fill(FFF,true):format(jpg)/d2lnr5mha7bycj.cloudfront.net/product-image/file/large_c95973fb-6b73-45f8-975d-5cabeec59322.jpg,"
Grove Kosher Market,Cantaloupe,$5.79,,,,[],,"https://www.instacart.com/image-server/257x257/filters:fill(FFF,true):format(jpg)/d2lnr5mha7bycj.cloudfront.net/product-image/file/large_a3223d3e-178c-43d6-9115-9a010d69aded.jpg,"
Grove Kosher Market,Yellow Peach,$1.51,each (est.),$4.59 / lb,About 0.33 lb each,[],,"https://www.instacart.com/image-server/257x257/filters:fill(FFF,true):format(jpg)/d2lnr5mha7bycj.cloudfront.net/product-image/file/large_86939e56-289e-4e73-8e22-ae74a053282b.jpg,"
Grove Kosher Market,Green Grapes,$3.49,/lb,,/lb,[],Many in stock,"https://www.instacart.com/image-server/257x257/filters:fill(FFF,true):format(jpg)/d2lnr5mha7bycj.cloudfront.net/product-image/file/large_f97e89c8-cef9-4a24-b66a-40021a4cdf27.jpg,"
Grove Kosher Market,Seedless & Juicy Mandarins,$8.09,,,3 lb,['In season'],,"https://www.instacart.com/image-server/257x257/filters:fill(FFF,true):format(jpg)/d1s8987jlndkbs.cloudfront.net/assets/missing-item-4bbe82b8555e4d1c12626fd482cb2409713e8e30835645ff3650ef66a725d03c.png,"
Grove Kosher Market,"Del Monte Pineapple, Extra Sweet",$5.79,,,1 each,[],,"https://www.instacart.com/image-server/257x257/filters:fill(FFF,true):format(jpg)/d2lnr5mha7bycj.cloudfront.net/product-image/file/large_94a3d0ac-7789-400e-8ee0-2c29e8748514.png,"
Grove Kosher Market,Green Kiwi,$1.99,,,,[],,"https://www.instacart.com/image-server/257x257/filters:fill(FFF,true):format(jpg)/d2lnr5mha7bycj.cloudfront.net/product-image/file/large_cdee67b4-a3dc-42bc-89cb-1a7d7d305236.jpg,"
Grove Kosher Market,Organic Navel Orange,$1.99,,,,"['In season', 'Organic']",,"https://www.instacart.com/image-server/257x257/filters:fill(FFF,true):format(jpg)/d2lnr5mha7bycj.cloudfront.net/product-image/file/large_0c1fd7d3-a9dc-4a6b-8544-6ecda317f753.jpg,"
Grove Kosher Market,Lieber's Purple Plums,$4.19,,,15 oz,[],,"https://www.instacart.com/image-server/257x257/filters:fill(FFF,true):format(jpg)/d2lnr5mha7bycj.cloudfront.net/product-image/file/large_93e27178-ccff-40cf-a231-502ccc3f05ee.jpg,"
Grove Kosher Market,Fuji Apple,$0.84,each (est.),$1.99 / lb,About 0.42 lb each,[],,"https://www.instacart.com/image-server/257x257/filters:fill(FFF,true):format(jpg)/d2lnr5mha7bycj.cloudfront.net/product-image/file/large_5ef71840-ac8b-4d84-b464-dbf3f1d41c85.jpg,"
Grove Kosher Market,Honeydew Melon,$6.89,,,,[],,"https://www.instacart.com/image-server/257x257/filters:fill(FFF,true):format(jpg)/d2lnr5mha7bycj.cloudfront.net/product-image/file/large_79e818a3-7fa2-415a-b309-622230d05afc.jpg,"
Grove Kosher Market,Norman's Taste Blueberry Yogurt,$1.09,,,5 oz,[],,"https://www.instacart.com/image-server/257x257/filters:fill(FFF,true):format(jpg)/d1s8987jlndkbs.cloudfront.net/assets/missing-item-4bbe82b8555e4d1c12626fd482cb2409713e8e30835645ff3650ef66a725d03c.png,"
Grove Kosher Market,Cilantro,$2.29,,,1 ct,[],Many in stock,"https://www.instacart.com/image-server/257x257/filters:fill(FFF,true):format(jpg)/d2lnr5mha7bycj.cloudfront.net/product-image/file/large_4052743d-a15f-4b47-92e4-22009cdef752.jpg,"
Grove Kosher Market,Roma Tomato,$0.89,each (est.),$3.49 / lb,About 0.26 lb each,[],,"https://www.instacart.com/image-server/257x257/filters:fill(FFF,true):format(jpg)/d2lnr5mha7bycj.cloudfront.net/product-image/file/large_3d1c36ab-4b8c-4b4c-b8f6-7c63e939e53d.jpg,"
Grove Kosher Market,Green Bell Pepper,$1.26,each (est.),$2.29 / lb,About 0.55 lb each,[],,"https://www.instacart.com/image-server/257x257/filters:fill(FFF,true):format(jpg)/d2lnr5mha7bycj.cloudfront.net/product-image/file/large_3ffcdeaa-1363-450e-9de1-37c02ee53ba6.jpg,"
Grove Kosher Market,Grape Tomatoes,$5.79,,,12 oz,[],,"https://www.instacart.com/image-server/257x257/filters:fill(FFF,true):format(jpg)/d2lnr5mha7bycj.cloudfront.net/product-image/file/large_13fa6754-1d57-463d-ad27-f0462f4b21a8.png,"
Grove Kosher Market,Garlic,$6.89,/lb,,/lb,[],Many in stock,"https://www.instacart.com/image-server/257x257/filters:fill(FFF,true):format(jpg)/d2lnr5mha7bycj.cloudfront.net/product-image/file/large_0df5ab9a-9aea-4c1d-8536-de10ca318096.jpg,"
Grove Kosher Market,Green Onions (Scallions) Package,$3.49,,,per lb,[],Many in stock,"https://www.instacart.com/image-server/257x257/filters:fill(FFF,true):format(jpg)/d2lnr5mha7bycj.cloudfront.net/product-image/file/large_362ed819-a729-4325-8c94-cc5a149c6308.jpg,"
Grove Kosher Market,Red Onion,$1.53,each (est.),$1.99 / lb,About 0.77 lb each,[],,"https://www.instacart.com/image-server/257x257/filters:fill(FFF,true):format(jpg)/d2lnr5mha7bycj.cloudfront.net/product-image/file/large_01ad8efc-cdc1-4503-b80e-94851b480230.jpg,"
Grove Kosher Market,Celery Root (Knob),$5.79,,,,[],,"https://www.instacart.com/image-server/257x257/filters:fill(FFF,true):format(jpg)/d2lnr5mha7bycj.cloudfront.net/product-image/file/large_42acf2f2-25fd-426d-8960-837634b3cf2b.jpg,"
Grove Kosher Market,Yellow Onion,$3.49,,,3 lb,[],,"https://www.instacart.com/image-server/257x257/filters:fill(FFF,true):format(jpg)/d2lnr5mha7bycj.cloudfront.net/product-image/file/large_fa17dd7c-18ef-4c3b-b6cc-42a11af0767f.jpg,"
Grove Kosher Market,Parsnip,$2.55,each (est.),$3.49 / lb,About 0.73 lb each,[],,"https://www.instacart.com/image-server/257x257/filters:fill(FFF,true):format(jpg)/d2lnr5mha7bycj.cloudfront.net/product-image/file/large_2b74d399-8cb7-4480-8524-9553cc8f3ef7.jpg,"
Grove Kosher Market,Yellow Onion,$1.53,each (est.),$1.79 / lb,About 0.86 lb each,[],,"https://www.instacart.com/image-server/257x257/filters:fill(FFF,true):format(jpg)/d2lnr5mha7bycj.cloudfront.net/product-image/file/large_c52783e5-46ee-4c38-b0a0-6e792b9fe497.jpg,"
Grove Kosher Market,Red Bell Pepper,$2.30,each (est.),$4.59 / lb,About 0.5 lb each,[],,"https://www.instacart.com/image-server/257x257/filters:fill(FFF,true):format(jpg)/d2lnr5mha7bycj.cloudfront.net/product-image/file/large_91e6ebd6-fb26-4320-bc37-2003de8b54ce.jpg,"
Grove Kosher Market,Jalapeno Pepper,$0.14,/pkg (est.),$4.59 / lb,About 0.03 lb / package,[],,"https://www.instacart.com/image-server/257x257/filters:fill(FFF,true):format(jpg)/d2lnr5mha7bycj.cloudfront.net/product-image/file/large_74cea424-2ceb-469b-9f34-17b3a745917a.jpg,"
Grove Kosher Market,Sweet Onion,$1.57,each (est.),$1.99 / lb,About 0.79 lb each,[],,"https://www.instacart.com/image-server/257x257/filters:fill(FFF,true):format(jpg)/d2lnr5mha7bycj.cloudfront.net/product-image/file/large_cebc4e90-bfb2-462c-9b78-fe5770d20416.jpg,"
Grove Kosher Market,Sweet Potato (Yam),$3.44,each (est.),$4.59 / lb,About 0.75 lb each,[],,"https://www.instacart.com/image-server/257x257/filters:fill(FFF,true):format(jpg)/d2lnr5mha7bycj.cloudfront.net/product-image/file/large_0286e47f-4de0-47d2-8db2-e145150d16a9.jpg,"
Grove Kosher Market,"Sun Supreme Potatoes, Idaho",$4.59,,,5 lb,['Organic'],,"https://www.instacart.com/image-server/257x257/filters:fill(FFF,true):format(jpg)/d2lnr5mha7bycj.cloudfront.net/product-image/file/large_06ef791e-f7c0-46ae-9ce6-48f2dafb6f95.png,"
Grove Kosher Market,Broccoli,$4.68,each (est.),$3.49 / lb,About 1.34 lb each,[],,"https://www.instacart.com/image-server/257x257/filters:fill(FFF,true):format(jpg)/d2lnr5mha7bycj.cloudfront.net/product-image/file/large_1e0c9411-c49a-4427-bbde-5078a3858ffd.jpg,"
Grove Kosher Market,Organic Sweet Potato (Yam),$2.23,/pkg (est.),$3.49 / lb,About 0.64 lb / package,"['Organic', 'Non-GMO']",,"https://www.instacart.com/image-server/257x257/filters:fill(FFF,true):format(jpg)/d2lnr5mha7bycj.cloudfront.net/product-image/file/large_0eed49a1-12a8-41a0-9fe2-579a69d45360.jpg,"
Grove Kosher Market,Red On the Vine Tomato,$2.72,each (est.),$5.79 / lb,About 0.47 lb each,[],,"https://www.instacart.com/image-server/257x257/filters:fill(FFF,true):format(jpg)/d2lnr5mha7bycj.cloudfront.net/product-image/file/large_75068ae6-6ba0-4376-af36-ef1b01b7b608.jpg,"
Grove Kosher Market,English Seedless Cucumber,$2.89,,,1 ct,[],Many in stock,"https://www.instacart.com/image-server/257x257/filters:fill(FFF,true):format(jpg)/d2lnr5mha7bycj.cloudfront.net/product-image/file/large_ac30dbe2-230a-4649-9e6c-dfe7bb3d1581.jpg,"
Grove Kosher Market,Eggplant,$3.82,each (est.),$3.49 / lb,About 1.1 lb each,[],,"https://www.instacart.com/image-server/257x257/filters:fill(FFF,true):format(jpg)/d2lnr5mha7bycj.cloudfront.net/product-image/file/large_261e5f84-bd83-4d72-9425-c4615d8642f2.jpg,"
Grove Kosher Market,"Cal-Organic Farms Carrots, Fresh Organic",$2.29,,,16 oz,"['In season', 'Organic']",,"https://www.instacart.com/image-server/257x257/filters:fill(FFF,true):format(jpg)/d2lnr5mha7bycj.cloudfront.net/product-image/file/large_5b01ff35-c16c-4a96-8a5c-cb119b33910f.jpg,"
Grove Kosher Market,"Andy Boy Romaine Hearts, Jumbo",$4.59,,,3 ct,[],,"https://www.instacart.com/image-server/257x257/filters:fill(FFF,true):format(jpg)/d2lnr5mha7bycj.cloudfront.net/product-image/file/large_ed92b955-4fbb-41c2-9336-d00e44ba2dcf.jpg,"
Grove Kosher Market,Fennel Bulb,$4.59,,,,[],,"https://www.instacart.com/image-server/257x257/filters:fill(FFF,true):format(jpg)/d2lnr5mha7bycj.cloudfront.net/product-image/file/large_4e3b0ffa-c546-4bfc-aac5-1c6d9e34af15.jpg,"
Grove Kosher Market,Carrot,$0.30,each (est.),$2.29 / lb,About 0.13 lb each,"['In season', 'Non-GMO']",,"https://www.instacart.com/image-server/257x257/filters:fill(FFF,true):format(jpg)/d2lnr5mha7bycj.cloudfront.net/product-image/file/large_e78178a4-b3e3-46cf-81b4-520f8b69d80f.jpg,"
Grove Kosher Market,Zucchini Squash,$2.44,each (est.),$3.49 / lb,About 0.7 lb each,[],,"https://www.instacart.com/image-server/257x257/filters:fill(FFF,true):format(jpg)/d2lnr5mha7bycj.cloudfront.net/product-image/file/large_63fd3c1e-9349-487e-a819-31cf44203603.jpg,"
Grove Kosher Market,Organic Girl Baby Spring Mix,$5.79,,,5 oz,['Organic'],,"https://www.instacart.com/image-server/257x257/filters:fill(FFF,true):format(jpg)/d2lnr5mha7bycj.cloudfront.net/product-image/file/large_843b1afa-1940-46c6-99b5-92bee7b97fa3.jpg,"
Grove Kosher Market,Beefsteak Tomato,$1.63,each (est.),$2.29 / lb,About 0.71 lb each,[],,"https://www.instacart.com/image-server/257x257/filters:fill(FFF,true):format(jpg)/d2lnr5mha7bycj.cloudfront.net/product-image/file/large_ad37918d-3544-479b-be26-c68177a79b4e.jpg,"
Grove Kosher Market,Mini Seedless Cucumbers,$5.79,,,1 lb,[],,"https://www.instacart.com/image-server/257x257/filters:fill(FFF,true):format(jpg)/d2lnr5mha7bycj.cloudfront.net/product-image/file/large_191fed66-f33c-4608-b99f-9d339b1081bf.png,"
Grove Kosher Market,Kabocha Squash,$0.47,each (est.),$1.79 / lb,About 0.26 lb each,[],,"https://www.instacart.com/image-server/257x257/filters:fill(FFF,true):format(jpg)/d2lnr5mha7bycj.cloudfront.net/product-image/file/large_6407c9dd-fafa-42bd-9a42-68157357a1d4.jpg,"
Grove Kosher Market,Beetology Cooked Beets,$2.99,,,17.6 oz,['Organic'],,"https://www.instacart.com/image-server/257x257/filters:fill(FFF,true):format(jpg)/d2lnr5mha7bycj.cloudfront.net/product-image/file/large_4e4cb19f-bb01-448d-9715-3fd71a44b9be.jpg,"
Grove Kosher Market,Yellow Bell Pepper,$2.71,each (est.),$4.59 / lb,About 0.59 lb each,[],,"https://www.instacart.com/image-server/257x257/filters:fill(FFF,true):format(jpg)/d2lnr5mha7bycj.cloudfront.net/product-image/file/large_4fdf8171-7dae-458a-a500-ae2969af48fd.jpg,"
Grove Kosher Market,"For You Radishes Fresh, Bag",$3.49,,,16 oz bag,[],Many in stock,"https://www.instacart.com/image-server/257x257/filters:fill(FFF,true):format(jpg)/d2lnr5mha7bycj.cloudfront.net/product-image/file/large_13706f95-d430-487c-b646-7f6ae4b985a1.PNG,"
Grove Kosher Market,Cucumber,$3.49,,,,[],Likely out of stock,"https://www.instacart.com/image-server/257x257/filters:fill(FFF,true):format(jpg)/d2lnr5mha7bycj.cloudfront.net/product-image/file/large_c3c55096-5e83-4b5b-8517-f96ac96c7d33.jpg,"
Grove Kosher Market,Tomato,$1.63,each (est.),$2.29 / lb,About 0.71 lb each,[],,"https://www.instacart.com/image-server/257x257/filters:fill(FFF,true):format(jpg)/d2lnr5mha7bycj.cloudfront.net/product-image/file/large_5319d10e-1707-4d6f-9f56-08c84c84e69d.jpg,"
Grove Kosher Market,Yellow Squash,$1.50,each (est.),$3.49 / lb,About 0.43 lb each,[],,"https://www.instacart.com/image-server/257x257/filters:fill(FFF,true):format(jpg)/d2lnr5mha7bycj.cloudfront.net/product-image/file/large_942e82f8-be5d-4179-be03-e39f123c7fe8.jpg,"
Grove Kosher Market,Turnip,$3.25,each (est.),$2.29 / lb,About 1.42 lb each,[],,"https://www.instacart.com/image-server/257x257/filters:fill(FFF,true):format(jpg)/d2lnr5mha7bycj.cloudfront.net/product-image/file/large_6d6648e2-d661-4cad-a1c3-21656e32d2eb.jpg,"
Grove Kosher Market,"Dole Iceberg Lettuce, Shredded",$3.49,,,8 oz Package,[],Many in stock,"https://www.instacart.com/image-server/257x257/filters:fill(FFF,true):format(jpg)/d2lnr5mha7bycj.cloudfront.net/product-image/file/large_9fbc3dbd-cad4-467d-8b09-ad16c10545cf.png,"
Grove Kosher Market,Kohlrabi,$5.79,,,,[],,"https://www.instacart.com/image-server/257x257/filters:fill(FFF,true):format(jpg)/d2lnr5mha7bycj.cloudfront.net/product-image/file/large_47c5ca0f-1082-45f1-ad22-501cb2653458.jpg,"
Grove Kosher Market,Mixed Peppers,$6.89,,,4 ct,[],,"https://www.instacart.com/image-server/257x257/filters:fill(FFF,true):format(jpg)/d1s8987jlndkbs.cloudfront.net/assets/missing-item-4bbe82b8555e4d1c12626fd482cb2409713e8e30835645ff3650ef66a725d03c.png,"
Grove Kosher Market,"Paskesz Candy Company Sour Sticks, Strawberry",$3.29,,,3.5 oz,[],,"https://www.instacart.com/image-server/257x257/filters:fill(FFF,true):format(jpg)/d2lnr5mha7bycj.cloudfront.net/product-image/file/large_82b2b915-4986-4e46-adfb-b4e3d66df893.png,"
Grove Kosher Market,HARIBO Quaxi Frogs Gummi Candy,$5.19,,,5.29 oz,[],,"https://www.instacart.com/image-server/257x257/filters:fill(FFF,true):format(jpg)/d2lnr5mha7bycj.cloudfront.net/product-image/file/large_2303a6ca-4b0c-48dd-9d61-768c01f923ce.jpg,"
Grove Kosher Market,"HARIBO Gummi Candy, Peaches",$5.19,,,5.29 oz,[],,"https://www.instacart.com/image-server/257x257/filters:fill(FFF,true):format(jpg)/d2lnr5mha7bycj.cloudfront.net/product-image/file/large_765e52db-09f2-4012-be3e-41898f4e8ed5.jpg,"
Grove Kosher Market,"Loacker Quadratini Dark Chocolate, Bite-size Wafer Cookies",$6.89,,,8.82 oz,[],,"https://www.instacart.com/image-server/257x257/filters:fill(FFF,true):format(jpg)/d2lnr5mha7bycj.cloudfront.net/product-image/file/large_fac0a596-3f7a-43f6-97e7-04021536958d.png,"
Grove Kosher Market,"Loacker Quadratini Tiramis√π, Bite-size Wafer Cookies",$6.39,,,7.76 oz,[],,"https://www.instacart.com/image-server/257x257/filters:fill(FFF,true):format(jpg)/d2lnr5mha7bycj.cloudfront.net/product-image/file/large_28cd7ab7-d4dd-4850-b597-64425304e082.png,"
Grove Kosher Market,"Osem Peanut Puffs, Family Packs",$8.09,,,0.7 oz,"['Gluten-Free', 'Vegan']",,"https://www.instacart.com/image-server/257x257/filters:fill(FFF,true):format(jpg)/d2lnr5mha7bycj.cloudfront.net/product-image/file/large_6817395b-de81-4fa6-a151-178db4e1158b.jpg,"
Grove Kosher Market,"PopCorners Kettle Corn, Sweet & Salty",$1.19,,,1 oz,['Gluten-Free'],,"https://www.instacart.com/image-server/257x257/filters:fill(FFF,true):format(jpg)/d2lnr5mha7bycj.cloudfront.net/product-image/file/large_ce2cf679-4324-407d-996b-84a801867d45.png,"
Grove Kosher Market,"Loacker Quadratini Hazelnut, NON-GMO Bite-size Wafer Cookie",$6.89,,,8.82 oz,[],,"https://www.instacart.com/image-server/257x257/filters:fill(FFF,true):format(jpg)/d2lnr5mha7bycj.cloudfront.net/product-image/file/large_38fa0a46-1708-4e83-83d8-deb13b99711a.png,"
Grove Kosher Market,"Osem Wheat Snacks, BBQ",$1.79,,,2.5 oz,[],,"https://www.instacart.com/image-server/257x257/filters:fill(FFF,true):format(jpg)/d2lnr5mha7bycj.cloudfront.net/product-image/file/large_b37d13ab-a690-433e-8369-f707b5907d7d.jpg,"
Grove Kosher Market,"Pringles Potato Crisps Chips, Lunch Snacks, On-the-Go Snacks, Original",$12.29,,,12 x 0.67 oz,[],,"https://www.instacart.com/image-server/257x257/filters:fill(FFF,true):format(jpg)/d2lnr5mha7bycj.cloudfront.net/product-image/file/large_58952ba6-cb47-4d39-9df8-38fb7c7f653a.jpg,"
Grove Kosher Market,"MadeGood Chocolate Drizzled Granola Bars, Birthday Cake",$5.79,,,5 x 0.85 oz,"['Organic', 'Gluten-Free']",,"https://www.instacart.com/image-server/257x257/filters:fill(FFF,true):format(jpg)/d2lnr5mha7bycj.cloudfront.net/product-image/file/large_e519f905-4803-4927-9b24-a5102ce87602.jpg,"
Grove Kosher Market,"Loacker Quadratini Lemon, NON-GMO Bite-size Wafer Cookie",$6.39,,,8.82 oz,[],,"https://www.instacart.com/image-server/257x257/filters:fill(FFF,true):format(jpg)/d2lnr5mha7bycj.cloudfront.net/product-image/file/large_91e3f0c4-5eac-47c3-8c7d-219864b90edf.jpg,"
Grove Kosher Market,Klik Cookie,$3.49,,,2.64 oz,[],,"https://www.instacart.com/image-server/257x257/filters:fill(FFF,true):format(jpg)/d2lnr5mha7bycj.cloudfront.net/product-image/file/large_0a4f9015-3962-495e-b1b0-cb0c8f164e90.jpg,"
Grove Kosher Market,7th Heaven Pistachio and Halva Cream Chocolate,$3.79,,,1.6 oz,['Vegan'],,"https://www.instacart.com/image-server/257x257/filters:fill(FFF,true):format(jpg)/d2lnr5mha7bycj.cloudfront.net/product-image/file/large_0b07db76-9bfa-4139-af19-bacd86581652.jpg,"
Grove Kosher Market,JOLLY RANCHER Bites Cherry - Orange & Watermelon - Green Apple Soft Candy,$4.59,,,6.5 oz,[],,"https://www.instacart.com/image-server/257x257/filters:fill(FFF,true):format(jpg)/d2lnr5mha7bycj.cloudfront.net/product-image/file/large_437929e9-f5b4-4c1e-9520-4260dfc22f48.jpg,"
Grove Kosher Market,"Loacker Quadratini Chocolate, NON-GMO Bite-size Wafer Cookie",$6.89,,,8.82 oz,[],,"https://www.instacart.com/image-server/257x257/filters:fill(FFF,true):format(jpg)/d2lnr5mha7bycj.cloudfront.net/product-image/file/large_e671b2df-37c7-4940-bf46-a1d868b34658.jpg,"
Grove Kosher Market,Stacy's Simply Naked Pita Chips,$4.29,,,7.33 oz,[],,"https://www.instacart.com/image-server/257x257/filters:fill(FFF,true):format(jpg)/d2lnr5mha7bycj.cloudfront.net/product-image/file/large_e9f572c2-b5e5-4a91-9722-58f8369be918.png,"
Grove Kosher Market,Schmerling's Rosemarie Proline filled Swiss Milk Chocolate,$5.79,,,3.5 oz,[],,"https://www.instacart.com/image-server/257x257/filters:fill(FFF,true):format(jpg)/d2lnr5mha7bycj.cloudfront.net/product-image/file/large_1716e4d4-6cd7-4df9-a919-b2ae26e2cd92.png,"
Grove Kosher Market,Klik Party Mix,$3.49,,,2.64 oz,[],,"https://www.instacart.com/image-server/257x257/filters:fill(FFF,true):format(jpg)/d2lnr5mha7bycj.cloudfront.net/product-image/file/large_3b3419d7-c0d6-439c-b5d9-cc0e4843b4cc.jpg,"
Grove Kosher Market,"Loacker Quadratini Vanilla, NON-GMO Bite-size Wafer Cookies",$6.89,,,8.82 oz,[],,"https://www.instacart.com/image-server/257x257/filters:fill(FFF,true):format(jpg)/d2lnr5mha7bycj.cloudfront.net/product-image/file/large_8fdc3e9c-1809-4ae1-8122-a101981aa7e0.png,"
Grove Kosher Market,Camille Bloch Torino Mousse,$5.29,,,3.5 oz,[],,"https://www.instacart.com/image-server/257x257/filters:fill(FFF,true):format(jpg)/d2lnr5mha7bycj.cloudfront.net/product-image/file/large_294be3b4-7b3e-46fc-990f-75b240fa8d23.jpg,"
Grove Kosher Market,"Wasa Crispbread, Sourdough, Swedish Style",$4.89,,,9.7 oz,"['Fat-Free', 'Whole Grain']",,"https://www.instacart.com/image-server/257x257/filters:fill(FFF,true):format(jpg)/d2lnr5mha7bycj.cloudfront.net/product-image/file/large_3675b2a4-4eab-4dfc-bd6c-be5fb257f1ad.png,"
Grove Kosher Market,Lieber's Rice Cakes,$3.69,,,6 ct,[],,"https://www.instacart.com/image-server/257x257/filters:fill(FFF,true):format(jpg)/d2lnr5mha7bycj.cloudfront.net/product-image/file/large_c080d12b-657d-4629-ad45-ad6b33cb61d7.jpg,"
Grove Kosher Market,Wasa Sesame Whole Grain Crispbread,$4.89,,,9.2 oz,"['Fat-Free', 'Whole Grain']",,"https://www.instacart.com/image-server/257x257/filters:fill(FFF,true):format(jpg)/d2lnr5mha7bycj.cloudfront.net/product-image/file/large_7c07a876-5878-459f-af91-81decdcde041.png,"
Grove Kosher Market,Haddar Mini Multi Pack,$8.89,,,0.5 oz,[],,"https://www.instacart.com/image-server/257x257/filters:fill(FFF,true):format(jpg)/d2lnr5mha7bycj.cloudfront.net/product-image/file/large_762cd6ec-824b-44d7-bff3-25dc4b927589.jpg,"
Grove Kosher Market,"Del Real Foods Rice Thins, Wholegrain",$3.69,,,5.3 oz,"['Gluten-Free', 'Whole Grain']",,"https://www.instacart.com/image-server/257x257/filters:fill(FFF,true):format(jpg)/d2lnr5mha7bycj.cloudfront.net/product-image/file/large_8aa855fb-c154-4c69-abf6-592d7a4b137f.jpg,"
Grove Kosher Market,"Paskesz Candy Company Wholewheat Squares, Plain, Ultra-Thin",$3.09,,,5.5 oz,['Vegan'],,"https://www.instacart.com/image-server/257x257/filters:fill(FFF,true):format(jpg)/d2lnr5mha7bycj.cloudfront.net/product-image/file/large_19aff094-6432-4a4d-88aa-b19b452851f0.jpg,"
Grove Kosher Market,"Wasa Crispbread, Light Rye, Swedish Style",$5.29,,,9.5 oz,"['Fat-Free', 'Whole Grain']",,"https://www.instacart.com/image-server/257x257/filters:fill(FFF,true):format(jpg)/d2lnr5mha7bycj.cloudfront.net/product-image/file/large_dfb45926-d840-4ffc-a607-45748a9f9f1b.png,"
Grove Kosher Market,Doritos Barbecue Tortilla Chips,$2.09,,,2.5 oz,['Gluten-Free'],,"https://www.instacart.com/image-server/257x257/filters:fill(FFF,true):format(jpg)/d2lnr5mha7bycj.cloudfront.net/product-image/file/large_4606a889-997b-4101-9107-294fc4cd5606.jpg,"
Grove Kosher Market,"Osem Crackers, Cream",$4.59,,,8.8 oz,[],,"https://www.instacart.com/image-server/257x257/filters:fill(FFF,true):format(jpg)/d2lnr5mha7bycj.cloudfront.net/product-image/file/large_135b9444-c04d-4805-bd83-25830df4ddbb.png,"
Grove Kosher Market,"Klik XL Candy, Heavenly Crunch",$3.49,,,3 oz,[],,"https://www.instacart.com/image-server/257x257/filters:fill(FFF,true):format(jpg)/d2lnr5mha7bycj.cloudfront.net/product-image/file/large_89183cc6-def0-4263-b5e6-6cf8c4ff1113.png,"
Grove Kosher Market,"Klik Milk Chocolate, Crispini",$3.49,,,3 oz,[],,"https://www.instacart.com/image-server/257x257/filters:fill(FFF,true):format(jpg)/d2lnr5mha7bycj.cloudfront.net/product-image/file/large_9a94b52d-fdbf-48c3-aaa9-be98c44311f2.png,"
Grove Kosher Market,"Del Real Foods Organic Corn Thins, Original",$3.69,,,26 each,"['Fat-Free', 'Gluten-Free']",,"https://www.instacart.com/image-server/257x257/filters:fill(FFF,true):format(jpg)/d2lnr5mha7bycj.cloudfront.net/product-image/file/large_21d35499-974a-42b4-a9e1-beeff8195555.jpg,"
Grove Kosher Market,"Lieber's Cracker, The All Purpose, Snackers",$7.69,,,4 each,[],,"https://www.instacart.com/image-server/257x257/filters:fill(FFF,true):format(jpg)/d2lnr5mha7bycj.cloudfront.net/product-image/file/large_00592268-cc5f-4a5e-81d7-fe8398b37201.jpg,"
Grove Kosher Market,Mary's Gone Crackers Super Seed Crispy Crackers,$8.09,,,5.5 oz,"['Gluten-Free', 'Organic']",,"https://www.instacart.com/image-server/257x257/filters:fill(FFF,true):format(jpg)/d2lnr5mha7bycj.cloudfront.net/product-image/file/large_4d804e49-81d6-4bdd-a779-100c9d513ebd.png,"
Grove Kosher Market,Snack Factory Sea Salt & Cracked Pepper Pretzel Crisps,$5.19,,,7.2 oz,[],,"https://www.instacart.com/image-server/257x257/filters:fill(FFF,true):format(jpg)/d2lnr5mha7bycj.cloudfront.net/product-image/file/large_107e4e67-414a-4ba0-8001-a557b2f334e7.jpg,"
Grove Kosher Market,Schmerling's Rosemarie Praline filled Bitter-Sweet Swiss Chocolate,$5.79,,,3.5 oz,[],,"https://www.instacart.com/image-server/257x257/filters:fill(FFF,true):format(jpg)/d2lnr5mha7bycj.cloudfront.net/product-image/file/large_e321b3dc-71a7-49a1-a33b-b02fb41f5294.jpg,"
Grove Kosher Market,Badatz Paskesz Oodles! Strawberry Tiny Tangy Fruity Chews,$6.39,,,7.9 oz,[],,"https://www.instacart.com/image-server/257x257/filters:fill(FFF,true):format(jpg)/d2lnr5mha7bycj.cloudfront.net/product-image/file/large_bc84ef93-f4ab-4fcd-8ce7-e35a9d4dc7b0.jpg,"
Grove Kosher Market,MadeGood Chocolate Chip Granola Minis,$5.79,,,5 x 4.25 oz,"['Organic', 'Gluten-Free']",,"https://www.instacart.com/image-server/257x257/filters:fill(FFF,true):format(jpg)/d2lnr5mha7bycj.cloudfront.net/product-image/file/large_350e0637-1cd4-411d-96b2-adee42b24069.jpg,"
Grove Kosher Market,Bakol Natural Foods Sweet and Savory Mix,$2.19,,,4 oz,[],,"https://www.instacart.com/image-server/257x257/filters:fill(FFF,true):format(jpg)/d1s8987jlndkbs.cloudfront.net/assets/missing-item-4bbe82b8555e4d1c12626fd482cb2409713e8e30835645ff3650ef66a725d03c.png,"
Grove Kosher Market,"Osem Wheat Snacks, Pizza Flavored",$1.79,,,2.5 oz,['Vegan'],,"https://www.instacart.com/image-server/257x257/filters:fill(FFF,true):format(jpg)/d2lnr5mha7bycj.cloudfront.net/product-image/file/large_00fcc64b-bd0a-4b1d-9a85-8fa855ba73e5.jpg,"
Grove Kosher Market,"Paskesz Candy Company Sour Belts, Strawberry Flavored",$3.69,,,4 oz,[],,"https://www.instacart.com/image-server/257x257/filters:fill(FFF,true):format(jpg)/d2lnr5mha7bycj.cloudfront.net/product-image/file/large_98cd624a-9f26-45bd-bb37-a0decfe27927.png,"
Grove Kosher Market,YumEarth Organic Lollipops,$12.69,,,40 x 8.7 oz,"['Gluten-Free', 'Organic']",,"https://www.instacart.com/image-server/257x257/filters:fill(FFF,true):format(jpg)/d2lnr5mha7bycj.cloudfront.net/product-image/file/large_fee7c4df-11d8-4121-9cbb-5ef386a4e447.png,"
Grove Kosher Market,"Osem Pretzels, Salted, Twists",$5.29,,,14.1 oz,[],,"https://www.instacart.com/image-server/257x257/filters:fill(FFF,true):format(jpg)/d2lnr5mha7bycj.cloudfront.net/product-image/file/large_aa1dd5ef-9208-4971-8f5d-70330afa3da0.jpg,"
Grove Kosher Market,Mentos Chewy Candy Fruit,$1.49,,,1.32 oz,[],,"https://www.instacart.com/image-server/257x257/filters:fill(FFF,true):format(jpg)/d2lnr5mha7bycj.cloudfront.net/product-image/file/large_df893c2d-899d-4a4b-93c1-4ab02a0b8dc0.jpg,"
Grove Kosher Market,Snack Factory Original Pretzel Crisps,$5.19,,,7.2 oz,[],,"https://www.instacart.com/image-server/257x257/filters:fill(FFF,true):format(jpg)/d2lnr5mha7bycj.cloudfront.net/product-image/file/large_997453b7-4d5d-4fe8-9ed4-098c0e1d0a35.jpg,"
Grove Kosher Market,Paskesz Candy Company Golden Fluf Popcorn Lite Large,$4.99,,,5.5 oz,['Gluten-Free'],,"https://www.instacart.com/image-server/257x257/filters:fill(FFF,true):format(jpg)/d2lnr5mha7bycj.cloudfront.net/product-image/file/large_c0cb6c6a-74cc-4dcb-9a8a-b02b699943fe.jpg,"
Grove Kosher Market,Matamim Lite Corn Pops,$3.89,,,4.5 oz,[],,"https://www.instacart.com/image-server/257x257/filters:fill(FFF,true):format(jpg)/d1s8987jlndkbs.cloudfront.net/assets/missing-item-4bbe82b8555e4d1c12626fd482cb2409713e8e30835645ff3650ef66a725d03c.png,"
Grove Kosher Market,"Klik Cornflakes, Milk Chocolate Coated",$3.49,,,2.64 oz,[],,"https://www.instacart.com/image-server/257x257/filters:fill(FFF,true):format(jpg)/d2lnr5mha7bycj.cloudfront.net/product-image/file/large_1d0844cb-ac0c-4eb7-87ca-588667fb7d52.jpg,"
Grove Kosher Market,MadeGood Cocoa Crunch Crispy Light Granola,$10.39,,,10 oz,"['Organic', 'Gluten-Free']",,"https://www.instacart.com/image-server/257x257/filters:fill(FFF,true):format(jpg)/d2lnr5mha7bycj.cloudfront.net/product-image/file/large_3a4d8d3f-7997-4e31-9ee8-fb1bef0d12cf.jpg,"
Grove Kosher Market,Yitzy's Quality Parve Pancake Batter,$15.99,,,32 oz,[],,"https://www.instacart.com/image-server/257x257/filters:fill(FFF,true):format(jpg)/d2lnr5mha7bycj.cloudfront.net/product-image/file/large_0aa836a5-a4e3-4041-b5ce-888abf631dab.jpg,"
Grove Kosher Market,Honey Nut Cheerios Heart Healthy Cereal With Happy Heart Shapes,$11.49,,,18.8 oz,"['Gluten-Free', 'Whole Grain']",,"https://www.instacart.com/image-server/257x257/filters:fill(FFF,true):format(jpg)/d2lnr5mha7bycj.cloudfront.net/product-image/file/large_3cf7132f-2851-4cd5-9c41-b1e5d3dfe140.png,"
Grove Kosher Market,Honey Nut Cheerios Heart Healthy Cereal With Happy Heart Shapes,$8.89,,,10.8 oz,"['Gluten-Free', 'Whole Grain']",,"https://www.instacart.com/image-server/257x257/filters:fill(FFF,true):format(jpg)/d2lnr5mha7bycj.cloudfront.net/product-image/file/large_326c1922-6d15-463a-b614-167a4c6f7aa4.png,"
Grove Kosher Market,Telma Kariot Nougat Creme Filled Cereal,$13.79,,,24.2 oz,[],,"https://www.instacart.com/image-server/257x257/filters:fill(FFF,true):format(jpg)/d2lnr5mha7bycj.cloudfront.net/product-image/file/large_07f1aa09-86c0-43e2-a3ee-9f957e560174.jpg,"
Grove Kosher Market,"Quaker Life Cereal, Multigrain, Original",$7.29,,,13 oz,['Whole Grain'],,"https://www.instacart.com/image-server/257x257/filters:fill(FFF,true):format(jpg)/d2lnr5mha7bycj.cloudfront.net/product-image/file/large_e981986a-eecd-4fe4-8159-1e501dc40ad1.png,"
Grove Kosher Market,"Bob's Red Mill Oatmeal Cup, Brown Sugar & Maple, Gluten Free",$3.29,,,2.15 oz,['Gluten-Free'],,"https://www.instacart.com/image-server/257x257/filters:fill(FFF,true):format(jpg)/d2lnr5mha7bycj.cloudfront.net/product-image/file/large_e01ae613-f85a-47b4-8f6a-888ff21820af.jpg,"
Grove Kosher Market,Not A Branded Item Pancake & Waffle Batter,$10.39,,,16 oz,[],,"https://www.instacart.com/image-server/257x257/filters:fill(FFF,true):format(jpg)/d2lnr5mha7bycj.cloudfront.net/product-image/file/large_91ca6243-a516-4919-9d40-c0042b66c54b.jpg,"
Grove Kosher Market,Simple Farms Homestyle Chocolate Chip Pancake & Waffle Batter,$12.19,,,32 oz,[],,"https://www.instacart.com/image-server/257x257/filters:fill(FFF,true):format(jpg)/d1s8987jlndkbs.cloudfront.net/assets/missing-item-4bbe82b8555e4d1c12626fd482cb2409713e8e30835645ff3650ef66a725d03c.png,"
Grove Kosher Market,Yitzy's Pancake & Waffle Mix,$16.39,,,32 oz,[],,"https://www.instacart.com/image-server/257x257/filters:fill(FFF,true):format(jpg)/d1s8987jlndkbs.cloudfront.net/assets/missing-item-4bbe82b8555e4d1c12626fd482cb2409713e8e30835645ff3650ef66a725d03c.png,"
Grove Kosher Market,"Bob's Red Mill Gluten Free Oatmeal Cup, Apple & Cinnamon",$3.29,,,2.36 oz,['Gluten-Free'],,"https://www.instacart.com/image-server/257x257/filters:fill(FFF,true):format(jpg)/d2lnr5mha7bycj.cloudfront.net/product-image/file/large_d1f51850-3d91-44e0-9920-5dce950e0d2e.jpg,"
Grove Kosher Market,Taanug Corn Flakes Cereal,$5.39,,,12 oz,[],,"https://www.instacart.com/image-server/257x257/filters:fill(FFF,true):format(jpg)/d2lnr5mha7bycj.cloudfront.net/product-image/file/large_9553f2d1-a1bc-4b69-99e0-be3ac3859412.jpg,"
Grove Kosher Market,"Bakol Natural Foods Nut, Seed & Fruit Granola",$6.59,,,12 oz,[],,"https://www.instacart.com/image-server/257x257/filters:fill(FFF,true):format(jpg)/d2lnr5mha7bycj.cloudfront.net/product-image/file/large_9fbd222a-4b62-4303-83be-7c3cfe846727.jpg,"
Grove Kosher Market,BaKol No Added Sugar Nut & Fruit Granola,$7.19,,,12 oz,[],,"https://www.instacart.com/image-server/257x257/filters:fill(FFF,true):format(jpg)/d2lnr5mha7bycj.cloudfront.net/product-image/file/large_1fdb4a00-34f8-40da-a04e-61d644a7161b.jpg,"
Grove Kosher Market,Bob's Red Mill Gluten Free Honey Oat Granola,$7.99,,,12 oz,['Gluten-Free'],,"https://www.instacart.com/image-server/257x257/filters:fill(FFF,true):format(jpg)/d2lnr5mha7bycj.cloudfront.net/product-image/file/large_1afed575-db4f-4b40-b782-5e2570001965.jpg,"
Grove Kosher Market,Lieber's Original Gluten Free Granola Cereal,$9.19,,,8 oz,[],,"https://www.instacart.com/image-server/257x257/filters:fill(FFF,true):format(jpg)/d2lnr5mha7bycj.cloudfront.net/product-image/file/large_bb15a3d5-fd51-4c86-96d1-b1f82d7373ed.jpg,"
Grove Kosher Market,"Quaker Oats, 100% Whole Grain, Quick 1-Minute",$7.69,,,18 oz,[],,"https://www.instacart.com/image-server/257x257/filters:fill(FFF,true):format(jpg)/d2lnr5mha7bycj.cloudfront.net/product-image/file/large_f7c5c979-b567-4e12-a611-37dec9b0ef0d.png,"
Grove Kosher Market,"Bob's Red Mill Rolled Oats, Extra Thick",$7.29,,,32 oz,[],,"https://www.instacart.com/image-server/257x257/filters:fill(FFF,true):format(jpg)/d2lnr5mha7bycj.cloudfront.net/product-image/file/large_75ea4bae-3649-4a7b-974b-6a5ef6d3f4d8.jpg,"
Grove Kosher Market,"Post Honey Bunches of Oats with Almonds Breakfast Cereal, Heart Healthy, Small Box",$5.99,,,12 oz,[],,"https://www.instacart.com/image-server/257x257/filters:fill(FFF,true):format(jpg)/d2lnr5mha7bycj.cloudfront.net/product-image/file/large_d84685e3-8cda-4c03-b68c-be0b3e4b7002.jpg,"
Grove Kosher Market,General Mills Reese's Puffs Chocolatey Peanut Butter Kids Breakfast Cereal,$9.59,,,11.5 oz,['Whole Grain'],,"https://www.instacart.com/image-server/257x257/filters:fill(FFF,true):format(jpg)/d2lnr5mha7bycj.cloudfront.net/product-image/file/large_9b7cb279-c364-4efa-baa1-454daa611231.png,"
Grove Kosher Market,"Post Honeycomb Honeycomb Breakfast Cereal, Honey Flavored Corn Cereal, Kosher, Small size box",$7.59,,,12.5 oz,[],,"https://www.instacart.com/image-server/257x257/filters:fill(FFF,true):format(jpg)/d2lnr5mha7bycj.cloudfront.net/product-image/file/large_60f4ad28-57a0-46b8-808b-f9ac2f8f229e.jpg,"
Grove Kosher Market,"Bob's Red Mill Old Fashioned Rolled Oats, Organic",$6.09,,,16 oz,['Organic'],,"https://www.instacart.com/image-server/257x257/filters:fill(FFF,true):format(jpg)/d2lnr5mha7bycj.cloudfront.net/product-image/file/large_7feb5dcb-3ff3-420b-a7e3-ad4873913283.jpg,"
Grove Kosher Market,Carmit Ego Milk Chocolate Corn Flakes,$1.89,,,1.4 oz,[],,"https://www.instacart.com/image-server/257x257/filters:fill(FFF,true):format(jpg)/d1s8987jlndkbs.cloudfront.net/assets/missing-item-4bbe82b8555e4d1c12626fd482cb2409713e8e30835645ff3650ef66a725d03c.png,"
Grove Kosher Market,Taanug Sugar Puffed Wheat Cereal,$5.39,,,15.3 oz,[],,"https://www.instacart.com/image-server/257x257/filters:fill(FFF,true):format(jpg)/d2lnr5mha7bycj.cloudfront.net/product-image/file/large_c0b183bd-328e-4cb6-9bed-b06b829d5192.jpg,"
Grove Kosher Market,"Quaker Oats, 100% Whole Grain, Old Fashioned",$7.69,,,18 oz,[],,"https://www.instacart.com/image-server/257x257/filters:fill(FFF,true):format(jpg)/d2lnr5mha7bycj.cloudfront.net/product-image/file/large_04489b47-d04f-4211-a8c1-1f4062d5d5b8.png,"
Grove Kosher Market,"Post Cocoa Pebbles Breakfast Cereal, Gluten Free, Kids Snacks, Family Size Cereal Box",$9.19,,,15 oz,['Gluten-Free'],,"https://www.instacart.com/image-server/257x257/filters:fill(FFF,true):format(jpg)/d2lnr5mha7bycj.cloudfront.net/product-image/file/large_dd9983b4-4a54-4029-83f5-b5c25097436b.jpg,"
Grove Kosher Market,"Quaker Cereal, Multigrain, Cinnamon, Large Size",$9.19,,,18 oz,['Whole Grain'],,"https://www.instacart.com/image-server/257x257/filters:fill(FFF,true):format(jpg)/d2lnr5mha7bycj.cloudfront.net/product-image/file/large_61fafcc4-57e2-4062-97dc-572283e87525.png,"
Grove Kosher Market,"Barbara's Peanut Butter Cereal, Non-GMO, Vegan, Kids Breakfast Cereal",$6.79,,,11 oz,['Gluten-Free'],,"https://www.instacart.com/image-server/257x257/filters:fill(FFF,true):format(jpg)/d2lnr5mha7bycj.cloudfront.net/product-image/file/large_93cad229-f4fb-4110-b49c-738d9710cd71.jpg,"
Grove Kosher Market,"Barbara's Cereal, Original",$6.49,,,10 oz,"['Gluten-Free', 'Whole Grain']",,"https://www.instacart.com/image-server/257x257/filters:fill(FFF,true):format(jpg)/d2lnr5mha7bycj.cloudfront.net/product-image/file/large_feff54ce-1019-4056-8712-3a1e562e8e71.jpg,"
Grove Kosher Market,"Post Fruity PEBBLEs Breakfast Cereal, Gluten Free, Family Size Cereal Box",$9.19,,,15 oz,['Gluten-Free'],,"https://www.instacart.com/image-server/257x257/filters:fill(FFF,true):format(jpg)/d2lnr5mha7bycj.cloudfront.net/product-image/file/large_894dc547-96b6-41b2-bfe0-aa19407cf26e.jpg,"
Grove Kosher Market,Taanug Sugar Frosted Flakes Cereal,$6.89,,,13.5 oz,[],,"https://www.instacart.com/image-server/257x257/filters:fill(FFF,true):format(jpg)/d2lnr5mha7bycj.cloudfront.net/product-image/file/large_82c83c48-1282-4c46-8da1-ee4d2f809875.jpg,"
Grove Kosher Market,Taanug Rice Square Cereal,$5.39,,,12 oz,[],,"https://www.instacart.com/image-server/257x257/filters:fill(FFF,true):format(jpg)/d1s8987jlndkbs.cloudfront.net/assets/missing-item-4bbe82b8555e4d1c12626fd482cb2409713e8e30835645ff3650ef66a725d03c.png,"
Grove Kosher Market,"Quaker Instant Oatmeal, Lower Sugar Variety - Pack",$7.99,,,8 ct,[],,"https://www.instacart.com/image-server/257x257/filters:fill(FFF,true):format(jpg)/d2lnr5mha7bycj.cloudfront.net/product-image/file/large_22c4531a-f092-4706-ad0f-215b0b5d9f6d.png,"
Grove Kosher Market,"Bob's Red Mill Muesli Cereal, Old Country Style",$7.59,,,18 oz,['Whole Grain'],,"https://www.instacart.com/image-server/257x257/filters:fill(FFF,true):format(jpg)/d2lnr5mha7bycj.cloudfront.net/product-image/file/large_5c4d5fd2-67ef-4048-97b0-1faad3fae34d.jpg,"
Grove Kosher Market,"Quaker Instant Oatmeal, Flavor Variety - Pack",$7.99,,,8 x 1.51 oz,[],,"https://www.instacart.com/image-server/257x257/filters:fill(FFF,true):format(jpg)/d2lnr5mha7bycj.cloudfront.net/product-image/file/large_6c806aac-a1b1-4df8-a32d-a1281f92b2f2.png,"
Grove Kosher Market,General Mills Chocolate Chex Gluten Free Breakfast Cereal,$9.19,,,12.8 oz,"['Gluten-Free', 'Whole Grain']",,"https://www.instacart.com/image-server/257x257/filters:fill(FFF,true):format(jpg)/d2lnr5mha7bycj.cloudfront.net/product-image/file/large_7fe40ef6-cadd-4e73-932c-bdd87a04655f.png,"
Grove Kosher Market,"Bob's Red Mill Steel Cut Oats, Organic",$7.69,,,24 oz,['Organic'],,"https://www.instacart.com/image-server/257x257/filters:fill(FFF,true):format(jpg)/d2lnr5mha7bycj.cloudfront.net/product-image/file/large_4b5cd32c-4cf4-4de0-8fc4-060785a24ca8.jpg,"
Grove Kosher Market,"Life Cereal, Cinnamon, Multigrain",$7.29,,,13 oz,['Whole Grain'],,"https://www.instacart.com/image-server/257x257/filters:fill(FFF,true):format(jpg)/d2lnr5mha7bycj.cloudfront.net/product-image/file/large_04056204-4dfc-4ed3-b77b-e402910f63fa.png,"
Grove Kosher Market,"Fiber One Bran Cereal, Original",$12.69,,,19.6 oz,['Whole Grain'],,"https://www.instacart.com/image-server/257x257/filters:fill(FFF,true):format(jpg)/d2lnr5mha7bycj.cloudfront.net/product-image/file/large_afe64bbb-2fee-465e-a616-43bbd640834b.png,"
Grove Kosher Market,"Katz Toaster Pastries, Brown Sugar Cinnamon",$8.69,,,4 ct,['Gluten-Free'],,"https://www.instacart.com/image-server/257x257/filters:fill(FFF,true):format(jpg)/d2lnr5mha7bycj.cloudfront.net/product-image/file/large_07351bc6-5938-41d3-9f74-00bd8ef80b2c.png,"
Grove Kosher Market,Bob's Red Mill Old Fashioned Rolled Oats,$7.29,,,32 oz,[],,"https://www.instacart.com/image-server/257x257/filters:fill(FFF,true):format(jpg)/d2lnr5mha7bycj.cloudfront.net/product-image/file/large_394f1618-9304-49ff-b328-924b713afb1f.jpg,"
Grove Kosher Market,"Katz Toaster Pastries, Strawberry",$8.69,,,4 ct,['Gluten-Free'],,"https://www.instacart.com/image-server/257x257/filters:fill(FFF,true):format(jpg)/d2lnr5mha7bycj.cloudfront.net/product-image/file/large_d3ac1e8d-221c-40fb-a790-e1ff62a78508.png,"
Grove Kosher Market,Bakol Natural Foods Chocolate Smart Bitz Granola,$7.19,,,12 oz,[],,"https://www.instacart.com/image-server/257x257/filters:fill(FFF,true):format(jpg)/d2lnr5mha7bycj.cloudfront.net/product-image/file/large_2eb6739d-d88d-46f1-912f-0d035e484292.jpg,"
Grove Kosher Market,"Trix Cereal, Fruit Flavored Corn Puffs",$10.69,,,13.9 oz,['Whole Grain'],,"https://www.instacart.com/image-server/257x257/filters:fill(FFF,true):format(jpg)/d2lnr5mha7bycj.cloudfront.net/product-image/file/large_77945738-994d-46c8-84dc-0b4b161ae49c.png,"
Grove Kosher Market,"Post Golden Crisp Breakfast Cereal, Breakfast Snacks, Sweetened Wheat Cereal, Kosher",$7.89,,,14.75 oz,[],,"https://www.instacart.com/image-server/257x257/filters:fill(FFF,true):format(jpg)/d2lnr5mha7bycj.cloudfront.net/product-image/file/large_df9f8d72-1e1b-4d8c-812d-9cbe44efb531.jpg,"
Grove Kosher Market,Cheerios Heart Healthy Cereal With Limited Edition Happy Heart Shapes,$10.39,,,18 oz,"['Gluten-Free', 'Whole Grain']",,"https://www.instacart.com/image-server/257x257/filters:fill(FFF,true):format(jpg)/d2lnr5mha7bycj.cloudfront.net/product-image/file/large_c51e9fa5-b91c-4941-8d1b-ce69416cbbb6.png,"
Grove Kosher Market,Kellogg's Rice Krispies Breakfast Cereal Original,$10.39,,,12 oz,[],,"https://www.instacart.com/image-server/257x257/filters:fill(FFF,true):format(jpg)/d2lnr5mha7bycj.cloudfront.net/product-image/file/large_d1b9e3ef-0832-4a75-ac7a-ffb66f5ccebd.jpg,"
Grove Kosher Market,Ground Beef Chuck Family Pack,$10.39,/lb,,/lb,[],Many in stock,"https://www.instacart.com/image-server/257x257/filters:fill(FFF,true):format(jpg)/d2lnr5mha7bycj.cloudfront.net/product-image/file/large_0966d383-343f-4a9d-adc2-398de8108f77.jpg,"
Grove Kosher Market,Large Rotisserie Chicken,$19.59,,,40 oz,[],,"https://www.instacart.com/image-server/257x257/filters:fill(FFF,true):format(jpg)/d2lnr5mha7bycj.cloudfront.net/product-image/file/large_d6d3eec6-e0f0-456d-a0ac-7472cb0d94c6.jpg,"
Grove Kosher Market,Thin Sliced Chicken Breast,$14.99,/lb,,/lb,['Breast'],Many in stock,"https://www.instacart.com/image-server/257x257/filters:fill(FFF,true):format(jpg)/d2lnr5mha7bycj.cloudfront.net/product-image/file/large_fe2d8e4b-3311-4887-a78a-1bfe30b72122.jpg,"
Grove Kosher Market,"Sabra Hummus, Classic",$5.39,,,10 oz,['Vegan'],,"https://www.instacart.com/image-server/257x257/filters:fill(FFF,true):format(jpg)/d2lnr5mha7bycj.cloudfront.net/product-image/file/large_513b18be-0abe-4fb9-b918-b85e42fde964.png,"
Grove Kosher Market,New York Challah Rolls,$8.09,,,6 ct,[],Many in stock,"https://www.instacart.com/image-server/257x257/filters:fill(FFF,true):format(jpg)/d1s8987jlndkbs.cloudfront.net/assets/missing-item-4bbe82b8555e4d1c12626fd482cb2409713e8e30835645ff3650ef66a725d03c.png,"
Grove Kosher Market,Chunky Chicken Soup,$11.49,,,30 oz,[],,"https://www.instacart.com/image-server/257x257/filters:fill(FFF,true):format(jpg)/d2lnr5mha7bycj.cloudfront.net/product-image/file/large_72c8cf7b-82a4-41d7-8ea6-917b3880fc50.jpg,"
Grove Kosher Market,Family Pack Organic Scottish Salmon Fillets,$24.19,/lb,,/lb,['Non-GMO'],,"https://www.instacart.com/image-server/257x257/filters:fill(FFF,true):format(jpg)/d2lnr5mha7bycj.cloudfront.net/product-image/file/large_24afca42-2d10-46e4-ae70-1629f0e7a951.jpg,"
Grove Kosher Market,Grove Heimishe Challah,$9.19,,,,[],,"https://www.instacart.com/image-server/257x257/filters:fill(FFF,true):format(jpg)/d2lnr5mha7bycj.cloudfront.net/product-image/file/large_cf2d2ed7-b855-48db-a07e-9ee1c4a2a4e9.jpg,"
Grove Kosher Market,Kokosh Cake,$10.39,/lb,,$0.65/oz,[],Many in stock,"https://www.instacart.com/image-server/257x257/filters:fill(FFF,true):format(jpg)/d2lnr5mha7bycj.cloudfront.net/product-image/file/large_064bb6fa-1420-4d59-a4a0-420ea1348547.jpg,"
Grove Kosher Market,"Haolam String Cheese, Low Moisture, Mozzarella, Part Skim",$17.29,,,18 oz,['Keto'],Many in stock,"https://www.instacart.com/image-server/257x257/filters:fill(FFF,true):format(jpg)/d2lnr5mha7bycj.cloudfront.net/product-image/file/large_65a0e12a-1467-4c16-835d-ab469daf4442.jpg,"
Grove Kosher Market,Bone Marrows,$13.79,/lb,,/lb,[],,"https://www.instacart.com/image-server/257x257/filters:fill(FFF,true):format(jpg)/d2lnr5mha7bycj.cloudfront.net/product-image/file/large_5801e940-601a-4baf-ac85-7ea6c073c1e7.jpg,"
Grove Kosher Market,Homemade Gefilte Fish Loaf,$19.59,,,,[],Many in stock,"https://www.instacart.com/image-server/257x257/filters:fill(FFF,true):format(jpg)/d2lnr5mha7bycj.cloudfront.net/product-image/file/large_e39b7613-f991-43f9-ac8f-ab97e034d680.jpg,"
Grove Kosher Market,Bagel,$1.19,,,,[],Many in stock,"https://www.instacart.com/image-server/257x257/filters:fill(FFF,true):format(jpg)/d2lnr5mha7bycj.cloudfront.net/product-image/file/large_982ece6f-005a-4c31-8424-8aaa3861b8bf.jpg,"
Grove Kosher Market,Gefen Pearl Barley,$2.59,,,16 oz,[],Many in stock,"https://www.instacart.com/image-server/257x257/filters:fill(FFF,true):format(jpg)/d2lnr5mha7bycj.cloudfront.net/product-image/file/large_1300b491-1f9b-46f4-9dcc-c8adf861ec8f.jpg,"
Grove Kosher Market,Ground Turkey Breast,$13.79,/lb,,/lb,[],,"https://www.instacart.com/image-server/257x257/filters:fill(FFF,true):format(jpg)/d2lnr5mha7bycj.cloudfront.net/product-image/file/large_4d85f065-e054-4eb9-8751-f9a3b641f4c1.jpg,"
Grove Kosher Market,Bgan Broccoli Florets,$11.39,,,24 oz,[],Many in stock,"https://www.instacart.com/image-server/257x257/filters:fill(FFF,true):format(jpg)/d2lnr5mha7bycj.cloudfront.net/product-image/file/large_c44e33d7-bc1c-4e16-9102-a48a8712726f.jpg,"
Grove Kosher Market,"Tabatchnick Broth, Chicken, Classic Wholesome",$3.79,,,32 fl oz,[],,"https://www.instacart.com/image-server/257x257/filters:fill(FFF,true):format(jpg)/d2lnr5mha7bycj.cloudfront.net/product-image/file/large_dc1ecbdf-d1c2-480a-8113-37e0408d3dab.jpg,"
Grove Kosher Market,Gefen Cholent Mix,$3.29,,,16 oz,[],Many in stock,"https://www.instacart.com/image-server/257x257/filters:fill(FFF,true):format(jpg)/d2lnr5mha7bycj.cloudfront.net/product-image/file/large_fda853d5-a52a-4a6d-926c-6cb1c4ef3f97.jpg,"
Grove Kosher Market,"Macabee Pizza Bagels, Mozzarella Cheese & Seasoned Sauce",$8.49,,,6 ct,[],,"https://www.instacart.com/image-server/257x257/filters:fill(FFF,true):format(jpg)/d2lnr5mha7bycj.cloudfront.net/product-image/file/large_81ee7904-d994-4d14-99a0-6e5cf0721005.jpg,"
Grove Kosher Market,Givat Mehadrin Whipped Cream Cheese,$5.59,,,8 oz,[],,"https://www.instacart.com/image-server/257x257/filters:fill(FFF,true):format(jpg)/d2lnr5mha7bycj.cloudfront.net/product-image/file/large_373086b0-6045-4132-94c2-b3cbeb99a0c1.jpg,"
Grove Kosher Market,Jetfoil Aluminum Pans With Lids - 5 Lb,$6.89,,,4 ct,[],,"https://www.instacart.com/image-server/257x257/filters:fill(FFF,true):format(jpg)/d2lnr5mha7bycj.cloudfront.net/product-image/file/large_2aff2af8-c61e-4259-a3e4-b99235de5d24.jpg,"
Grove Kosher Market,Jetfoil Foil Pans With Lids Combo,$5.69,,,10 each,[],Many in stock,"https://www.instacart.com/image-server/257x257/filters:fill(FFF,true):format(jpg)/d2lnr5mha7bycj.cloudfront.net/product-image/file/large_7f5ba9b2-f19d-416d-9d4a-5bbd0dfc2744.jpg,"
Grove Kosher Market,"Osem Croutons, Mini",$6.89,,,14.1 oz,[],,"https://www.instacart.com/image-server/257x257/filters:fill(FFF,true):format(jpg)/d2lnr5mha7bycj.cloudfront.net/product-image/file/large_d05196a6-601f-414a-95f8-2997cc9aa601.jpg,"
Grove Kosher Market,Boneless Ribeye Steak Family Pack,$25.29,/lb,,/lb,[],,"https://www.instacart.com/image-server/257x257/filters:fill(FFF,true):format(jpg)/d2lnr5mha7bycj.cloudfront.net/product-image/file/large_28c725b1-7b69-4db1-ae19-87d31747d495.jpg,"
Grove Kosher Market,California Sushi Roll,$11.49,,,,[],,"https://www.instacart.com/image-server/257x257/filters:fill(FFF,true):format(jpg)/d2lnr5mha7bycj.cloudfront.net/product-image/file/large_ed409419-eaad-4e5d-83e1-5e457a102a43.jpg,"
Grove Kosher Market,Muffin,$3.49,,,,[],,"https://www.instacart.com/image-server/257x257/filters:fill(FFF,true):format(jpg)/d2lnr5mha7bycj.cloudfront.net/product-image/file/large_3ac229db-47de-4f40-a61c-9e86469ec7e0.jpg,"
Grove Kosher Market,"Kedem 100% Juice, Grape",$9.79,,,64 fl oz,[],Many in stock,"https://www.instacart.com/image-server/257x257/filters:fill(FFF,true):format(jpg)/d2lnr5mha7bycj.cloudfront.net/product-image/file/large_e3715058-24d0-4bfa-95ba-710f8f97de48.jpg,"
Grove Kosher Market,"McCain Battered Potatoes, Craft Beer, Thin Cut",$7.59,,,22 oz,[],,"https://www.instacart.com/image-server/257x257/filters:fill(FFF,true):format(jpg)/d2lnr5mha7bycj.cloudfront.net/product-image/file/large_2f5cd5fb-0440-41e0-a9dc-b596f53753c1.jpg,"
Grove Kosher Market,Spring Valley Party Assortment,$9.59,,,12 ct,[],,"https://www.instacart.com/image-server/257x257/filters:fill(FFF,true):format(jpg)/d2lnr5mha7bycj.cloudfront.net/product-image/file/large_089a0777-f5cc-4174-a8c2-3e9bccfe62df.jpg,"
Grove Kosher Market,"Ta'amti Cigars, Vegetarian",$9.99,,,17 each,['Vegan'],,"https://www.instacart.com/image-server/257x257/filters:fill(FFF,true):format(jpg)/d2lnr5mha7bycj.cloudfront.net/product-image/file/large_171fe4f8-0fdb-4443-a769-473864a81dff.jpg,"
Grove Kosher Market,Yummy Mozzarella,$19.59,,,1 each,[],,"https://www.instacart.com/image-server/257x257/filters:fill(FFF,true):format(jpg)/d1s8987jlndkbs.cloudfront.net/assets/missing-item-4bbe82b8555e4d1c12626fd482cb2409713e8e30835645ff3650ef66a725d03c.png,"
Grove Kosher Market,Golden Potato Pancakes,$7.59,,,8 ct,[],,"https://www.instacart.com/image-server/257x257/filters:fill(FFF,true):format(jpg)/d2lnr5mha7bycj.cloudfront.net/product-image/file/large_2763e131-ba24-4c40-92ed-872745b1423e.jpg,"
Grove Kosher Market,"Twin Marquis Dumpling Wrapper, Shanghai Style",$5.59,,,14 oz,[],,"https://www.instacart.com/image-server/257x257/filters:fill(FFF,true):format(jpg)/d2lnr5mha7bycj.cloudfront.net/product-image/file/large_b9ceb14e-8751-4789-bb34-0f671db25038.jpg,"
Grove Kosher Market,Hoffman's Pizza Balls,$15.79,,,18 oz,[],,"https://www.instacart.com/image-server/257x257/filters:fill(FFF,true):format(jpg)/d2lnr5mha7bycj.cloudfront.net/product-image/file/large_9a2c0252-b614-4e65-81f6-de68053d004b.jpg,"
Grove Kosher Market,Kosher'us Beef Home Style Pelmeni,$14.99,,,16 oz,[],,"https://www.instacart.com/image-server/257x257/filters:fill(FFF,true):format(jpg)/d2lnr5mha7bycj.cloudfront.net/product-image/file/large_63eca5f9-b20b-4d7f-8776-84fe9d3a8337.jpg,"
Grove Kosher Market,Kosher'us Home Style Chicken Pelmeni,$14.99,,,16 oz,[],,"https://www.instacart.com/image-server/257x257/filters:fill(FFF,true):format(jpg)/d2lnr5mha7bycj.cloudfront.net/product-image/file/large_d4ed30de-f795-4b37-a7df-3a1625102f39.jpg,"
Grove Kosher Market,Twin Marquis Egg Roll Wrap,$10.79,,,2 lb,[],,"https://www.instacart.com/image-server/257x257/filters:fill(FFF,true):format(jpg)/d2lnr5mha7bycj.cloudfront.net/product-image/file/large_1b4e9b33-f8a2-4770-af9d-40b7f73872b7.jpg,"
Grove Kosher Market,Spring Valley Beef Kreplach With Meat Filling Dumplings,$10.29,,,8.8 oz,[],,"https://www.instacart.com/image-server/257x257/filters:fill(FFF,true):format(jpg)/d2lnr5mha7bycj.cloudfront.net/product-image/file/large_e343f81c-ebc2-4809-97c8-d4175277d8ff.jpg,"
Grove Kosher Market,"McCain Potato Fries, Shoestring Cut",$7.59,,,20 oz,['Vegan'],,"https://www.instacart.com/image-server/257x257/filters:fill(FFF,true):format(jpg)/d2lnr5mha7bycj.cloudfront.net/product-image/file/large_9e024e63-8500-4368-b69d-c1286a48f05b.jpg,"
Grove Kosher Market,B'gan Shoestring French Fried Potatoes,$5.59,,,1 lb,['Vegan'],,"https://www.instacart.com/image-server/257x257/filters:fill(FFF,true):format(jpg)/d2lnr5mha7bycj.cloudfront.net/product-image/file/large_c0301dbc-5245-414e-9ab7-e00cfe5cfec2.jpg,"
Grove Kosher Market,B‚Äôgan Foods Seasoned Straight Cut French Fries,$5.59,,,24 oz,[],,"https://www.instacart.com/image-server/257x257/filters:fill(FFF,true):format(jpg)/d2lnr5mha7bycj.cloudfront.net/product-image/file/large_22dfad2e-7c4c-4cfb-addf-427832e5f0c9.jpg,"
Grove Kosher Market,Bagel Bites Classic Hummus,$5.39,,,8 oz,[],,"https://www.instacart.com/image-server/257x257/filters:fill(FFF,true):format(jpg)/d2lnr5mha7bycj.cloudfront.net/product-image/file/large_93cc5965-abc6-46e4-a1db-df67dc1be390.jpg,"
Grove Kosher Market,Cavendish Farms Crispy Spicy Straight Cut Frozen French Fried Potatoes,$5.99,,,32 oz,[],,"https://www.instacart.com/image-server/257x257/filters:fill(FFF,true):format(jpg)/d1s8987jlndkbs.cloudfront.net/assets/missing-item-4bbe82b8555e4d1c12626fd482cb2409713e8e30835645ff3650ef66a725d03c.png,"
Grove Kosher Market,Yummy Mozzarella Sticks,$15.79,,,6 ct,[],,"https://www.instacart.com/image-server/257x257/filters:fill(FFF,true):format(jpg)/d1s8987jlndkbs.cloudfront.net/assets/missing-item-4bbe82b8555e4d1c12626fd482cb2409713e8e30835645ff3650ef66a725d03c.png,"
Grove Kosher Market,Spring Valley Vegetable Egg Rolls,$9.59,,,9.6 oz,[],,"https://www.instacart.com/image-server/257x257/filters:fill(FFF,true):format(jpg)/d2lnr5mha7bycj.cloudfront.net/product-image/file/large_817740b1-9574-412f-81df-99049e7e31ca.jpg,"
Grove Kosher Market,Gefen Square Wonton Wraps,$4.29,,,12 oz,[],,"https://www.instacart.com/image-server/257x257/filters:fill(FFF,true):format(jpg)/d2lnr5mha7bycj.cloudfront.net/product-image/file/large_d6831777-670a-4eed-aa0b-528f12ddb61e.jpg,"
Grove Kosher Market,Hoffman's Potato Croquettes,$6.89,,,12 oz,[],,"https://www.instacart.com/image-server/257x257/filters:fill(FFF,true):format(jpg)/d1s8987jlndkbs.cloudfront.net/assets/missing-item-4bbe82b8555e4d1c12626fd482cb2409713e8e30835645ff3650ef66a725d03c.png,"
Grove Kosher Market,Kp No Way Passover Rolls,$13.39,,,11.64 oz,['Gluten-Free'],,"https://www.instacart.com/image-server/257x257/filters:fill(FFF,true):format(jpg)/d1s8987jlndkbs.cloudfront.net/assets/missing-item-4bbe82b8555e4d1c12626fd482cb2409713e8e30835645ff3650ef66a725d03c.png,"
Grove Kosher Market,"Macabee Bagels, Mini, Pizza",$7.19,,,9 ct,[],,"https://www.instacart.com/image-server/257x257/filters:fill(FFF,true):format(jpg)/d2lnr5mha7bycj.cloudfront.net/product-image/file/large_aa5b731a-53b9-4bf1-bb4d-18065a5e39c8.png,"
Grove Kosher Market,"Amnon‚Äôs Falafel, Balls, Family Size",$9.59,,,12 oz,[],,"https://www.instacart.com/image-server/257x257/filters:fill(FFF,true):format(jpg)/d2lnr5mha7bycj.cloudfront.net/product-image/file/large_389da505-9eb4-4632-b4a9-6431d2e2ecde.jpg,"
Grove Kosher Market,"Ta'amti Falafel Balls, with Tehina Filling",$8.69,,,12 each,[],,"https://www.instacart.com/image-server/257x257/filters:fill(FFF,true):format(jpg)/d2lnr5mha7bycj.cloudfront.net/product-image/file/large_75e9d159-f365-4100-af51-68b93282b234.png,"
Grove Kosher Market,Tuv Taam Passover Cheese Blintzes 12/12,$15.19,,,12 oz,['Gluten-Free'],,"https://www.instacart.com/image-server/257x257/filters:fill(FFF,true):format(jpg)/d2lnr5mha7bycj.cloudfront.net/product-image/file/large_36fc90ac-9bf5-4d8e-bbec-3ca6b97077da.jpg,"
Grove Kosher Market,B'Gan Crispy Coated French Fries,$5.59,,,24 oz,[],,"https://www.instacart.com/image-server/257x257/filters:fill(FFF,true):format(jpg)/d2lnr5mha7bycj.cloudfront.net/product-image/file/large_17acd91a-d9ef-4b8d-b974-8ad16ca4a91c.jpg,"
Grove Kosher Market,B'gan Bold & Crispy Sweet Potato Straight Cut Fries,$6.69,,,19 oz,['Vegan'],,"https://www.instacart.com/image-server/257x257/filters:fill(FFF,true):format(jpg)/d1s8987jlndkbs.cloudfront.net/assets/missing-item-4bbe82b8555e4d1c12626fd482cb2409713e8e30835645ff3650ef66a725d03c.png,"
Grove Kosher Market,B'gan Steak Cut French Fried Potatoes,$5.59,,,32 oz,['Vegan'],,"https://www.instacart.com/image-server/257x257/filters:fill(FFF,true):format(jpg)/d2lnr5mha7bycj.cloudfront.net/product-image/file/large_94c97aab-7091-4a7e-b573-b649097b15e7.jpg,"
Grove Kosher Market,"McCain Fries, Crinkle, Extra Crispy",$7.59,,,26 oz,['Vegan'],,"https://www.instacart.com/image-server/257x257/filters:fill(FFF,true):format(jpg)/d2lnr5mha7bycj.cloudfront.net/product-image/file/large_1221e295-3882-4d03-b114-56287b938b79.jpg,"
Grove Kosher Market,SUPERPRETZEL Original Soft Pretzels,$6.59,,,6 ct,[],,"https://www.instacart.com/image-server/257x257/filters:fill(FFF,true):format(jpg)/d2lnr5mha7bycj.cloudfront.net/product-image/file/large_be83a6e2-47bf-4366-8b0b-85117292032e.png,"
Grove Kosher Market,B'gan Breaded Onion Rings,$11.49,,,12 oz,[],,"https://www.instacart.com/image-server/257x257/filters:fill(FFF,true):format(jpg)/d1s8987jlndkbs.cloudfront.net/assets/missing-item-4bbe82b8555e4d1c12626fd482cb2409713e8e30835645ff3650ef66a725d03c.png,"
Grove Kosher Market,"Dr. Praeger's Sweet Potato Littles, Gluten Free",$9.59,,,10 oz,['Gluten-Free'],,"https://www.instacart.com/image-server/257x257/filters:fill(FFF,true):format(jpg)/d2lnr5mha7bycj.cloudfront.net/product-image/file/large_776eb147-5f25-4943-b89f-463e5aed31f0.png,"
Grove Kosher Market,Macabee Mini Pizza Bagel,$14.39,,,24 oz,[],,"https://www.instacart.com/image-server/257x257/filters:fill(FFF,true):format(jpg)/d2lnr5mha7bycj.cloudfront.net/product-image/file/large_ff6c0f55-415a-41bb-be57-692d3f6c1ca9.jpg,"
Grove Kosher Market,"McCain Fries, Classic, Extra Crispy",$7.59,,,26 oz,['Vegan'],,"https://www.instacart.com/image-server/257x257/filters:fill(FFF,true):format(jpg)/d2lnr5mha7bycj.cloudfront.net/product-image/file/large_5bff1112-ffbf-4e60-974f-db7dc92bcd54.jpg,"
Grove Kosher Market,Spring Valley Apple Blintzes,$4.49,,,13 oz,[],,"https://www.instacart.com/image-server/257x257/filters:fill(FFF,true):format(jpg)/d2lnr5mha7bycj.cloudfront.net/product-image/file/large_fe138cdf-be9c-4be0-83d3-201d01133bee.jpg,"
Grove Kosher Market,Dagim Breaded Mushroom Bites,$10.59,,,14 oz,[],,"https://www.instacart.com/image-server/257x257/filters:fill(FFF,true):format(jpg)/d1s8987jlndkbs.cloudfront.net/assets/missing-item-4bbe82b8555e4d1c12626fd482cb2409713e8e30835645ff3650ef66a725d03c.png,"
Grove Kosher Market,Gabila's Potato Knishes,$9.99,,,16 oz,[],,"https://www.instacart.com/image-server/257x257/filters:fill(FFF,true):format(jpg)/d1s8987jlndkbs.cloudfront.net/assets/missing-item-4bbe82b8555e4d1c12626fd482cb2409713e8e30835645ff3650ef66a725d03c.png,"
Grove Kosher Market,Tivall Veggie Schnitzel Bites,$12.99,,,26.5 oz,[],,"https://www.instacart.com/image-server/257x257/filters:fill(FFF,true):format(jpg)/d2lnr5mha7bycj.cloudfront.net/product-image/file/large_fabb6332-6c37-44eb-90a5-0d722abcd06b.jpg,"
Grove Kosher Market,"Ta'amti Cigars, Potato",$9.99,,,17 ct,['Vegan'],,"https://www.instacart.com/image-server/257x257/filters:fill(FFF,true):format(jpg)/d2lnr5mha7bycj.cloudfront.net/product-image/file/large_740f2d7b-fbfb-48ab-951c-f46a6df1beec.jpg,"
Grove Kosher Market,"McCain Potato Fries, Curly, Seasoned",$7.59,,,26 oz,[],,"https://www.instacart.com/image-server/257x257/filters:fill(FFF,true):format(jpg)/d2lnr5mha7bycj.cloudfront.net/product-image/file/large_daf76cb7-a366-4869-9382-ac3ff6d628c7.jpg,"
Grove Kosher Market,Pride of the Farm Lowfat Milk,$5.29,,,0.5 gal,[],Many in stock,"https://www.instacart.com/image-server/257x257/filters:fill(FFF,true):format(jpg)/d2lnr5mha7bycj.cloudfront.net/product-image/file/large_4d455e01-9857-4671-8896-27ad4876a5bb.png,"
Grove Kosher Market,Almond Breeze Unsweetened,$4.19,,,32 fl oz,[],,"https://www.instacart.com/image-server/257x257/filters:fill(FFF,true):format(jpg)/d2lnr5mha7bycj.cloudfront.net/product-image/file/large_42111fb3-136a-4038-b025-9860247b8ab7.jpg,"
Grove Kosher Market,Califia Farms Unsweetened Almondmilk,$7.29,,,48 fl oz,['Vegan'],,"https://www.instacart.com/image-server/257x257/filters:fill(FFF,true):format(jpg)/d2lnr5mha7bycj.cloudfront.net/product-image/file/large_287b8538-88ad-4ae2-8e0a-fdf7ebc60e52.png,"
Grove Kosher Market,Elmhurst Unsweetened Almond Milk,$11.09,,,32 fl oz,['Vegan'],,"https://www.instacart.com/image-server/257x257/filters:fill(FFF,true):format(jpg)/d2lnr5mha7bycj.cloudfront.net/product-image/file/large_a9260269-9ebe-4e30-9b4e-4b600aabc203.jpg,"
Grove Kosher Market,Pride of the Farm Vitamin D Milk,$5.29,,,0.5 gal,[],Many in stock,"https://www.instacart.com/image-server/257x257/filters:fill(FFF,true):format(jpg)/d2lnr5mha7bycj.cloudfront.net/product-image/file/large_e9d93b16-d365-43d5-b59c-6c6a79537d95.png,"
Grove Kosher Market,Almond Breeze Unsweetened Vanilla Shelf-Stable Almondmilk,$4.09,,,32 fl oz,[],,"https://www.instacart.com/image-server/257x257/filters:fill(FFF,true):format(jpg)/d2lnr5mha7bycj.cloudfront.net/product-image/file/large_8b6440ac-9c34-4f68-9b8b-231336545d6e.jpg,"
Grove Kosher Market,"Dream Ricemilk, Organic, Original, Classic",$5.99,,,32 fl oz,"['Organic', 'Vegan']",,"https://www.instacart.com/image-server/257x257/filters:fill(FFF,true):format(jpg)/d2lnr5mha7bycj.cloudfront.net/product-image/file/large_7f001961-1d08-4855-b9d5-3d66224ac991.jpg,"
Grove Kosher Market,Almond Breeze Original Almondmilk,$4.09,,,32 fl oz,[],,"https://www.instacart.com/image-server/257x257/filters:fill(FFF,true):format(jpg)/d2lnr5mha7bycj.cloudfront.net/product-image/file/large_27f386f1-73b2-4e9f-ad70-6a909ab19575.jpg,"
Grove Kosher Market,Roland Foods Classic Coconut Milk,$4.09,,,14 fl oz,['Vegan'],,"https://www.instacart.com/image-server/257x257/filters:fill(FFF,true):format(jpg)/d2lnr5mha7bycj.cloudfront.net/product-image/file/large_092b3b31-03c9-4bd1-82c7-2807d9f026f3.jpg,"
Grove Kosher Market,Almond Breeze Vanilla Shelf-Stable Almondmilk,$4.19,,,32 fl oz,[],,"https://www.instacart.com/image-server/257x257/filters:fill(FFF,true):format(jpg)/d2lnr5mha7bycj.cloudfront.net/product-image/file/large_a5e9809a-c9ba-4c06-bda1-3352a3eabbbf.jpg,"
Grove Kosher Market,"Dream Ricemilk, Original, Organic, Value Size",$9.79,,,64 fl oz,"['Organic', 'Vegan']",,"https://www.instacart.com/image-server/257x257/filters:fill(FFF,true):format(jpg)/d2lnr5mha7bycj.cloudfront.net/product-image/file/large_ba0a95db-3368-4fcd-97cc-47d16c00c633.png,"
Grove Kosher Market,A2A2 Chocolate Milk,$5.29,,,32 fl oz,[],,"https://www.instacart.com/image-server/257x257/filters:fill(FFF,true):format(jpg)/d1s8987jlndkbs.cloudfront.net/assets/missing-item-4bbe82b8555e4d1c12626fd482cb2409713e8e30835645ff3650ef66a725d03c.png,"
Grove Kosher Market,"Califia Farms Pure Almondmilk, Vanilla",$7.39,,,48 fl oz,['Vegan'],,"https://www.instacart.com/image-server/257x257/filters:fill(FFF,true):format(jpg)/d2lnr5mha7bycj.cloudfront.net/product-image/file/large_9d007d39-e73e-499d-be13-62062f810c54.png,"
Grove Kosher Market,Califia Farms Mocha Cold Brew Coffee with Almondmilk,$9.49,,,48 fl oz,['Vegan'],,"https://www.instacart.com/image-server/257x257/filters:fill(FFF,true):format(jpg)/d2lnr5mha7bycj.cloudfront.net/product-image/file/large_70051255-81c4-4bd4-97ac-6e24ee4a647a.png,"
Grove Kosher Market,"Dream Ricemilk, Organic, Original",$5.99,,,32 fl oz,"['Organic', 'Vegan']",,"https://www.instacart.com/image-server/257x257/filters:fill(FFF,true):format(jpg)/d2lnr5mha7bycj.cloudfront.net/product-image/file/large_e0e93368-6db2-4cdb-a650-a7ea7a3f0d52.jpg,"
Grove Kosher Market,Mehadrin Chocolate Leben Shake,$2.29,,,8 oz,[],,"https://www.instacart.com/image-server/257x257/filters:fill(FFF,true):format(jpg)/d2lnr5mha7bycj.cloudfront.net/product-image/file/large_9a95ee8c-ecca-413d-a7fb-08e86622987f.jpg,"
Grove Kosher Market,Pride of the Farm Chocolate Milk,$2.19,,,1 pt,[],,"https://www.instacart.com/image-server/257x257/filters:fill(FFF,true):format(jpg)/d1s8987jlndkbs.cloudfront.net/assets/missing-item-4bbe82b8555e4d1c12626fd482cb2409713e8e30835645ff3650ef66a725d03c.png,"
Grove Kosher Market,Baby's Only Organic Cholov Yisroel Dairy,$9.19,,,64 oz,['Organic'],,"https://www.instacart.com/image-server/257x257/filters:fill(FFF,true):format(jpg)/d1s8987jlndkbs.cloudfront.net/assets/missing-item-4bbe82b8555e4d1c12626fd482cb2409713e8e30835645ff3650ef66a725d03c.png,"
Grove Kosher Market,Coconut Milk Chocolate,$5.19,,,33.8 oz,[],,"https://www.instacart.com/image-server/257x257/filters:fill(FFF,true):format(jpg)/d2lnr5mha7bycj.cloudfront.net/product-image/file/large_0d1cd839-a2a7-4d08-8d9a-5334b9193b77.jpg,"
Grove Kosher Market,Unsweetened Coconut Milk,$7.29,,,33.8 oz,[],,"https://www.instacart.com/image-server/257x257/filters:fill(FFF,true):format(jpg)/d2lnr5mha7bycj.cloudfront.net/product-image/file/large_3019ef38-6ad6-4034-bec4-3883a8bde7e8.jpg,"
Grove Kosher Market,A2a2 Milk Cholov Yisroel Whole Creamln,$4.09,,,32 oz,[],,"https://www.instacart.com/image-server/257x257/filters:fill(FFF,true):format(jpg)/d2lnr5mha7bycj.cloudfront.net/product-image/file/large_bed09076-aad2-48c3-9110-75a3fbd63cb9.jpg,"
Grove Kosher Market,Goldbaum's Oat & Almond Bliss Vegan Unsweetened Drink,$5.59,,,33.8 fl oz,[],,"https://www.instacart.com/image-server/257x257/filters:fill(FFF,true):format(jpg)/d1s8987jlndkbs.cloudfront.net/assets/missing-item-4bbe82b8555e4d1c12626fd482cb2409713e8e30835645ff3650ef66a725d03c.png,"
Grove Kosher Market,Almond Breeze Chocolate Almondmilk,$7.49,,,0.5 gal,[],,"https://www.instacart.com/image-server/257x257/filters:fill(FFF,true):format(jpg)/d2lnr5mha7bycj.cloudfront.net/product-image/file/large_db5355de-31e6-4228-a242-34e02f54499d.jpg,"
Grove Kosher Market,"Roland Foods Coconut Milk, Lite, Unsweetened",$2.79,,,14 fl oz,['Vegan'],,"https://www.instacart.com/image-server/257x257/filters:fill(FFF,true):format(jpg)/d2lnr5mha7bycj.cloudfront.net/product-image/file/large_e3df7423-decb-407e-9d99-da51212f069c.jpg,"
Grove Kosher Market,Almond Breeze Unsweetened Coconut Original Shelf-Stable Almondmilk,$4.29,,,32 fl oz,[],,"https://www.instacart.com/image-server/257x257/filters:fill(FFF,true):format(jpg)/d2lnr5mha7bycj.cloudfront.net/product-image/file/large_b69a3b52-5416-4ee0-b9ec-367feafa54a4.jpg,"
Grove Kosher Market,Almond Breeze Unsweetened Chocolate Almondmilk,$4.19,,,32 fl oz,[],,"https://www.instacart.com/image-server/257x257/filters:fill(FFF,true):format(jpg)/d2lnr5mha7bycj.cloudfront.net/product-image/file/large_10c57c94-b7ae-4e19-9151-7f6ec42b4730.jpg,"
Grove Kosher Market,Almond Breeze Chocolate Shelf-Stable Almondmilk,$4.19,,,32 fl oz,[],,"https://www.instacart.com/image-server/257x257/filters:fill(FFF,true):format(jpg)/d2lnr5mha7bycj.cloudfront.net/product-image/file/large_f38a25ae-6402-4bbf-8b38-222e86b7a81e.jpg,"
Grove Kosher Market,"Coconut Dream Coconut Drink, Vanilla, Enriched",$6.69,,,32 fl oz,['Vegan'],,"https://www.instacart.com/image-server/257x257/filters:fill(FFF,true):format(jpg)/d2lnr5mha7bycj.cloudfront.net/product-image/file/large_07ce0c41-3c4f-4521-84d0-6876970e45d1.jpg,"
Grove Kosher Market,Almond Breeze Unsweetened Coconut Vanilla Shelf-Stable Almondmilk,$4.19,,,32 fl oz,[],,"https://www.instacart.com/image-server/257x257/filters:fill(FFF,true):format(jpg)/d2lnr5mha7bycj.cloudfront.net/product-image/file/large_f0b3da12-c9a7-4c38-8943-2aebf529a988.jpg,"
Grove Kosher Market,Almond Breeze Coconut Original Shelf-Stable Almondmilk,$4.19,,,32 fl oz,['Vegan'],,"https://www.instacart.com/image-server/257x257/filters:fill(FFF,true):format(jpg)/d2lnr5mha7bycj.cloudfront.net/product-image/file/large_144c0204-68e4-4d2e-a59f-be2572718db7.jpg,"
Grove Kosher Market,Almond Breeze Shelf-Stable Chocolate Almondmilk (Pack of 4),$7.49,,,4 x 8 fl oz,['Vegan'],,"https://www.instacart.com/image-server/257x257/filters:fill(FFF,true):format(jpg)/d2lnr5mha7bycj.cloudfront.net/product-image/file/large_f9a84dab-2d05-4a93-bbeb-0baf5433ee63.jpg,"
Grove Kosher Market,Almond Breeze Shelf-Stable Unsweetened Vanilla Almondmilk,$8.09,,,64 fl oz,[],,"https://www.instacart.com/image-server/257x257/filters:fill(FFF,true):format(jpg)/d2lnr5mha7bycj.cloudfront.net/product-image/file/large_e09ade00-0523-4279-8dcf-a5479101a6f2.jpg,"
Grove Kosher Market,Almond Breeze Shelf-Stable Unsweetened Original Almondmilk,$8.09,,,64 fl oz,[],,"https://www.instacart.com/image-server/257x257/filters:fill(FFF,true):format(jpg)/d2lnr5mha7bycj.cloudfront.net/product-image/file/large_c0d167c1-89e8-401e-80b8-9bf7ec0cfa9f.jpg,"
Grove Kosher Market,Pride Of The Farm Whole Milk,$3.39,,,32 fl oz,[],Many in stock,"https://www.instacart.com/image-server/257x257/filters:fill(FFF,true):format(jpg)/d1s8987jlndkbs.cloudfront.net/assets/missing-item-4bbe82b8555e4d1c12626fd482cb2409713e8e30835645ff3650ef66a725d03c.png,"
Grove Kosher Market,goldbaum's Klp Sweetened Almond Bliss,$5.59,,,33.8 fl oz,[],,"https://www.instacart.com/image-server/257x257/filters:fill(FFF,true):format(jpg)/d1s8987jlndkbs.cloudfront.net/assets/missing-item-4bbe82b8555e4d1c12626fd482cb2409713e8e30835645ff3650ef66a725d03c.png,"
Grove Kosher Market,Rice DREAM Vanilla Enriched Rice Drink,$5.99,,,32 fl oz,[],,"https://www.instacart.com/image-server/257x257/filters:fill(FFF,true):format(jpg)/d2lnr5mha7bycj.cloudfront.net/product-image/file/large_9172d33e-7dd1-402b-b1d9-723095233040.png,"
Grove Kosher Market,Rice DREAM Vanilla Classic Rice Drink,$5.99,,,32 fl oz,['Vegan'],,"https://www.instacart.com/image-server/257x257/filters:fill(FFF,true):format(jpg)/d2lnr5mha7bycj.cloudfront.net/product-image/file/large_14c675b3-d45d-4d9b-9931-01813a89b7e3.png,"
Grove Kosher Market,"Dream Ricemilk, Vanilla, Value Size",$9.79,,,64 fl oz,['Vegan'],,"https://www.instacart.com/image-server/257x257/filters:fill(FFF,true):format(jpg)/d2lnr5mha7bycj.cloudfront.net/product-image/file/large_367518ef-855a-44d3-b4d1-a0b7e080c4c6.png,"
Grove Kosher Market,Planet Oat Original Shelf-Stable Oatmilk,$4.39,,,32 fl oz,"['Vegan', 'Gluten-Free']",,"https://www.instacart.com/image-server/257x257/filters:fill(FFF,true):format(jpg)/d2lnr5mha7bycj.cloudfront.net/product-image/file/large_3200fe07-2ca1-44e0-8d49-8c3285716408.jpg,"
Grove Kosher Market,"Eden Foods EDENSOY Soymilk, Original",$5.59,,,32 fl oz,"['Organic', 'Vegan']",,"https://www.instacart.com/image-server/257x257/filters:fill(FFF,true):format(jpg)/d2lnr5mha7bycj.cloudfront.net/product-image/file/large_1a5fd4ad-0e3d-4fb4-963e-8faa6bbb65de.jpg,"
Grove Kosher Market,"Soy Dream Soymilk, Enriched, Original",$5.99,,,32 fl oz,['Organic'],,"https://www.instacart.com/image-server/257x257/filters:fill(FFF,true):format(jpg)/d2lnr5mha7bycj.cloudfront.net/product-image/file/large_bb8e7a0c-e346-4e13-b8bf-71b62a4b6811.jpg,"
Grove Kosher Market,"Yoni's Ravioli, Cheese, Mini Round",$16.49,,,30 oz,[],,"https://www.instacart.com/image-server/257x257/filters:fill(FFF,true):format(jpg)/d2lnr5mha7bycj.cloudfront.net/product-image/file/large_64a549f1-5f4c-40d0-aa6d-6ba9412ad260.jpg,"
Grove Kosher Market,Chicken Pot Pie,$27.59,,,40 oz,[],,"https://www.instacart.com/image-server/257x257/filters:fill(FFF,true):format(jpg)/d2lnr5mha7bycj.cloudfront.net/product-image/file/large_2a6a0ed8-d5c8-46d6-bf6d-d85df490dc5b.jpg,"
Grove Kosher Market,Hoffman's Homestyle Products Pizza Snaps Family Value Pack,$14.59,,,20 oz,[],,"https://www.instacart.com/image-server/257x257/filters:fill(FFF,true):format(jpg)/d2lnr5mha7bycj.cloudfront.net/product-image/file/large_7d704910-ddbd-4174-9d45-e8dcda839310.jpg,"
Grove Kosher Market,Amnon‚Äôs Pizza,$24.19,,,36 oz,[],,"https://www.instacart.com/image-server/257x257/filters:fill(FFF,true):format(jpg)/d2lnr5mha7bycj.cloudfront.net/product-image/file/large_a6f13561-03f5-472c-ae6b-8071bd404fd3.jpg,"
Grove Kosher Market,"Yoni's Tortellini, with Cheese",$12.69,,,15 oz,[],,"https://www.instacart.com/image-server/257x257/filters:fill(FFF,true):format(jpg)/d2lnr5mha7bycj.cloudfront.net/product-image/file/large_df81c369-9e8e-47b0-9048-f29c682febee.jpg,"
Grove Kosher Market,"Macabee Pizza, Cheese, 3-Pack",$7.39,,,3 each,[],,"https://www.instacart.com/image-server/257x257/filters:fill(FFF,true):format(jpg)/d2lnr5mha7bycj.cloudfront.net/product-image/file/large_377b0826-f9d4-44f5-a2b4-fa38f0798c2e.png,"
Grove Kosher Market,"Chef Tzali Ravioli, Pizza",$11.29,,,12 oz,[],,"https://www.instacart.com/image-server/257x257/filters:fill(FFF,true):format(jpg)/d2lnr5mha7bycj.cloudfront.net/product-image/file/large_a9ba122c-97f7-4c23-9860-e218ea9f6834.jpg,"
Grove Kosher Market,Meal Mart Spread Chopped Beef Liver,$8.09,,,12 oz,[],,"https://www.instacart.com/image-server/257x257/filters:fill(FFF,true):format(jpg)/d2lnr5mha7bycj.cloudfront.net/product-image/file/large_9006dc42-6854-4cd4-ae5f-4b1354d44423.png,"
Grove Kosher Market,gani Parve Kishka,$5.79,,,16 oz,[],,"https://www.instacart.com/image-server/257x257/filters:fill(FFF,true):format(jpg)/d2lnr5mha7bycj.cloudfront.net/product-image/file/large_a1e1ace0-73df-4834-9259-fda52f0a8d09.jpg,"
Grove Kosher Market,Ma'aadanot Malawah,$8.79,,,1.54 lb,[],,"https://www.instacart.com/image-server/257x257/filters:fill(FFF,true):format(jpg)/d2lnr5mha7bycj.cloudfront.net/product-image/file/large_f7bc8207-44ce-4d9d-a223-faf6b1d4f69f.JPG,"
Grove Kosher Market,Spring Valley Bow Ties with Kasha,$7.59,,,10 oz,[],,"https://www.instacart.com/image-server/257x257/filters:fill(FFF,true):format(jpg)/d2lnr5mha7bycj.cloudfront.net/product-image/file/large_bae4bfb9-10c7-43c7-8590-43b7b083f2e9.jpg,"
Grove Kosher Market,"Meal Mart Stuffed Cabbage, with Meat in Tomato Garlic Sauce, Family Value Pack",$17.29,,,39 oz,[],,"https://www.instacart.com/image-server/257x257/filters:fill(FFF,true):format(jpg)/d2lnr5mha7bycj.cloudfront.net/product-image/file/large_9056277c-4a57-451e-90eb-88c028087cc9.jpg,"
Grove Kosher Market,"Dare to Be Different Crusts, Grain-Free, Broccoli",$14.99,,,5.9 oz,"['Gluten-Free', 'Keto']",,"https://www.instacart.com/image-server/257x257/filters:fill(FFF,true):format(jpg)/d2lnr5mha7bycj.cloudfront.net/product-image/file/large_59b72b4e-1f3a-4db8-8b7a-52a891085fea.png,"
Grove Kosher Market,J2 BROADWAY's Gourmet Pizza Slices - 8 CT,$23.99,,,8 ct,[],,"https://www.instacart.com/image-server/257x257/filters:fill(FFF,true):format(jpg)/d2lnr5mha7bycj.cloudfront.net/product-image/file/large_893c63d1-1464-4390-b7c4-2de6818257e6.jpg,"
Grove Kosher Market,Chef Tzali Potato Gnocchi,$8.79,,,12 oz,[],,"https://www.instacart.com/image-server/257x257/filters:fill(FFF,true):format(jpg)/d2lnr5mha7bycj.cloudfront.net/product-image/file/large_feafb528-69e2-4715-b916-d822c21b5c7c.jpg,"
Grove Kosher Market,Meal Mart Turkey Pot Pie,$7.19,,,9 oz,[],,"https://www.instacart.com/image-server/257x257/filters:fill(FFF,true):format(jpg)/d2lnr5mha7bycj.cloudfront.net/product-image/file/large_ce7d66f4-c822-4ea5-bc3d-067a1d4f1b33.jpg,"
Grove Kosher Market,"Meal Mart Pot Pie, Chicken",$7.49,,,10 oz,[],,"https://www.instacart.com/image-server/257x257/filters:fill(FFF,true):format(jpg)/d2lnr5mha7bycj.cloudfront.net/product-image/file/large_b6057f34-98da-4d78-a567-98f03de2b017.png,"
Grove Kosher Market,Tabatchnick Vegetarian Chili (Frozen),$3.79,,,15 fl oz,['Gluten-Free'],,"https://www.instacart.com/image-server/257x257/filters:fill(FFF,true):format(jpg)/d2lnr5mha7bycj.cloudfront.net/product-image/file/large_82fa4d9b-cbee-4f51-a9ec-0b4bbad6b1ee.png,"
Grove Kosher Market,Tabatchnick Cabbage Soup (Frozen),$3.79,,,2 ct,[],,"https://www.instacart.com/image-server/257x257/filters:fill(FFF,true):format(jpg)/d2lnr5mha7bycj.cloudfront.net/product-image/file/large_e661c673-4bcd-48da-aec9-bc61a3608fbf.jpg,"
Grove Kosher Market,Dagim Broadway Falafel Balls,$6.19,,,12 oz,[],,"https://www.instacart.com/image-server/257x257/filters:fill(FFF,true):format(jpg)/d2lnr5mha7bycj.cloudfront.net/product-image/file/large_f4b55cbe-0e8e-4ae0-b3f4-14b5c91beaaf.jpg,"
Grove Kosher Market,Tuv Taam Classic Homestyle Fettuccine Alfredo,$8.99,,,12 oz,[],,"https://www.instacart.com/image-server/257x257/filters:fill(FFF,true):format(jpg)/d2lnr5mha7bycj.cloudfront.net/product-image/file/large_6754d171-b8ce-432a-8e29-5b2eef58abe5.jpg,"
Grove Kosher Market,Chef Tzali Kosher Stuffed Cheese Shells,$11.39,,,16 oz,[],,"https://www.instacart.com/image-server/257x257/filters:fill(FFF,true):format(jpg)/d2lnr5mha7bycj.cloudfront.net/product-image/file/large_664aab7c-5916-45a4-a507-67ceb5495ee2.jpg,"
Grove Kosher Market,Tivall Vegetarian Schnitzel,$12.09,,,26.45 oz,[],,"https://www.instacart.com/image-server/257x257/filters:fill(FFF,true):format(jpg)/d1s8987jlndkbs.cloudfront.net/assets/missing-item-4bbe82b8555e4d1c12626fd482cb2409713e8e30835645ff3650ef66a725d03c.png,"
Grove Kosher Market,"Bgan Cauliflower Florets, Breaded",$16.49,,,24 oz,[],,"https://www.instacart.com/image-server/257x257/filters:fill(FFF,true):format(jpg)/d2lnr5mha7bycj.cloudfront.net/product-image/file/large_d2c6d38a-5507-4202-bce1-4794f777962c.png,"
Grove Kosher Market,Spring Valley Party Collection,$28.79,,,40 each,[],,"https://www.instacart.com/image-server/257x257/filters:fill(FFF,true):format(jpg)/d2lnr5mha7bycj.cloudfront.net/product-image/file/large_a4e30117-68ee-489d-8cfe-ccd7b98bafd0.png,"
Grove Kosher Market,Dagim Falafel Balls,$7.19,,,14 oz,[],,"https://www.instacart.com/image-server/257x257/filters:fill(FFF,true):format(jpg)/d2lnr5mha7bycj.cloudfront.net/product-image/file/large_0c6009b7-f062-45d4-8a2a-ce36b6afc9a8.jpg,"
Grove Kosher Market,"Ta'amti Kibbeh, Vegetarian",$10.39,,,10 each,['Vegan'],,"https://www.instacart.com/image-server/257x257/filters:fill(FFF,true):format(jpg)/d2lnr5mha7bycj.cloudfront.net/product-image/file/large_257b39b7-ee9f-4306-8cfa-87dec4fc04b2.jpg,"
Grove Kosher Market,"Katz Pot Pie, Garden Vegetable",$6.79,,,9 oz,"['Gluten-Free', 'Vegan']",,"https://www.instacart.com/image-server/257x257/filters:fill(FFF,true):format(jpg)/d2lnr5mha7bycj.cloudfront.net/product-image/file/large_8c721fcb-53a0-47c4-aba1-d7137a4122a8.png,"
Grove Kosher Market,"Katz Pot Pie, Mushroom Broccoli",$6.79,,,9 oz,"['Gluten-Free', 'Vegan']",,"https://www.instacart.com/image-server/257x257/filters:fill(FFF,true):format(jpg)/d2lnr5mha7bycj.cloudfront.net/product-image/file/large_2a573e37-59bb-4088-ba8e-a64bd1b5f6a6.png,"
Grove Kosher Market,Yummy Shredded Cheese Pizza,$19.19,,,2 lb,[],,"https://www.instacart.com/image-server/257x257/filters:fill(FFF,true):format(jpg)/d1s8987jlndkbs.cloudfront.net/assets/missing-item-4bbe82b8555e4d1c12626fd482cb2409713e8e30835645ff3650ef66a725d03c.png,"
Grove Kosher Market,Tuscanini Potato Gnocchi With Spinach,$7.49,,,17.6 oz,[],,"https://www.instacart.com/image-server/257x257/filters:fill(FFF,true):format(jpg)/d2lnr5mha7bycj.cloudfront.net/product-image/file/large_0242b8f9-da35-4810-a88e-48c6dc9fe135.jpg,"
Grove Kosher Market,Tuv Taam Pasta Primavera,$8.99,,,12 oz,[],,"https://www.instacart.com/image-server/257x257/filters:fill(FFF,true):format(jpg)/d2lnr5mha7bycj.cloudfront.net/product-image/file/large_9d02e986-35ec-4853-9c53-c72ed334c16b.jpg,"
Grove Kosher Market,Tuv Taam Classic Homestyle Baked Ziti,$8.99,,,12 oz,[],,"https://www.instacart.com/image-server/257x257/filters:fill(FFF,true):format(jpg)/d2lnr5mha7bycj.cloudfront.net/product-image/file/large_1b473e58-0e1e-49d4-bf86-21602d369ba1.jpg,"
Grove Kosher Market,Tuv Taam Classic Homestyle Lasagna,$10.69,,,12 oz,[],,"https://www.instacart.com/image-server/257x257/filters:fill(FFF,true):format(jpg)/d2lnr5mha7bycj.cloudfront.net/product-image/file/large_d7a4bb11-96cf-4b5b-b29d-5d709c2f8044.jpg,"
Grove Kosher Market,"Dr. Praeger's General Tso's Chick'n Morsels, Perfect",$12.09,,,9.5 oz,['Vegan'],,"https://www.instacart.com/image-server/257x257/filters:fill(FFF,true):format(jpg)/d2lnr5mha7bycj.cloudfront.net/product-image/file/large_32f1398e-7898-4298-a5fc-12d60634766d.png,"
Grove Kosher Market,Mechels Mozzarella & Cheddar Blend Pizza,$14.99,,,26 oz,[],,"https://www.instacart.com/image-server/257x257/filters:fill(FFF,true):format(jpg)/d1s8987jlndkbs.cloudfront.net/assets/missing-item-4bbe82b8555e4d1c12626fd482cb2409713e8e30835645ff3650ef66a725d03c.png,"
Grove Kosher Market,Absolutely Gluten Free Cauliflower Cheese Pizza,$8.09,,,6 oz,['Gluten-Free'],,"https://www.instacart.com/image-server/257x257/filters:fill(FFF,true):format(jpg)/d2lnr5mha7bycj.cloudfront.net/product-image/file/large_9cf17c91-2983-4afc-8a6a-b38fb324a670.png,"
Grove Kosher Market,Amnon Pizza In Bag 4 Slice,$11.49,,,16 oz,[],,"https://www.instacart.com/image-server/257x257/filters:fill(FFF,true):format(jpg)/d1s8987jlndkbs.cloudfront.net/assets/missing-item-4bbe82b8555e4d1c12626fd482cb2409713e8e30835645ff3650ef66a725d03c.png,"
Grove Kosher Market,Frankel's Pizza Pierogies,$9.49,,,13 oz,[],,"https://www.instacart.com/image-server/257x257/filters:fill(FFF,true):format(jpg)/d2lnr5mha7bycj.cloudfront.net/product-image/file/large_4f938d44-04eb-4781-b92f-cd1aec47087a.jpg,"
Grove Kosher Market,Pikante Galilee Hummus,$5.39,,,8 oz,[],,"https://www.instacart.com/image-server/257x257/filters:fill(FFF,true):format(jpg)/d2lnr5mha7bycj.cloudfront.net/product-image/file/large_185e1842-8b16-4be0-886c-50426de95e76.jpg,"
Grove Kosher Market,Flaum Jalapeno Dip,$5.69,,,7.5 oz,[],Many in stock,"https://www.instacart.com/image-server/257x257/filters:fill(FFF,true):format(jpg)/d2lnr5mha7bycj.cloudfront.net/product-image/file/large_efb0ec34-8df8-425d-94e1-c09b0c286040.jpg,"
Grove Kosher Market,Pikante Babaganoush,$8.09,,,14 oz,[],,"https://www.instacart.com/image-server/257x257/filters:fill(FFF,true):format(jpg)/d2lnr5mha7bycj.cloudfront.net/product-image/file/large_8606626f-5d8a-4b2c-bcbb-c9c3e94e079c.jpg,"
Grove Kosher Market,"Sabra Hummus, Buffalo",$5.09,,,6 oz,[],,"https://www.instacart.com/image-server/257x257/filters:fill(FFF,true):format(jpg)/d2lnr5mha7bycj.cloudfront.net/product-image/file/large_c59b2db3-2691-4716-b646-de80c757973d.png,"
Grove Kosher Market,Baba Ghanoush,$6.89,,,8 oz,[],,"https://www.instacart.com/image-server/257x257/filters:fill(FFF,true):format(jpg)/d2lnr5mha7bycj.cloudfront.net/product-image/file/large_3af9263e-b8e8-4582-8d1d-b8240b148891.jpg,"
Grove Kosher Market,Jalapeno Dip,$4.59,,,8 oz,[],,"https://www.instacart.com/image-server/257x257/filters:fill(FFF,true):format(jpg)/d1s8987jlndkbs.cloudfront.net/assets/missing-item-4bbe82b8555e4d1c12626fd482cb2409713e8e30835645ff3650ef66a725d03c.png,"
Grove Kosher Market,Tahini Dip And Spread,$8.09,,,14 oz,[],,"https://www.instacart.com/image-server/257x257/filters:fill(FFF,true):format(jpg)/d2lnr5mha7bycj.cloudfront.net/product-image/file/large_0650697e-217a-4c95-a968-1929165b76d9.jpg,"
Grove Kosher Market,"Sabra Hummus, Southwest",$5.09,,,6 oz,[],,"https://www.instacart.com/image-server/257x257/filters:fill(FFF,true):format(jpg)/d2lnr5mha7bycj.cloudfront.net/product-image/file/large_91c43ccc-453e-4f8a-b2f9-19a3ae0640f1.png,"
Grove Kosher Market,Homemade Shawarma Dip,$6.89,,,8 oz,[],,"https://www.instacart.com/image-server/257x257/filters:fill(FFF,true):format(jpg)/d2lnr5mha7bycj.cloudfront.net/product-image/file/large_32737ef7-a7ad-48fe-b3ea-33ec288c5d59.jpg,"
Grove Kosher Market,Flaum's Onion Dip,$5.69,,,7.5 oz,[],,"https://www.instacart.com/image-server/257x257/filters:fill(FFF,true):format(jpg)/d2lnr5mha7bycj.cloudfront.net/product-image/file/large_3d3b3d57-4456-40b1-a6fe-8c53d3e4b6bd.jpg,"
Grove Kosher Market,Sonny & Joe's Saut√©ed Eggplant,$5.69,,,7 oz,['Vegan'],,"https://www.instacart.com/image-server/257x257/filters:fill(FFF,true):format(jpg)/d2lnr5mha7bycj.cloudfront.net/product-image/file/large_3513008b-396d-429c-a3dd-28827797f7fe.jpg,"
Grove Kosher Market,Sabra Family Size Classic Hummus,$8.09,,,17 oz,['Vegan'],,"https://www.instacart.com/image-server/257x257/filters:fill(FFF,true):format(jpg)/d2lnr5mha7bycj.cloudfront.net/product-image/file/large_3a1597a2-81f0-4816-8c4d-969dce105504.png,"
Grove Kosher Market,Hummus,$6.89,,,8 oz,[],,"https://www.instacart.com/image-server/257x257/filters:fill(FFF,true):format(jpg)/d2lnr5mha7bycj.cloudfront.net/product-image/file/large_32b66b87-0bd2-47e4-994e-5cfbdaf67d40.jpg,"
Grove Kosher Market,Sonny & Joe's Babaganush,$5.69,,,7 oz,[],Many in stock,"https://www.instacart.com/image-server/257x257/filters:fill(FFF,true):format(jpg)/d2lnr5mha7bycj.cloudfront.net/product-image/file/large_365f8a76-65fd-48d6-b0d8-ae9778b42af1.jpg,"
Grove Kosher Market,Homemade Spice Onion Dip,$6.89,,,8 oz,[],,"https://www.instacart.com/image-server/257x257/filters:fill(FFF,true):format(jpg)/d2lnr5mha7bycj.cloudfront.net/product-image/file/large_58810ae5-6801-4527-a52e-6cb57558c000.jpg,"
Grove Kosher Market,Sabra Barbecue Hummus,$5.09,,,6 oz,[],,"https://www.instacart.com/image-server/257x257/filters:fill(FFF,true):format(jpg)/d2lnr5mha7bycj.cloudfront.net/product-image/file/large_231f9f4c-f6dd-4dc2-869e-c00ca531e03a.jpg,"
Grove Kosher Market,Jerusalem Style Hummus,$8.09,,,14 oz,[],,"https://www.instacart.com/image-server/257x257/filters:fill(FFF,true):format(jpg)/d2lnr5mha7bycj.cloudfront.net/product-image/file/large_1f16183b-4810-460f-a613-d05048e774af.jpg,"
Grove Kosher Market,Flaum's Smooth & Creamy Olive Dip,$5.69,,,7.5 oz,[],Many in stock,"https://www.instacart.com/image-server/257x257/filters:fill(FFF,true):format(jpg)/d2lnr5mha7bycj.cloudfront.net/product-image/file/large_454cb766-467a-4a10-8412-0d0bb58687ed.jpg,"
Grove Kosher Market,Tnuva Cheese Spread Original,$7.99,,,7.94 oz,[],,"https://www.instacart.com/image-server/257x257/filters:fill(FFF,true):format(jpg)/d2lnr5mha7bycj.cloudfront.net/product-image/file/large_4b37857d-5b78-4dca-9c2c-205c256b5037.jpg,"
Grove Kosher Market,"Sabra Snackers, Classic Hummus & Pretzels",$4.59,,,4.56 oz,[],,"https://www.instacart.com/image-server/257x257/filters:fill(FFF,true):format(jpg)/d2lnr5mha7bycj.cloudfront.net/product-image/file/large_333a6ea2-9832-4ab6-8a8c-ba3b0f4fbe77.png,"
Grove Kosher Market,Dipz Variety Pack,$22.99,,,16 oz,[],,"https://www.instacart.com/image-server/257x257/filters:fill(FFF,true):format(jpg)/d1s8987jlndkbs.cloudfront.net/assets/missing-item-4bbe82b8555e4d1c12626fd482cb2409713e8e30835645ff3650ef66a725d03c.png,"
Grove Kosher Market,Sonny & Joe's Original Homestyle Hummus,$5.79,,,10 oz,[],,"https://www.instacart.com/image-server/257x257/filters:fill(FFF,true):format(jpg)/d2lnr5mha7bycj.cloudfront.net/product-image/file/large_0ac95fd4-f9c5-4b09-bd60-61bd08c99bcd.jpg,"
Grove Kosher Market,Sonny & Joe's Grilled Eggplant,$5.39,,,7 oz,[],,"https://www.instacart.com/image-server/257x257/filters:fill(FFF,true):format(jpg)/d2lnr5mha7bycj.cloudfront.net/product-image/file/large_53f16c67-1ee4-4000-9836-d66ec10358c8.jpg,"
Grove Kosher Market,Sabra Spinach & Artichoke Hummus,$6.09,,,10 oz,[],,"https://www.instacart.com/image-server/257x257/filters:fill(FFF,true):format(jpg)/d2lnr5mha7bycj.cloudfront.net/product-image/file/large_da45d57d-501d-49be-8878-b8ec36638233.png,"
Grove Kosher Market,Tuv Taam Eggplant Babaganush,$6.89,,,7 oz,[],,"https://www.instacart.com/image-server/257x257/filters:fill(FFF,true):format(jpg)/d2lnr5mha7bycj.cloudfront.net/product-image/file/large_369b94f7-001a-436e-9993-0912fbd82b7a.jpg,"
Grove Kosher Market,Tuv Taam Creamy & Delicious Olive Spread,$6.39,,,7.5 oz,[],,"https://www.instacart.com/image-server/257x257/filters:fill(FFF,true):format(jpg)/d2lnr5mha7bycj.cloudfront.net/product-image/file/large_5d61fd2c-1fd4-4b8f-a844-eca4ae473e0b.jpg,"
Grove Kosher Market,"Sabra Hummus, Roasted Pine Nut",$5.39,,,10 oz,['Vegan'],Many in stock,"https://www.instacart.com/image-server/257x257/filters:fill(FFF,true):format(jpg)/d2lnr5mha7bycj.cloudfront.net/product-image/file/large_26593339-df3f-497c-855d-b279595fdaae.png,"
Grove Kosher Market,"Sabra Hummus, Roasted Red Pepper",$5.59,,,10 oz,[],Many in stock,"https://www.instacart.com/image-server/257x257/filters:fill(FFF,true):format(jpg)/d2lnr5mha7bycj.cloudfront.net/product-image/file/large_3c0cb80d-e2c2-4e4a-b3f1-84f9123adecd.png,"
Grove Kosher Market,Sonny & Joe's Tahini Dip,$5.39,,,7 oz,['Vegan'],Many in stock,"https://www.instacart.com/image-server/257x257/filters:fill(FFF,true):format(jpg)/d2lnr5mha7bycj.cloudfront.net/product-image/file/large_53854da6-a2bc-43c7-b7c8-15e28b199094.jpg,"
Grove Kosher Market,Bekka Valley Classic Hummus,$8.09,,,14 oz,[],,"https://www.instacart.com/image-server/257x257/filters:fill(FFF,true):format(jpg)/d2lnr5mha7bycj.cloudfront.net/product-image/file/large_f71f5aac-ba2c-4f3f-afa5-5d33f2b2a66d.jpg,"
Grove Kosher Market,Tnuva Cheese Spread with Garlic & Dill,$7.99,,,7.94 oz,['Vegan'],,"https://www.instacart.com/image-server/257x257/filters:fill(FFF,true):format(jpg)/d2lnr5mha7bycj.cloudfront.net/product-image/file/large_f34145a4-fb55-46d4-b770-5d7c620512b7.jpg,"
Grove Kosher Market,"Sabra Hummus with Pretzels, Roasted Red Pepper",$4.59,,,4.56 oz,[],,"https://www.instacart.com/image-server/257x257/filters:fill(FFF,true):format(jpg)/d2lnr5mha7bycj.cloudfront.net/product-image/file/large_cac626a9-6adf-4b43-89f3-965c8247a71c.png,"
Grove Kosher Market,"Galil Cocoa Spread, Special",$6.09,,,1 lb,[],,"https://www.instacart.com/image-server/257x257/filters:fill(FFF,true):format(jpg)/d2lnr5mha7bycj.cloudfront.net/product-image/file/large_0631c3e7-45f1-4dc1-9642-a05f429af453.png,"
Grove Kosher Market,"Tnuva Cheese Spread, Wedges",$8.69,,,16 each,[],,"https://www.instacart.com/image-server/257x257/filters:fill(FFF,true):format(jpg)/d2lnr5mha7bycj.cloudfront.net/product-image/file/large_8a8e174f-72b5-48c5-a9dc-d532201d3868.jpg,"
Grove Kosher Market,"Sabra Hummus, Roasted Garlic",$5.39,,,10 oz,['Vegan'],,"https://www.instacart.com/image-server/257x257/filters:fill(FFF,true):format(jpg)/d2lnr5mha7bycj.cloudfront.net/product-image/file/large_5c3ed2c4-57a2-4121-babb-8d591a6a11d1.png,"
Grove Kosher Market,Lotus Quality Smooth Original Caramelised Spread,$11.49,,,14.3 oz,[],,"https://www.instacart.com/image-server/257x257/filters:fill(FFF,true):format(jpg)/d2lnr5mha7bycj.cloudfront.net/product-image/file/large_19f0929c-f487-49c0-87aa-d6e023e9716a.jpg,"
Grove Kosher Market,Sonny & Joe's Matbucha Dip,$5.69,,,7 oz,[],Many in stock,"https://www.instacart.com/image-server/257x257/filters:fill(FFF,true):format(jpg)/d2lnr5mha7bycj.cloudfront.net/product-image/file/large_b7b62a1c-c9bd-4561-b577-7937921c8325.jpg,"
Grove Kosher Market,Flaum's Pickle Dip,$6.09,,,7.5 oz,[],,"https://www.instacart.com/image-server/257x257/filters:fill(FFF,true):format(jpg)/d1s8987jlndkbs.cloudfront.net/assets/missing-item-4bbe82b8555e4d1c12626fd482cb2409713e8e30835645ff3650ef66a725d03c.png,"
Grove Kosher Market,"Sabra Hummus & Pretzels, Roasted Garlic",$4.59,,,4.56 oz,[],,"https://www.instacart.com/image-server/257x257/filters:fill(FFF,true):format(jpg)/d2lnr5mha7bycj.cloudfront.net/product-image/file/large_ff6e7161-cd8c-4453-8d65-41130f967816.png,"
Grove Kosher Market,Flaum's Garlic Dip,$5.69,,,7.5 oz,[],,"https://www.instacart.com/image-server/257x257/filters:fill(FFF,true):format(jpg)/d2lnr5mha7bycj.cloudfront.net/product-image/file/large_49a88213-4de7-4189-9a3f-d86b752fe945.jpg,"
Grove Kosher Market,Pikante Baba Ganoush,$7.89,,,14 oz,[],,"https://www.instacart.com/image-server/257x257/filters:fill(FFF,true):format(jpg)/d2lnr5mha7bycj.cloudfront.net/product-image/file/large_65495ad3-5f24-4326-82d7-f5b75f66cfad.jpg,"
Grove Kosher Market,"Sabra Hummus, Supremely Spicy",$5.99,,,10 oz,['Vegan'],,"https://www.instacart.com/image-server/257x257/filters:fill(FFF,true):format(jpg)/d2lnr5mha7bycj.cloudfront.net/product-image/file/large_f5fa25f5-71cc-41b8-8d76-90f1839434ee.png,"
Grove Kosher Market,Lotus Biscoff Biscuit Spread Crunchy,$11.89,,,13.5 oz,[],,"https://www.instacart.com/image-server/257x257/filters:fill(FFF,true):format(jpg)/d1s8987jlndkbs.cloudfront.net/assets/missing-item-4bbe82b8555e4d1c12626fd482cb2409713e8e30835645ff3650ef66a725d03c.png,"
Grove Kosher Market,Pikante Red Cabbage Hummus,$8.09,,,14 oz,[],,"https://www.instacart.com/image-server/257x257/filters:fill(FFF,true):format(jpg)/d2lnr5mha7bycj.cloudfront.net/product-image/file/large_d3d405d3-3d48-46ac-bd15-3910a15a9c4c.jpg,"
Grove Kosher Market,Tnuva Cheese Spread with Olives,$7.99,,,7.94 oz,[],,"https://www.instacart.com/image-server/257x257/filters:fill(FFF,true):format(jpg)/d2lnr5mha7bycj.cloudfront.net/product-image/file/large_3e8179ae-7e4e-4a7a-bb85-9935b11673ef.jpg,"
Grove Kosher Market,Sonny & Joe's Hummus,$5.19,,,7 oz,['Vegan'],,"https://www.instacart.com/image-server/257x257/filters:fill(FFF,true):format(jpg)/d2lnr5mha7bycj.cloudfront.net/product-image/file/large_18a2fb8a-7857-4d74-a37c-1b9bd816c47c.jpg,"
Grove Kosher Market,Sonny & Joe's Homestyle Hummus With Tahini,$5.29,,,10 oz,['Vegan'],,"https://www.instacart.com/image-server/257x257/filters:fill(FFF,true):format(jpg)/d2lnr5mha7bycj.cloudfront.net/product-image/file/large_c2781789-1eb1-4bed-a918-c7c0bc811b4c.jpg,"
Grove Kosher Market,Holy Hummus Jerusalem Classic With Tahini Hummus,$6.49,,,10 oz,['Vegan'],,"https://www.instacart.com/image-server/257x257/filters:fill(FFF,true):format(jpg)/d2lnr5mha7bycj.cloudfront.net/product-image/file/large_5569707c-89a9-4c0a-9d82-794d353c8987.jpg,"
Grove Kosher Market,"Kedem Juice, Grape",$5.29,,,22 fl oz,[],,"https://www.instacart.com/image-server/257x257/filters:fill(FFF,true):format(jpg)/d2lnr5mha7bycj.cloudfront.net/product-image/file/large_cf334c98-2a9c-46d5-85ab-26085223c0cf.png,"
Grove Kosher Market,Kedem Grape Juice,$2.09,,,8 fl oz,[],Many in stock,"https://www.instacart.com/image-server/257x257/filters:fill(FFF,true):format(jpg)/d2lnr5mha7bycj.cloudfront.net/product-image/file/large_0d2c75d9-e306-4980-a983-f3ac84afe87e.jpg,"
Grove Kosher Market,Apple & Eve Sesame Street Peach Pear 100% Juice,$4.99,,,8 x 4.23 fl oz,['No Sugar Added'],,"https://www.instacart.com/image-server/257x257/filters:fill(FFF,true):format(jpg)/d2lnr5mha7bycj.cloudfront.net/product-image/file/large_e00d8895-fe27-4fbb-b951-4867ad2b2283.png,"
Grove Kosher Market,"Tropicana 100% Orange Juice, No Pulp, Original, Pure Premium",$7.49,,,52 fl oz,[],,"https://www.instacart.com/image-server/257x257/filters:fill(FFF,true):format(jpg)/d2lnr5mha7bycj.cloudfront.net/product-image/file/large_d7fd9a71-3212-4fd9-bc93-cbd47a99f69e.png,"
Grove Kosher Market,"Simply Lemonade, All Natural Non-Gmo",$4.59,,,52 fl oz,[],,"https://www.instacart.com/image-server/257x257/filters:fill(FFF,true):format(jpg)/d2lnr5mha7bycj.cloudfront.net/product-image/file/large_5e4b0302-ce91-4b53-800a-44843245f1ac.jpg,"
Grove Kosher Market,"Prigat Juice Drink, Grape",$4.99,,,50.7 fl oz,[],,"https://www.instacart.com/image-server/257x257/filters:fill(FFF,true):format(jpg)/d2lnr5mha7bycj.cloudfront.net/product-image/file/large_67c67900-c0ee-4885-8d52-b1744b4999cf.jpg,"
Grove Kosher Market,"Tropicana 100% Juice, Orange, No Pulp",$7.39,,,52 fl oz,[],,"https://www.instacart.com/image-server/257x257/filters:fill(FFF,true):format(jpg)/d2lnr5mha7bycj.cloudfront.net/product-image/file/large_c6b9b178-2f4a-499e-9c30-5551ca77555a.png,"
Grove Kosher Market,"Ceres Mango Juice Natural 100% Pure Fruit Juice, no added sugars or preservatives",$5.59,,,1 L,['No Sugar Added'],,"https://www.instacart.com/image-server/257x257/filters:fill(FFF,true):format(jpg)/d2lnr5mha7bycj.cloudfront.net/product-image/file/large_0c4be96f-caec-430b-83e8-4e8ae921c920.jpg,"
Grove Kosher Market,"Prigat Juice Drink, Mango",$4.99,,,50.7 oz,[],,"https://www.instacart.com/image-server/257x257/filters:fill(FFF,true):format(jpg)/d2lnr5mha7bycj.cloudfront.net/product-image/file/large_5bfaf458-98f9-4f30-ac9f-ad26d0ee1f86.jpg,"
Grove Kosher Market,"Prigat Juice Drink, Strawberry Banana",$4.99,,,50.7 fl oz,[],,"https://www.instacart.com/image-server/257x257/filters:fill(FFF,true):format(jpg)/d2lnr5mha7bycj.cloudfront.net/product-image/file/large_085fb3c8-6de5-4579-bd9a-efff5853d4d3.jpg,"
Grove Kosher Market,"Tropicana Orange Juice Beverage, Light",$7.39,,,52 fl oz,[],,"https://www.instacart.com/image-server/257x257/filters:fill(FFF,true):format(jpg)/d2lnr5mha7bycj.cloudfront.net/product-image/file/large_dc60cd38-d2bb-4eeb-b3a9-6234b1056532.png,"
Grove Kosher Market,"Tropicana Orange Juice, Homestyle, Some Pulp",$7.39,,,52 fl oz,[],,"https://www.instacart.com/image-server/257x257/filters:fill(FFF,true):format(jpg)/d2lnr5mha7bycj.cloudfront.net/product-image/file/large_25e6b24b-990d-4737-95c3-42789029b544.png,"
Grove Kosher Market,Minute Maid Lemonade Made W/ Real Lemons,$7.49,,,12 x 12 fl oz,[],,"https://www.instacart.com/image-server/257x257/filters:fill(FFF,true):format(jpg)/d2lnr5mha7bycj.cloudfront.net/product-image/file/large_cd430a5f-fc31-46c8-83a2-079ffb450471.jpg,"
Grove Kosher Market,"CERES Passion Fruit Juice Natural 100% Pure Fruit Juice, no added sugars or preservatives",$5.59,,,1 L,['No Sugar Added'],,"https://www.instacart.com/image-server/257x257/filters:fill(FFF,true):format(jpg)/d2lnr5mha7bycj.cloudfront.net/product-image/file/large_c8c34197-4410-46cc-bbff-b50623ac7b84.jpg,"
Grove Kosher Market,Minute Maid Lemonade Made W/ Real Lemons,$1.19,,,12 fl oz,[],,"https://www.instacart.com/image-server/257x257/filters:fill(FFF,true):format(jpg)/d2lnr5mha7bycj.cloudfront.net/product-image/file/large_6d600992-5dfd-4f45-a0ea-88189cfbb83a.jpg,"
Grove Kosher Market,"Heaven & Earth Juice, Pomegranate, Organic",$4.19,,,11.2 fl oz,['Organic'],,"https://www.instacart.com/image-server/257x257/filters:fill(FFF,true):format(jpg)/d2lnr5mha7bycj.cloudfront.net/product-image/file/large_0e905069-8abd-480d-8eaf-d55da20b2f81.png,"
Grove Kosher Market,"Tropicana 100% Juice, Orange",$7.39,,,52 fl oz,[],,"https://www.instacart.com/image-server/257x257/filters:fill(FFF,true):format(jpg)/d2lnr5mha7bycj.cloudfront.net/product-image/file/large_4096d885-d758-4aeb-9110-d1188b9e6766.png,"
Grove Kosher Market,Minute Maid Sugar Lemonade Fridge Pack Cans,$7.49,,,12 x 12 fl oz,['Zero Sugar'],,"https://www.instacart.com/image-server/257x257/filters:fill(FFF,true):format(jpg)/d2lnr5mha7bycj.cloudfront.net/product-image/file/large_87b4623e-1146-4164-a9eb-8445d66304d2.jpg,"
Grove Kosher Market,Apple & Eve 100% Apple Juice,$5.59,,,64 fl oz,['No Sugar Added'],,"https://www.instacart.com/image-server/257x257/filters:fill(FFF,true):format(jpg)/d2lnr5mha7bycj.cloudfront.net/product-image/file/large_94854d15-ac3d-4ec1-8088-01de67f4c120.png,"
Grove Kosher Market,Apple & Eve Fruit Punch Juice,$6.19,,,8 x 6.75 fl oz,[],,"https://www.instacart.com/image-server/257x257/filters:fill(FFF,true):format(jpg)/d2lnr5mha7bycj.cloudfront.net/product-image/file/large_9f68aa14-cbe1-439c-b589-a1314386778c.png,"
Grove Kosher Market,Tropicana Low Acid Orange No Pulp with Calcium and Vitamins A and C 100% Juice,$7.39,,,52 fl oz,['No Sugar Added'],,"https://www.instacart.com/image-server/257x257/filters:fill(FFF,true):format(jpg)/d2lnr5mha7bycj.cloudfront.net/product-image/file/large_964b7b1c-12ed-413a-8753-cfa443489012.png,"
Grove Kosher Market,Simply Peach Juice,$4.59,,,fl oz,[],,"https://www.instacart.com/image-server/257x257/filters:fill(FFF,true):format(jpg)/d2lnr5mha7bycj.cloudfront.net/product-image/file/large_68e9e7d5-d9e0-4825-8279-a20eb98e0d21.jpg,"
Grove Kosher Market,"Kedem Grape Juice Beverage, Light",$5.19,,,22 fl oz,['No Sugar Added'],Many in stock,"https://www.instacart.com/image-server/257x257/filters:fill(FFF,true):format(jpg)/d2lnr5mha7bycj.cloudfront.net/product-image/file/large_dd356c1e-e1ac-4063-8573-3fc18b3e50c5.jpg,"
Grove Kosher Market,"AriZona Fruit Juice Cocktail, Mucho Mango",$3.49,,,34 fl oz,[],,"https://www.instacart.com/image-server/257x257/filters:fill(FFF,true):format(jpg)/d2lnr5mha7bycj.cloudfront.net/product-image/file/large_1e3d4244-8d33-49cd-bcaf-91a146cc8c16.png,"
Grove Kosher Market,"Red Jacket Apple Cider, Original",$5.39,,,0.5 gal,[],,"https://www.instacart.com/image-server/257x257/filters:fill(FFF,true):format(jpg)/d2lnr5mha7bycj.cloudfront.net/product-image/file/large_3073297f-cad9-4e47-ab7f-4c7169ae6f1a.png,"
Grove Kosher Market,Minute Maid Berry Punch Bottle,$2.59,,,20 oz,[],,"https://www.instacart.com/image-server/257x257/filters:fill(FFF,true):format(jpg)/d2lnr5mha7bycj.cloudfront.net/product-image/file/large_2d596038-0846-42bf-8677-4752c312ade7.jpg,"
Grove Kosher Market,Simply Orange Juice With Calcium,$7.39,,,52 fl oz,[],,"https://www.instacart.com/image-server/257x257/filters:fill(FFF,true):format(jpg)/d2lnr5mha7bycj.cloudfront.net/product-image/file/large_a3b400ca-16b7-4313-b122-cacb9d65145d.jpg,"
Grove Kosher Market,"Simply Lemonade With Raspberry, All Natural Non-Gmo",$4.59,,,52 fl oz,[],,"https://www.instacart.com/image-server/257x257/filters:fill(FFF,true):format(jpg)/d2lnr5mha7bycj.cloudfront.net/product-image/file/large_bdf76f7e-9989-4c85-890e-677a079b2d72.jpg,"
Grove Kosher Market,"Simply Lemonade With Strawberry, All Natural Non-Gmo",$7.39,,,52 fl oz,[],,"https://www.instacart.com/image-server/257x257/filters:fill(FFF,true):format(jpg)/d2lnr5mha7bycj.cloudfront.net/product-image/file/large_cd521a20-90e9-4df1-b647-4b5a25fd9d59.jpg,"
Grove Kosher Market,Fruit-A-Peel Zesty Lemonade,$3.89,,,12 ct,[],,"https://www.instacart.com/image-server/257x257/filters:fill(FFF,true):format(jpg)/d1s8987jlndkbs.cloudfront.net/assets/missing-item-4bbe82b8555e4d1c12626fd482cb2409713e8e30835645ff3650ef66a725d03c.png,"
Grove Kosher Market,Schwartz Fruit Punch,$3.49,,,27.04 fl oz,[],,"https://www.instacart.com/image-server/257x257/filters:fill(FFF,true):format(jpg)/d1s8987jlndkbs.cloudfront.net/assets/missing-item-4bbe82b8555e4d1c12626fd482cb2409713e8e30835645ff3650ef66a725d03c.png,"
Grove Kosher Market,"Kedem Grape Juice, Gold",$4.59,,,22 fl oz,['No Sugar Added'],,"https://www.instacart.com/image-server/257x257/filters:fill(FFF,true):format(jpg)/d2lnr5mha7bycj.cloudfront.net/product-image/file/large_bce09489-4eaa-46b1-934a-0fe46ef2386a.jpg,"
Grove Kosher Market,"Kedem Juice Beverage, Light, Grape",$9.79,,,fl oz,['No Sugar Added'],,"https://www.instacart.com/image-server/257x257/filters:fill(FFF,true):format(jpg)/d2lnr5mha7bycj.cloudfront.net/product-image/file/large_c117b6c3-f2ac-4afb-98d4-153b493adf8a.jpg,"
Grove Kosher Market,Simply Apple Juice,$8.89,,,52 fl oz,[],,"https://www.instacart.com/image-server/257x257/filters:fill(FFF,true):format(jpg)/d2lnr5mha7bycj.cloudfront.net/product-image/file/large_69608735-ed60-4cd1-8797-32d69d70b4d5.jpg,"
Grove Kosher Market,"Kedem Juice, Grape, Blush",$5.19,,,22 fl oz,['No Sugar Added'],,"https://www.instacart.com/image-server/257x257/filters:fill(FFF,true):format(jpg)/d2lnr5mha7bycj.cloudfront.net/product-image/file/large_2fae03d7-b57c-4ddf-92f4-3b336d52c0c5.jpg,"
Grove Kosher Market,"Kedem Juice, Grape, Peach",$5.29,,,22 fl oz,['No Sugar Added'],,"https://www.instacart.com/image-server/257x257/filters:fill(FFF,true):format(jpg)/d2lnr5mha7bycj.cloudfront.net/product-image/file/large_1ee12e8a-5b66-48bd-a995-fc343fd06530.jpg,"
Grove Kosher Market,Springer Mountain Farms Strawberry Banana Fruit Nectar,$2.99,,,330 ml,[],,"https://www.instacart.com/image-server/257x257/filters:fill(FFF,true):format(jpg)/d2lnr5mha7bycj.cloudfront.net/product-image/file/large_7d2aa863-c0f8-40ff-a3f6-dc094cf51723.jpg,"
Grove Kosher Market,Springer Mountain Farms Tropical Fruit Flavored Nectar Drink,$2.99,,,330 ml,[],,"https://www.instacart.com/image-server/257x257/filters:fill(FFF,true):format(jpg)/d1s8987jlndkbs.cloudfront.net/assets/missing-item-4bbe82b8555e4d1c12626fd482cb2409713e8e30835645ff3650ef66a725d03c.png,"
Grove Kosher Market,Simply Orange Pulp Free 100% Pure Squeezed Orange Juice,$7.39,,,52 fl oz,[],,"https://www.instacart.com/image-server/257x257/filters:fill(FFF,true):format(jpg)/d2lnr5mha7bycj.cloudfront.net/product-image/file/large_b2928468-db20-4211-a7fe-24c16812fd59.jpg,"
Grove Kosher Market,"Kedem Grape Juice, Organic",$8.09,,,22 fl oz,"['Organic', 'No Sugar Added']",,"https://www.instacart.com/image-server/257x257/filters:fill(FFF,true):format(jpg)/d2lnr5mha7bycj.cloudfront.net/product-image/file/large_34b72b71-84c2-47f6-bba0-e83af8e87ccd.jpg,"
Grove Kosher Market,"Kedem 100% Juice, Grape, Sparkling, Concord, Non Alcoholic",$7.99,,,25.4 fl oz,['No Sugar Added'],,"https://www.instacart.com/image-server/257x257/filters:fill(FFF,true):format(jpg)/d2lnr5mha7bycj.cloudfront.net/product-image/file/large_4f58840c-15bd-4554-9806-b04260723461.jpg,"
Grove Kosher Market,Simply Cranberry Cocktail Fruit Juice,$7.39,,,52 fl oz,[],,"https://www.instacart.com/image-server/257x257/filters:fill(FFF,true):format(jpg)/d2lnr5mha7bycj.cloudfront.net/product-image/file/large_24702606-b1c7-41c0-b6fe-a9cdc34621f8.jpg,"
Grove Kosher Market,Tnuva Edam Sliced Cheese,$9.99,,,7.05 oz,['Keto'],,"https://www.instacart.com/image-server/257x257/filters:fill(FFF,true):format(jpg)/d2lnr5mha7bycj.cloudfront.net/product-image/file/large_3cfef35e-dd8c-4cea-bf6a-7fef5cb4453b.jpg,"
Grove Kosher Market,The Cheese Guy Parmesan Aged Years Cheese,$11.49,,,6.4 oz,['Keto'],,"https://www.instacart.com/image-server/257x257/filters:fill(FFF,true):format(jpg)/d2lnr5mha7bycj.cloudfront.net/product-image/file/large_690d30ea-66eb-4947-860f-b44ddfcb6dab.jpg,"
Grove Kosher Market,"Haolam Sliced Cheese, Muenster",$5.09,,,6 oz,['Keto'],,"https://www.instacart.com/image-server/257x257/filters:fill(FFF,true):format(jpg)/d2lnr5mha7bycj.cloudfront.net/product-image/file/large_f4bf6e0e-ddb0-4ba2-ad57-8ac995225d4e.jpg,"
Grove Kosher Market,Haolam Cheese Stick Cheddar,$6.89,,,8 oz,['Keto'],,"https://www.instacart.com/image-server/257x257/filters:fill(FFF,true):format(jpg)/d2lnr5mha7bycj.cloudfront.net/product-image/file/large_ca0d521c-fc3a-4248-b489-2f8f5c586acf.jpg,"
Grove Kosher Market,"Tnuva Feta Light, Cow's Milk",$10.99,,,8.8 oz,['Cow Milk'],Many in stock,"https://www.instacart.com/image-server/257x257/filters:fill(FFF,true):format(jpg)/d2lnr5mha7bycj.cloudfront.net/product-image/file/large_1dfb4201-bfb6-49db-95a4-549f234892a9.jpg,"
Grove Kosher Market,"Haolam Cheese, Shredded, Low Moisture, Mozzarella, Part Skim",$5.69,,,8 oz,['Keto'],,"https://www.instacart.com/image-server/257x257/filters:fill(FFF,true):format(jpg)/d2lnr5mha7bycj.cloudfront.net/product-image/file/large_af3b2ab5-a874-4076-a0f2-10b646c029b2.jpg,"
Grove Kosher Market,"Tnuva Mediterranean Labaneh, Low Fat",$6.59,,,8.8 oz,[],Many in stock,"https://www.instacart.com/image-server/257x257/filters:fill(FFF,true):format(jpg)/d2lnr5mha7bycj.cloudfront.net/product-image/file/large_f9de0470-77d9-40f6-9a3f-341457752b70.jpg,"
Grove Kosher Market,"Haolam Cheese Food, American",$8.89,,,16 x 12 oz,[],,"https://www.instacart.com/image-server/257x257/filters:fill(FFF,true):format(jpg)/d2lnr5mha7bycj.cloudfront.net/product-image/file/large_38fde79f-bbc4-4a0a-900f-5b5bcf6ff2fe.jpg,"
Grove Kosher Market,Haolam Sliced Natural Cheese Muenster,$6.59,,,6 oz,['Keto'],Many in stock,"https://www.instacart.com/image-server/257x257/filters:fill(FFF,true):format(jpg)/d2lnr5mha7bycj.cloudfront.net/product-image/file/large_12fc10d0-da89-4ebb-b2cd-2d390d404cba.jpg,"
Grove Kosher Market,"Tnuva Sliced Cheese, Swiss",$9.99,,,7.05 oz,['Keto'],,"https://www.instacart.com/image-server/257x257/filters:fill(FFF,true):format(jpg)/d2lnr5mha7bycj.cloudfront.net/product-image/file/large_03254727-a2fe-42ec-8584-a4c87ffccc7b.jpg,"
Grove Kosher Market,Tnuva Quark Creamy Soft Cheese 9% Fat,$6.59,,,8.82 oz,[],,"https://www.instacart.com/image-server/257x257/filters:fill(FFF,true):format(jpg)/d2lnr5mha7bycj.cloudfront.net/product-image/file/large_c788ceb6-1efc-4355-a296-c0d60214bd0b.jpg,"
Grove Kosher Market,Haolam Yogurt & Herb Sliced Cheese,$6.59,,,6 oz,['Keto'],,"https://www.instacart.com/image-server/257x257/filters:fill(FFF,true):format(jpg)/d2lnr5mha7bycj.cloudfront.net/product-image/file/large_236d170d-ff91-41cf-b653-5beb09034253.jpg,"
Grove Kosher Market,Mehadrin Small Curd Cottage Cheese 4% Milkfat Minimum,$8.09,,,16 oz,[],,"https://www.instacart.com/image-server/257x257/filters:fill(FFF,true):format(jpg)/d2lnr5mha7bycj.cloudfront.net/product-image/file/large_b88d13f6-cfb3-4096-b3a0-46cd940e15ff.jpg,"
Grove Kosher Market,Tnuva Quark Creamy Soft Cheese 5% Fat,$6.59,,,8.82 oz,['Keto'],,"https://www.instacart.com/image-server/257x257/filters:fill(FFF,true):format(jpg)/d2lnr5mha7bycj.cloudfront.net/product-image/file/large_7c648037-5022-423f-a153-36911f24616a.jpg,"
Grove Kosher Market,Haolam Cheddar Cheese,$6.89,,,8 oz,['Keto'],,"https://www.instacart.com/image-server/257x257/filters:fill(FFF,true):format(jpg)/d2lnr5mha7bycj.cloudfront.net/product-image/file/large_a290bd3b-5f9c-48d0-83b2-2c07e2ecc0b7.jpg,"
Grove Kosher Market,"Haolam Cheese, Fancy Shredded, Mozzarella & Cheddar",$5.69,,,8 oz,['Keto'],,"https://www.instacart.com/image-server/257x257/filters:fill(FFF,true):format(jpg)/d2lnr5mha7bycj.cloudfront.net/product-image/file/large_6ccbdb9d-9363-48e2-96e0-1f7f16378daf.jpg,"
Grove Kosher Market,Haolam Pizza Shredded Natural Cheese,$21.49,,,2 lb,['Keto'],,"https://www.instacart.com/image-server/257x257/filters:fill(FFF,true):format(jpg)/d2lnr5mha7bycj.cloudfront.net/product-image/file/large_ed90c808-f51d-4a7d-b069-c02e2a6d938e.jpg,"
Grove Kosher Market,Tnuva Sliced Edam Cheese,$9.99,,,7.05 oz,['Keto'],,"https://www.instacart.com/image-server/257x257/filters:fill(FFF,true):format(jpg)/d2lnr5mha7bycj.cloudfront.net/product-image/file/large_42b0f5fc-4567-4726-94b9-aea62853406c.jpg,"
Grove Kosher Market,J&J Whipped Cottage Cheese,$9.19,,,16 oz,['Keto'],,"https://www.instacart.com/image-server/257x257/filters:fill(FFF,true):format(jpg)/d2lnr5mha7bycj.cloudfront.net/product-image/file/large_84fad32f-688c-4278-bef6-ec496610e6e5.jpg,"
Grove Kosher Market,"Haolam Cheese, Sliced, Low Moisture, Mozzarella, Part Skim",$5.09,,,6 oz,['Keto'],,"https://www.instacart.com/image-server/257x257/filters:fill(FFF,true):format(jpg)/d2lnr5mha7bycj.cloudfront.net/product-image/file/large_e4bf20cb-0ed5-4f30-b3f5-ae0b8ff03815.jpg,"
Grove Kosher Market,Haolam American Cheese Individually Wrapped Slices,$8.89,,,16 x 12 oz,[],,"https://www.instacart.com/image-server/257x257/filters:fill(FFF,true):format(jpg)/d2lnr5mha7bycj.cloudfront.net/product-image/file/large_d1a21876-be62-4021-b310-b730af7fc3f9.jpg,"
Grove Kosher Market,Haolam Grated Cheese Parmesan,$7.19,,,3.5 oz,['Keto'],,"https://www.instacart.com/image-server/257x257/filters:fill(FFF,true):format(jpg)/d2lnr5mha7bycj.cloudfront.net/product-image/file/large_8605cd22-46f7-4652-8825-7a6ba8b6ae36.jpg,"
Grove Kosher Market,"Tnuva Mediterranean Labaneh with Za'aatar, Low Fat",$6.59,,,8.8 oz,[],Many in stock,"https://www.instacart.com/image-server/257x257/filters:fill(FFF,true):format(jpg)/d2lnr5mha7bycj.cloudfront.net/product-image/file/large_7bb6ebee-4829-42e3-8d37-51eae65edd49.jpg,"
Grove Kosher Market,Haolam Reduced Fat Sliced Natural Cheese Muenster,$6.59,,,6 oz,[],,"https://www.instacart.com/image-server/257x257/filters:fill(FFF,true):format(jpg)/d2lnr5mha7bycj.cloudfront.net/product-image/file/large_646c6ce7-3786-4967-9231-5c307cedd0dc.jpg,"
Grove Kosher Market,Haolam Sliced Cajun Muenster Cheese Slims,$6.89,,,6 oz,[],,"https://www.instacart.com/image-server/257x257/filters:fill(FFF,true):format(jpg)/d2lnr5mha7bycj.cloudfront.net/product-image/file/large_83b698f4-80fb-4f03-b80f-ea6e0430cf09.jpg,"
Grove Kosher Market,"Natural & Kosher Chef's Blend, Mozzarella & Cheddar, Shredded",$5.79,,,8 oz,['Keto'],,"https://www.instacart.com/image-server/257x257/filters:fill(FFF,true):format(jpg)/d2lnr5mha7bycj.cloudfront.net/product-image/file/large_5040b158-8062-40cc-8a86-4eb11c0199f9.jpg,"
Grove Kosher Market,Haolam Sandwich Style Muenster Sliced Natural Cheese,$5.09,,,6 oz,['Keto'],,"https://www.instacart.com/image-server/257x257/filters:fill(FFF,true):format(jpg)/d2lnr5mha7bycj.cloudfront.net/product-image/file/large_c82fd673-a525-41eb-b729-497da3b6b680.jpg,"
Grove Kosher Market,Haolam Cheddar Sliced Natural Cheese,$5.09,,,6 oz,['Keto'],Many in stock,"https://www.instacart.com/image-server/257x257/filters:fill(FFF,true):format(jpg)/d2lnr5mha7bycj.cloudfront.net/product-image/file/large_e0dc1726-15ee-4eed-8765-5dfd9bb07195.jpg,"
Grove Kosher Market,Haolam Mozzarella Natural Cheese Slims,$5.59,,,6 oz,['Keto'],,"https://www.instacart.com/image-server/257x257/filters:fill(FFF,true):format(jpg)/d2lnr5mha7bycj.cloudfront.net/product-image/file/large_9aaee209-9bbf-4647-9c9f-e9fecf73064d.jpg,"
Grove Kosher Market,Tnuva Muenster Sliced Cheese,$9.99,,,7.05 oz,['Keto'],,"https://www.instacart.com/image-server/257x257/filters:fill(FFF,true):format(jpg)/d2lnr5mha7bycj.cloudfront.net/product-image/file/large_7918a321-14b9-4aaa-b88b-8c1aad39265f.jpg,"
Grove Kosher Market,Tnuva Swiss Light Sliced Cheese,$9.99,,,7.05 oz,['Keto'],,"https://www.instacart.com/image-server/257x257/filters:fill(FFF,true):format(jpg)/d2lnr5mha7bycj.cloudfront.net/product-image/file/large_6b2635ff-aa67-4c46-81ce-6049fd9c342f.jpg,"
Grove Kosher Market,"Haolam Cheese, Natural, Sliced, Gouda",$6.59,,,6 oz,['Keto'],,"https://www.instacart.com/image-server/257x257/filters:fill(FFF,true):format(jpg)/d2lnr5mha7bycj.cloudfront.net/product-image/file/large_20cc6dbf-e2a7-48e8-a32f-888faab56f3a.jpg,"
Grove Kosher Market,Haolam Cheddar Sliced Cheese Slims,$5.59,,,6 oz,[],,"https://www.instacart.com/image-server/257x257/filters:fill(FFF,true):format(jpg)/d2lnr5mha7bycj.cloudfront.net/product-image/file/large_d637f28c-cc1d-4b92-ac8d-c92fed09631e.jpg,"
Grove Kosher Market,"Yummy Mexican Blend Of Monterey Jack, Colby Jack & Shredded Cheddar Cheese",$19.09,,,2 lb,['Keto'],,"https://www.instacart.com/image-server/257x257/filters:fill(FFF,true):format(jpg)/d2lnr5mha7bycj.cloudfront.net/product-image/file/large_6b1bd6a0-a618-4fe6-9d83-c6541ab539b3.jpg,"
Grove Kosher Market,Haolam Oven Smoked Pepper Jack Cheese,$6.59,,,5 oz,[],,"https://www.instacart.com/image-server/257x257/filters:fill(FFF,true):format(jpg)/d2lnr5mha7bycj.cloudfront.net/product-image/file/large_e7599bed-e597-4c98-afd3-6082913d3fa2.jpg,"
Grove Kosher Market,Haolam Pizza Flavored Jack Sliced Cheese,$6.59,,,6 oz,['Keto'],,"https://www.instacart.com/image-server/257x257/filters:fill(FFF,true):format(jpg)/d2lnr5mha7bycj.cloudfront.net/product-image/file/large_dd23914d-e8f9-426c-a08e-3c2539e10dbd.jpg,"
Grove Kosher Market,Haolam Shredded Natural Cheese Mozzarella,$21.49,,,32 oz,['Keto'],,"https://www.instacart.com/image-server/257x257/filters:fill(FFF,true):format(jpg)/d2lnr5mha7bycj.cloudfront.net/product-image/file/large_8d7a90df-5713-4839-89e6-1894d3b5db19.jpg,"
Grove Kosher Market,Haolam Slim Sliced Mozzarella Cheese,$7.59,,,5 oz,[],,"https://www.instacart.com/image-server/257x257/filters:fill(FFF,true):format(jpg)/d2lnr5mha7bycj.cloudfront.net/product-image/file/large_f8f32504-66c5-4579-979c-ede441f96520.jpg,"
Grove Kosher Market,Yummy Sliced American Cheese,$9.79,,,3 lb,[],,"https://www.instacart.com/image-server/257x257/filters:fill(FFF,true):format(jpg)/d1s8987jlndkbs.cloudfront.net/assets/missing-item-4bbe82b8555e4d1c12626fd482cb2409713e8e30835645ff3650ef66a725d03c.png,"
Grove Kosher Market,Goya Prime Premium Prime Premium Chick Peas,$2.59,,,15.5 oz,[],,"https://www.instacart.com/image-server/257x257/filters:fill(FFF,true):format(jpg)/d2lnr5mha7bycj.cloudfront.net/product-image/file/large_e78c547a-20de-409f-94a6-75533dc95be3.png,"
Grove Kosher Market,"Galil Grape Leaves, Stuffed, Homemade Style",$4.99,,,14 oz,[],,"https://www.instacart.com/image-server/257x257/filters:fill(FFF,true):format(jpg)/d2lnr5mha7bycj.cloudfront.net/product-image/file/large_6e55aa5b-d4c1-44fd-bc65-278a3c6b2f61.jpg,"
Grove Kosher Market,Lieber's Broken Segments In Light Syrup Mandarin Oranges,$3.09,,,11 oz,[],,"https://www.instacart.com/image-server/257x257/filters:fill(FFF,true):format(jpg)/d2lnr5mha7bycj.cloudfront.net/product-image/file/large_ae9ade0f-6bf8-4ad0-88ec-4f4c97217d7c.jpg,"
Grove Kosher Market,Hunt's Diced Tomatoes with Basil Garlic and Oregano,$2.29,,,14.5 oz,[],,"https://www.instacart.com/image-server/257x257/filters:fill(FFF,true):format(jpg)/d2lnr5mha7bycj.cloudfront.net/product-image/file/large_3a7b207e-a8c7-45e7-a853-056015cef7af.jpg,"
Grove Kosher Market,"Lieber's Applesauce, Unsweetened",$4.89,,,25 oz,[],,"https://www.instacart.com/image-server/257x257/filters:fill(FFF,true):format(jpg)/d2lnr5mha7bycj.cloudfront.net/product-image/file/large_9f2ec050-97e7-40d7-9e37-3e58a14a1b80.jpg,"
Grove Kosher Market,Salmon Caviar,$26.49,,,3.5 oz,[],,"https://www.instacart.com/image-server/257x257/filters:fill(FFF,true):format(jpg)/d2lnr5mha7bycj.cloudfront.net/product-image/file/large_db995d10-adfd-408f-ab74-176a06e8b3c1.jpg,"
Grove Kosher Market,Yarden Artichokes on the Bottom,$5.39,,,14 oz,[],,"https://www.instacart.com/image-server/257x257/filters:fill(FFF,true):format(jpg)/d2lnr5mha7bycj.cloudfront.net/product-image/file/large_4bf73488-7203-45d2-aca7-a734be08ba37.jpg,"
Grove Kosher Market,Hunt's Petite Diced Tomatoes,$2.79,,,14.5 oz,[],,"https://www.instacart.com/image-server/257x257/filters:fill(FFF,true):format(jpg)/d2lnr5mha7bycj.cloudfront.net/product-image/file/large_9fb94910-6a87-4879-9684-975273a8779e.jpg,"
Grove Kosher Market,"Gefen Tuna in Water, Chunk Light",$3.09,,,6 oz,[],,"https://www.instacart.com/image-server/257x257/filters:fill(FFF,true):format(jpg)/d2lnr5mha7bycj.cloudfront.net/product-image/file/large_83635103-5d8c-4c78-811e-8ae384e4c65f.jpg,"
Grove Kosher Market,Tuv Taam Tuna Deluxe,$8.79,,,7 oz,[],,"https://www.instacart.com/image-server/257x257/filters:fill(FFF,true):format(jpg)/d2lnr5mha7bycj.cloudfront.net/product-image/file/large_e243b0be-7686-411d-9527-cca5ffec3842.jpg,"
Grove Kosher Market,Matzo Balls,$5.19,,,,[],,"https://www.instacart.com/image-server/257x257/filters:fill(FFF,true):format(jpg)/d1s8987jlndkbs.cloudfront.net/assets/missing-item-4bbe82b8555e4d1c12626fd482cb2409713e8e30835645ff3650ef66a725d03c.png,"
Grove Kosher Market,Hunt's Fire Roasted Diced Tomatoes,$2.29,,,14.5 oz,[],,"https://www.instacart.com/image-server/257x257/filters:fill(FFF,true):format(jpg)/d2lnr5mha7bycj.cloudfront.net/product-image/file/large_7a6549f7-0eb4-4e0f-af21-3baf9dea2ca5.jpg,"
Grove Kosher Market,Goya Premium Black Beans,$2.89,,,15.5 oz,[],,"https://www.instacart.com/image-server/257x257/filters:fill(FFF,true):format(jpg)/d2lnr5mha7bycj.cloudfront.net/product-image/file/large_8cef9a10-d8c4-43b4-8d20-7b83463822ce.jpg,"
Grove Kosher Market,Goya Prime Premium Prime Premium Small White Beans,$2.89,,,15.5 oz,[],,"https://www.instacart.com/image-server/257x257/filters:fill(FFF,true):format(jpg)/d2lnr5mha7bycj.cloudfront.net/product-image/file/large_76778e7f-5ee3-4cdb-bae5-070434a46da3.png,"
Grove Kosher Market,Shloimy's Matjes Herring Bits,$8.29,,,7 oz,[],,"https://www.instacart.com/image-server/257x257/filters:fill(FFF,true):format(jpg)/d2lnr5mha7bycj.cloudfront.net/product-image/file/large_65db58bd-4402-4f0e-99ea-1b8d4800dab3.jpg,"
Grove Kosher Market,Hunt's Diced Tomatoes No Salt Added,$2.29,,,14.5 oz,[],,"https://www.instacart.com/image-server/257x257/filters:fill(FFF,true):format(jpg)/d2lnr5mha7bycj.cloudfront.net/product-image/file/large_84dbffbc-a1b9-4dbf-a2bf-299c9c8a6e71.jpg,"
Grove Kosher Market,"Gefen Beets, Sliced",$2.69,,,15 oz,[],,"https://www.instacart.com/image-server/257x257/filters:fill(FFF,true):format(jpg)/d2lnr5mha7bycj.cloudfront.net/product-image/file/large_4dcaebd5-79d2-4a99-8fb8-3896c3b02eeb.jpg,"
Grove Kosher Market,"Lieber's Hearts of Palm, Gourmet, Whole",$5.69,,,14 oz,[],,"https://www.instacart.com/image-server/257x257/filters:fill(FFF,true):format(jpg)/d2lnr5mha7bycj.cloudfront.net/product-image/file/large_b2066534-55fc-4cb7-844f-c28750dfb615.jpg,"
Grove Kosher Market,Schwartz Whole Kernel Golden Corn,$2.29,,,15.25 oz,[],,"https://www.instacart.com/image-server/257x257/filters:fill(FFF,true):format(jpg)/d2lnr5mha7bycj.cloudfront.net/product-image/file/large_0e186f20-6894-445e-9033-b8b0c02a7f09.jpg,"
Grove Kosher Market,Hunt's Diced Tomatoes,$2.29,,,14.5 oz,[],,"https://www.instacart.com/image-server/257x257/filters:fill(FFF,true):format(jpg)/d2lnr5mha7bycj.cloudfront.net/product-image/file/large_8b08de09-047f-49ae-88b8-99fa81596a12.jpg,"
Grove Kosher Market,Goya Premium Pink Beans,$2.59,,,15.5 oz,[],,"https://www.instacart.com/image-server/257x257/filters:fill(FFF,true):format(jpg)/d2lnr5mha7bycj.cloudfront.net/product-image/file/large_33486c00-c630-4070-ac6b-883e78122488.jpg,"
Grove Kosher Market,Gefen Tomato Sauce,$2.79,,,15 oz,[],Many in stock,"https://www.instacart.com/image-server/257x257/filters:fill(FFF,true):format(jpg)/d2lnr5mha7bycj.cloudfront.net/product-image/file/large_e8b1a504-0bc6-481d-ae93-0b31c67bfdaa.jpg,"
Grove Kosher Market,"Gefen Hearts of Palm, Cut",$4.99,,,14.1 oz,[],,"https://www.instacart.com/image-server/257x257/filters:fill(FFF,true):format(jpg)/d2lnr5mha7bycj.cloudfront.net/product-image/file/large_73c19c29-8c8d-4e12-863c-e0dd2330b0db.jpg,"
Grove Kosher Market,Hunt's Tomato Paste,$1.49,,,6 oz,[],,"https://www.instacart.com/image-server/257x257/filters:fill(FFF,true):format(jpg)/d2lnr5mha7bycj.cloudfront.net/product-image/file/large_6bc1bdbc-c55d-4da5-ba1a-0388d97bb2cc.jpg,"
Grove Kosher Market,"Season Brand Anchovies, 100% Olive Oil, Flat Fillets",$6.39,,,4.2 oz,[],,"https://www.instacart.com/image-server/257x257/filters:fill(FFF,true):format(jpg)/d2lnr5mha7bycj.cloudfront.net/product-image/file/large_23b3fe27-66e5-448d-92f9-fe39d8cf3517.jpg,"
Grove Kosher Market,Beanstalk Whole Baby Corn,$1.89,,,15 oz,[],,"https://www.instacart.com/image-server/257x257/filters:fill(FFF,true):format(jpg)/d1s8987jlndkbs.cloudfront.net/assets/missing-item-4bbe82b8555e4d1c12626fd482cb2409713e8e30835645ff3650ef66a725d03c.png,"
Grove Kosher Market,"Blue Hill Bay Herring, Spiced Matjes",$7.39,,,12 oz,[],,"https://www.instacart.com/image-server/257x257/filters:fill(FFF,true):format(jpg)/d2lnr5mha7bycj.cloudfront.net/product-image/file/large_e4a4c971-9424-4986-8be0-522270c93cfd.png,"
Grove Kosher Market,Hunt's Crushed Tomatoes,$3.79,,,28 oz,[],,"https://www.instacart.com/image-server/257x257/filters:fill(FFF,true):format(jpg)/d2lnr5mha7bycj.cloudfront.net/product-image/file/large_09ab6cb6-6098-4822-8d8c-8afd578abb45.jpg,"
Grove Kosher Market,Tuscanini Peeled Whole Tomatoes,$3.49,,,14.1 oz,[],,"https://www.instacart.com/image-server/257x257/filters:fill(FFF,true):format(jpg)/d2lnr5mha7bycj.cloudfront.net/product-image/file/large_f7e7a721-70f6-4766-aae7-925171380de9.jpg,"
Grove Kosher Market,Lieber's Unsweetened Applesauce,$8.09,,,50 oz,[],,"https://www.instacart.com/image-server/257x257/filters:fill(FFF,true):format(jpg)/d2lnr5mha7bycj.cloudfront.net/product-image/file/large_52e20fa6-2fad-4722-9a15-c6b972e891e9.jpg,"
Grove Kosher Market,Gefen Whole Potatoes,$2.69,,,15 oz,[],,"https://www.instacart.com/image-server/257x257/filters:fill(FFF,true):format(jpg)/d2lnr5mha7bycj.cloudfront.net/product-image/file/large_2c93acbb-8ec1-4511-81eb-a52abd4d9f21.jpg,"
Grove Kosher Market,Hunt's Tomato Sauce,$2.19,,,15 oz,[],,"https://www.instacart.com/image-server/257x257/filters:fill(FFF,true):format(jpg)/d2lnr5mha7bycj.cloudfront.net/product-image/file/large_e6a8f3be-ef4e-43cc-a037-b3875779f20e.jpg,"
Grove Kosher Market,"Gefen Cranberry Sauce, Whole Berry",$3.69,,,16 oz,[],,"https://www.instacart.com/image-server/257x257/filters:fill(FFF,true):format(jpg)/d2lnr5mha7bycj.cloudfront.net/product-image/file/large_19c3ec2d-a9ac-4595-b603-c985ca1e5545.jpg,"
Grove Kosher Market,Gefen Peas & Carrots,$3.09,,,15 oz,[],,"https://www.instacart.com/image-server/257x257/filters:fill(FFF,true):format(jpg)/d2lnr5mha7bycj.cloudfront.net/product-image/file/large_204eb8fa-039c-47d2-b8c2-3e68a2d14d3a.jpg,"
Grove Kosher Market,Tuv Taam Schmaltz Herring,$8.29,,,7 oz,[],,"https://www.instacart.com/image-server/257x257/filters:fill(FFF,true):format(jpg)/d1s8987jlndkbs.cloudfront.net/assets/missing-item-4bbe82b8555e4d1c12626fd482cb2409713e8e30835645ff3650ef66a725d03c.png,"
Grove Kosher Market,Hunt's Tomato Paste,$3.49,,,12 oz,[],,"https://www.instacart.com/image-server/257x257/filters:fill(FFF,true):format(jpg)/d2lnr5mha7bycj.cloudfront.net/product-image/file/large_cb573306-7644-49ab-8c61-02ac135c68c4.jpg,"
Grove Kosher Market,Lieber's Squeezy Applesauce,$5.19,,,4 x 3.15 oz,[],,"https://www.instacart.com/image-server/257x257/filters:fill(FFF,true):format(jpg)/d2lnr5mha7bycj.cloudfront.net/product-image/file/large_129f55fd-a153-430f-840a-8dd8746a5335.jpg,"
Grove Kosher Market,"Yehuda Gefilte Fish, Original",$9.19,,,24 oz,[],,"https://www.instacart.com/image-server/257x257/filters:fill(FFF,true):format(jpg)/d2lnr5mha7bycj.cloudfront.net/product-image/file/large_b38824ef-8094-4bf5-9be3-4785bd08b1ce.jpg,"
Grove Kosher Market,Gefen Sweet Peas,$2.89,,,15 oz,[],,"https://www.instacart.com/image-server/257x257/filters:fill(FFF,true):format(jpg)/d2lnr5mha7bycj.cloudfront.net/product-image/file/large_1a92e1e8-22dd-4356-a5b8-a73ba2d0963f.jpg,"
Grove Kosher Market,Lieber's Mushrooms Stems & Pieces,$4.39,,,13.25 oz,[],,"https://www.instacart.com/image-server/257x257/filters:fill(FFF,true):format(jpg)/d2lnr5mha7bycj.cloudfront.net/product-image/file/large_f1dded02-c759-4b15-8f35-9ae2124d5eee.jpg,"
Grove Kosher Market,EMPRESS Chunk Light Tuna in Water,$1.19,,,,[],,"https://www.instacart.com/image-server/257x257/filters:fill(FFF,true):format(jpg)/d1s8987jlndkbs.cloudfront.net/assets/missing-item-4bbe82b8555e4d1c12626fd482cb2409713e8e30835645ff3650ef66a725d03c.png,"
Grove Kosher Market,Acme Herring In Wine Sauce,$7.49,,,12 oz,[],,"https://www.instacart.com/image-server/257x257/filters:fill(FFF,true):format(jpg)/d2lnr5mha7bycj.cloudfront.net/product-image/file/large_79345d82-501d-46c2-bb88-ee6674c08132.jpg,"
Grove Kosher Market,"Ocean Spray Jellied Cranberry Sauce, Canned Side Dish",$3.29,,,14 oz,[],,"https://www.instacart.com/image-server/257x257/filters:fill(FFF,true):format(jpg)/d2lnr5mha7bycj.cloudfront.net/product-image/file/large_5d15028c-4557-4f7d-b896-305c912ef16d.jpg,"
Grove Kosher Market,Shloimy's Heimishe Chick Peas,$3.69,,,12 oz,[],,"https://www.instacart.com/image-server/257x257/filters:fill(FFF,true):format(jpg)/d2lnr5mha7bycj.cloudfront.net/product-image/file/large_27c57596-e125-4b9e-9aa9-69c0e12b405e.jpg,"
Grove Kosher Market,Heinz Vegetarian Beans in Rich Tomato Sauce,$2.29,,,16 oz,[],,"https://www.instacart.com/image-server/257x257/filters:fill(FFF,true):format(jpg)/d2lnr5mha7bycj.cloudfront.net/product-image/file/large_dc79aa4a-b121-43ab-8371-d3d8c45985a5.jpg,"
Grove Kosher Market,Schwartz Schmaltz Herring,$9.59,,,7 oz,[],,"https://www.instacart.com/image-server/257x257/filters:fill(FFF,true):format(jpg)/d2lnr5mha7bycj.cloudfront.net/product-image/file/large_30572902-39b8-43a8-b3cd-c65b25ad5f87.jpg,"
Grove Kosher Market,"Ungar's Gefilte Fish, Classic",$13.79,,,20 oz,[],,"https://www.instacart.com/image-server/257x257/filters:fill(FFF,true):format(jpg)/d2lnr5mha7bycj.cloudfront.net/product-image/file/large_05651380-b8f0-42d5-9d8f-6627be7318dc.png,"
Grove Kosher Market,Lieber's Stems & Pieces Mushrooms,$2.89,,,7.05 oz,[],,"https://www.instacart.com/image-server/257x257/filters:fill(FFF,true):format(jpg)/d2lnr5mha7bycj.cloudfront.net/product-image/file/large_6d329b16-c822-4b2c-9059-c7559d8a1da4.jpg,"
Grove Kosher Market,Gefen Whole Hearts of Palm,$5.69,,,14.1 oz,[],,"https://www.instacart.com/image-server/257x257/filters:fill(FFF,true):format(jpg)/d2lnr5mha7bycj.cloudfront.net/product-image/file/large_389e834a-d8ac-4dfa-b1e0-0d474a2c8b34.jpg,"
Grove Kosher Market,Duncan Hines Dark Chocolate Fudge Brownie Mix,$3.89,,,18.2 oz,[],,"https://www.instacart.com/image-server/257x257/filters:fill(FFF,true):format(jpg)/d2lnr5mha7bycj.cloudfront.net/product-image/file/large_7886f580-d049-446a-9fbf-ecf284845da2.jpg,"
Grove Kosher Market,"Ortega Original Taco Seasoning Mix, Kosher",$1.49,,,1 oz,[],,"https://www.instacart.com/image-server/257x257/filters:fill(FFF,true):format(jpg)/d2lnr5mha7bycj.cloudfront.net/product-image/file/large_e9e33237-9634-4ca8-b885-bf211cc132ce.jpeg,"
Grove Kosher Market,Galil Marinade & Dip Thai Sweet Chili Sauce,$7.39,,,21 oz,[],,"https://www.instacart.com/image-server/257x257/filters:fill(FFF,true):format(jpg)/d2lnr5mha7bycj.cloudfront.net/product-image/file/large_ead81aaf-20b0-490d-b62d-7d9f280627c8.jpg,"
Grove Kosher Market,"Diamond Crystal Salt, Kosher",$10.79,,,26 oz,[],,"https://www.instacart.com/image-server/257x257/filters:fill(FFF,true):format(jpg)/d2lnr5mha7bycj.cloudfront.net/product-image/file/large_67f2c16e-aa9b-4d86-a294-07633d8e4a08.png,"
Grove Kosher Market,"Pereg Za'Atar, Signature Recipe",$6.89,,,4.25 oz,[],,"https://www.instacart.com/image-server/257x257/filters:fill(FFF,true):format(jpg)/d2lnr5mha7bycj.cloudfront.net/product-image/file/large_abd43675-7588-4925-a0ba-39b0e69428c8.png,"
Grove Kosher Market,Glick's All Purpose Flour,$6.09,,,5 lb,[],,"https://www.instacart.com/image-server/257x257/filters:fill(FFF,true):format(jpg)/d2lnr5mha7bycj.cloudfront.net/product-image/file/large_e5a6aa56-4b91-41d4-87e1-6d0a220f96b8.jpg,"
Grove Kosher Market,Lieber's Onion Powder,$3.69,,,2.6 oz,[],,"https://www.instacart.com/image-server/257x257/filters:fill(FFF,true):format(jpg)/d2lnr5mha7bycj.cloudfront.net/product-image/file/large_1ea254e7-2573-472a-8ae8-49754d1033d1.jpg,"
Grove Kosher Market,"Splenda Stevia Sweetener Tabletop Jar | Spoonable Sugar-Free, No Calorie Stevia Blend",$8.09,,,9.8 oz,"['Gluten-Free', 'Keto']",,"https://www.instacart.com/image-server/257x257/filters:fill(FFF,true):format(jpg)/d2lnr5mha7bycj.cloudfront.net/product-image/file/large_5eb209fd-de89-421e-be11-0112c8a9fcd2.png,"
Grove Kosher Market,"Pereg Natural Foods Breadcrumbs Classic Flavored, Non-GMO, Vegan, Kosher",$6.39,,,12 oz,[],,"https://www.instacart.com/image-server/257x257/filters:fill(FFF,true):format(jpg)/d2lnr5mha7bycj.cloudfront.net/product-image/file/large_cfdca9a7-8d57-481c-a649-cb63592b6631.jpg,"
Grove Kosher Market,Domino Premium Pure Cane Light Brown Sugar,$2.29,,,1 lb,[],,"https://www.instacart.com/image-server/257x257/filters:fill(FFF,true):format(jpg)/d2lnr5mha7bycj.cloudfront.net/product-image/file/large_55217a22-743c-4323-807d-facd5eaf6750.png,"
Grove Kosher Market,Lieber's Graham Pie Crust,$3.49,,,6 oz,[],,"https://www.instacart.com/image-server/257x257/filters:fill(FFF,true):format(jpg)/d2lnr5mha7bycj.cloudfront.net/product-image/file/large_f7d43750-002a-441c-955b-d2d0f1bd7ed0.jpg,"
Grove Kosher Market,"Diamond Crystal Salt Co Salt Flakes, Kosher",$13.59,,,48 oz,[],,"https://www.instacart.com/image-server/257x257/filters:fill(FFF,true):format(jpg)/d2lnr5mha7bycj.cloudfront.net/product-image/file/large_d399ee68-22b6-431b-a335-aaa7f256a125.png,"
Grove Kosher Market,Twin Marquis Wonton Wrappers Hong Kong Style,$4.59,,,14 oz,[],,"https://www.instacart.com/image-server/257x257/filters:fill(FFF,true):format(jpg)/d2lnr5mha7bycj.cloudfront.net/product-image/file/large_7f49c9ae-be93-4daf-9d74-34c95b7c627c.jpg,"
Grove Kosher Market,Mazor's Pizza Doughs,$7.29,,,12 oz,[],,"https://www.instacart.com/image-server/257x257/filters:fill(FFF,true):format(jpg)/d2lnr5mha7bycj.cloudfront.net/product-image/file/large_bdd68136-33c2-4ce7-ae35-bd84e3ce80ab.jpg,"
Grove Kosher Market,Red Star Quick Rise Instant Yeast,$3.49,,,3 x 0.25 oz,['Gluten-Free'],,"https://www.instacart.com/image-server/257x257/filters:fill(FFF,true):format(jpg)/d2lnr5mha7bycj.cloudfront.net/product-image/file/large_8f1cfded-0d22-41ec-b53f-b357ff060c22.png,"
Grove Kosher Market,Truvia Calorie-Free Sweetener,$11.09,,,80 ct,[],,"https://www.instacart.com/image-server/257x257/filters:fill(FFF,true):format(jpg)/d2lnr5mha7bycj.cloudfront.net/product-image/file/large_ea52f214-8d74-4b1d-b7eb-0ae2777fc941.jpg,"
Grove Kosher Market,Wondermill All Purpose Flour,$9.79,,,5 lb,[],,"https://www.instacart.com/image-server/257x257/filters:fill(FFF,true):format(jpg)/d2lnr5mha7bycj.cloudfront.net/product-image/file/large_145151df-bfcf-43c9-9715-45543e1d14ec.jpg,"
Grove Kosher Market,Wesson Vegetable Oil,$11.99,,,48 fl oz,[],,"https://www.instacart.com/image-server/257x257/filters:fill(FFF,true):format(jpg)/d2lnr5mha7bycj.cloudfront.net/product-image/file/large_3f0dec9f-60cd-4992-84c5-148858964386.jpg,"
Grove Kosher Market,"Splenda No Calorie Sweetener, Packets",$8.09,,,100 each,['Gluten-Free'],,"https://www.instacart.com/image-server/257x257/filters:fill(FFF,true):format(jpg)/d2lnr5mha7bycj.cloudfront.net/product-image/file/large_bcf4c038-3819-4e28-8878-33a745b38974.png,"
Grove Kosher Market,"Pereg Natural Foods Coarse Panko Bread Crumbs, Non-GMO, Vegan, Kosher",$6.39,,,9 oz,[],,"https://www.instacart.com/image-server/257x257/filters:fill(FFF,true):format(jpg)/d2lnr5mha7bycj.cloudfront.net/product-image/file/large_3929e1e9-504b-41ad-9033-8438866ea931.jpg,"
Grove Kosher Market,"Pereg Natural Foods Fine Panko Bread Crumbs, Non-GMO, Vegan, Kosher",$6.39,,,9 oz,[],Many in stock,"https://www.instacart.com/image-server/257x257/filters:fill(FFF,true):format(jpg)/d2lnr5mha7bycj.cloudfront.net/product-image/file/large_ba90e8e1-0297-4816-97b0-493c57a0640c.jpg,"
Grove Kosher Market,Lieber's Organic Coconut Milk,$6.19,,,13.5 oz,['Organic'],,"https://www.instacart.com/image-server/257x257/filters:fill(FFF,true):format(jpg)/d2lnr5mha7bycj.cloudfront.net/product-image/file/large_4198a03e-7412-4193-b139-aa43298f0294.png,"
Grove Kosher Market,My T Fine Chocolate Pudding & Pie Filling,$1.99,,,4 x 3.12 oz,[],,"https://www.instacart.com/image-server/257x257/filters:fill(FFF,true):format(jpg)/d2lnr5mha7bycj.cloudfront.net/product-image/file/large_33f3ce51-4d02-4744-bc8c-6181e08f451c.jpg,"
Grove Kosher Market,Pam Original Canola Oil Blend No-Stick Cooking Spray,$7.99,,,6 oz,[],,"https://www.instacart.com/image-server/257x257/filters:fill(FFF,true):format(jpg)/d2lnr5mha7bycj.cloudfront.net/product-image/file/large_ff73e8eb-bdd1-44de-81a9-12047bedd3a6.jpg,"
Grove Kosher Market,"Pereg Natural Foods Seasoned Bread Crumbs American, Non-GMO, Vegan, Kosher",$6.39,,,12 oz,[],,"https://www.instacart.com/image-server/257x257/filters:fill(FFF,true):format(jpg)/d2lnr5mha7bycj.cloudfront.net/product-image/file/large_833fb0e9-5a65-4688-b21f-c99634be2e9f.jpg,"
Grove Kosher Market,"Pereg Natural Foods Seasoned Panko Bread Crumbs Italian Style, Non-GMO, Vegan, Kosher",$6.39,,,9 oz,[],,"https://www.instacart.com/image-server/257x257/filters:fill(FFF,true):format(jpg)/d2lnr5mha7bycj.cloudfront.net/product-image/file/large_fb4a142f-62f8-4e39-b500-1e1cc132a6bc.jpg,"
Grove Kosher Market,"Bob's Red Mill 00 Flour, Italian Style, Premium",$9.19,,,48 oz,[],,"https://www.instacart.com/image-server/257x257/filters:fill(FFF,true):format(jpg)/d2lnr5mha7bycj.cloudfront.net/product-image/file/large_15037b4b-e15f-4c48-847e-8638fe1bbaf5.png,"
Grove Kosher Market,Lieber's Black Pepper,$4.59,,,4 oz,[],,"https://www.instacart.com/image-server/257x257/filters:fill(FFF,true):format(jpg)/d2lnr5mha7bycj.cloudfront.net/product-image/file/large_d7b4e2a0-30fe-4144-b089-d192ddbc7718.jpg,"
Grove Kosher Market,"Pereg Black Pepper, Fine Ground",$6.89,,,4.2 oz,[],,"https://www.instacart.com/image-server/257x257/filters:fill(FFF,true):format(jpg)/d2lnr5mha7bycj.cloudfront.net/product-image/file/large_6e355eb5-ad66-4daa-8f40-677b108733f2.jpg,"
Grove Kosher Market,Bob's Red Mill Artisan Bread Flour,$9.89,,,5 lb,[],,"https://www.instacart.com/image-server/257x257/filters:fill(FFF,true):format(jpg)/d2lnr5mha7bycj.cloudfront.net/product-image/file/large_70de2a33-3486-4c15-8b85-2464f80c3ee3.jpg,"
Grove Kosher Market,Paskesz Candy Company Marshmallows,$5.99,,,8 oz,['Gluten-Free'],,"https://www.instacart.com/image-server/257x257/filters:fill(FFF,true):format(jpg)/d2lnr5mha7bycj.cloudfront.net/product-image/file/large_7807e645-bffd-4bbe-be8a-a299c7aeb957.jpg,"
Grove Kosher Market,"Eden Foods Sesame Oil, Unrefined",$19.59,,,16 fl oz,['Organic'],,"https://www.instacart.com/image-server/257x257/filters:fill(FFF,true):format(jpg)/d2lnr5mha7bycj.cloudfront.net/product-image/file/large_4e6f43d7-254f-42ca-858b-adcfa41a951d.png,"
Grove Kosher Market,Whoa Dough Ready to Bake Sugar Cookie Dough,$8.09,,,6.9 oz,"['Vegan', 'Gluten-Free']",,"https://www.instacart.com/image-server/257x257/filters:fill(FFF,true):format(jpg)/d2lnr5mha7bycj.cloudfront.net/product-image/file/large_92b6b7e6-91bc-4554-9b60-14ef414ce9ae.png,"
Grove Kosher Market,Bob's Red Mill Finely Ground Tapioca Flour,$5.79,,,16 oz,['Gluten-Free'],,"https://www.instacart.com/image-server/257x257/filters:fill(FFF,true):format(jpg)/d2lnr5mha7bycj.cloudfront.net/product-image/file/large_72efc23d-cc40-4955-81c1-8806d65f1c38.jpg,"
Grove Kosher Market,"Pereg Natural Foods Seasoned Bread Crumbs Mexican, Non-GMO, Vegan, Kosher",$6.39,,,12 oz,[],,"https://www.instacart.com/image-server/257x257/filters:fill(FFF,true):format(jpg)/d2lnr5mha7bycj.cloudfront.net/product-image/file/large_96dd0ab4-c9bb-4230-88e1-2ecefade7c21.jpg,"
Grove Kosher Market,Pereg Ground Cumin,$6.89,,,4.2 oz,[],,"https://www.instacart.com/image-server/257x257/filters:fill(FFF,true):format(jpg)/d2lnr5mha7bycj.cloudfront.net/product-image/file/large_f626bb67-0a1a-4363-92c2-735f6c4f6364.jpg,"
Grove Kosher Market,Manischewitz Matzo Ball Mix,$3.89,,,2 ct,['Vegan'],,"https://www.instacart.com/image-server/257x257/filters:fill(FFF,true):format(jpg)/d2lnr5mha7bycj.cloudfront.net/product-image/file/large_f734c7be-1c5d-44b2-9c65-676b3af1a487.jpg,"
Grove Kosher Market,Kikkoman Panko Japanese style bread crumbs,$3.49,,,8 oz,[],,"https://www.instacart.com/image-server/257x257/filters:fill(FFF,true):format(jpg)/d2lnr5mha7bycj.cloudfront.net/product-image/file/large_ff8f4845-3c09-40e4-851c-18605d61a04e.png,"
Grove Kosher Market,"Pereg Red Paprika, Sweet",$6.89,,,5.3 oz,[],,"https://www.instacart.com/image-server/257x257/filters:fill(FFF,true):format(jpg)/d2lnr5mha7bycj.cloudfront.net/product-image/file/large_f9d9b6ab-4777-4e04-ab7d-c8ef014bcaad.jpg,"
Grove Kosher Market,"Lieber's Chocolate Chips, Semi Sweet",$4.09,,,9 oz,[],,"https://www.instacart.com/image-server/257x257/filters:fill(FFF,true):format(jpg)/d2lnr5mha7bycj.cloudfront.net/product-image/file/large_7b96f621-159b-4532-84e8-ad666c748287.png,"
Grove Kosher Market,"Fleischmann's Instant Yeast, Fast-Acting",$6.39,,,0.25 oz,['Gluten-Free'],,"https://www.instacart.com/image-server/257x257/filters:fill(FFF,true):format(jpg)/d2lnr5mha7bycj.cloudfront.net/product-image/file/large_03f1aa8a-4266-45c9-b07c-56abc1c1cd83.png,"
Grove Kosher Market,Bob's Red Mill Potato Flour,$10.69,,,24 oz,['Gluten-Free'],,"https://www.instacart.com/image-server/257x257/filters:fill(FFF,true):format(jpg)/d2lnr5mha7bycj.cloudfront.net/product-image/file/large_8f337192-3ece-4181-a5e0-5517c5a0a255.jpg,"
Grove Kosher Market,"Asian Menu Sauce & Glaze, Orange Ginger, Mildly Spicy",$8.09,,,14.5 oz,[],,"https://www.instacart.com/image-server/257x257/filters:fill(FFF,true):format(jpg)/d2lnr5mha7bycj.cloudfront.net/product-image/file/large_d590d7df-66ce-44ec-9b69-5cf1689a8bbc.jpg,"
Grove Kosher Market,Duncan Hines Whipped Chocolate Frosting,$3.89,,,14 oz,[],,"https://www.instacart.com/image-server/257x257/filters:fill(FFF,true):format(jpg)/d2lnr5mha7bycj.cloudfront.net/product-image/file/large_96c61292-9554-4038-bf4c-4d53f34fbd5d.jpeg,"
Grove Kosher Market,Duncan Hines Whipped Vanilla Frosting,$3.89,,,14 oz,[],,"https://www.instacart.com/image-server/257x257/filters:fill(FFF,true):format(jpg)/d2lnr5mha7bycj.cloudfront.net/product-image/file/large_96b04b7d-e7aa-4cc3-a59d-83ddfae95c63.jpeg,"
Grove Kosher Market,Bob's Red Mill Spelt Flour,$10.39,,,22 oz,['Whole Grain'],,"https://www.instacart.com/image-server/257x257/filters:fill(FFF,true):format(jpg)/d2lnr5mha7bycj.cloudfront.net/product-image/file/large_b208cdae-0af8-47bd-969a-2cfe5580c494.jpg,"
Grove Kosher Market,"Red Star Active Dry Yeast, All-Natural",$3.49,,,3 x 0.25 oz,['Gluten-Free'],,"https://www.instacart.com/image-server/257x257/filters:fill(FFF,true):format(jpg)/d2lnr5mha7bycj.cloudfront.net/product-image/file/large_764d2674-6f9b-4e8d-b5cd-d40a9feeca06.png,"
Grove Kosher Market,"Manischewitz Brownie Mix, Gluten Free, Chocolate",$8.69,,,12 oz,['Gluten-Free'],,"https://www.instacart.com/image-server/257x257/filters:fill(FFF,true):format(jpg)/d2lnr5mha7bycj.cloudfront.net/product-image/file/large_235c8c73-8d31-4c88-85ee-88b9d283288d.png,"
Grove Kosher Market,Buffalo Chicken Poppers,$10.39,,,7 oz,[],,"https://www.instacart.com/image-server/257x257/filters:fill(FFF,true):format(jpg)/d2lnr5mha7bycj.cloudfront.net/product-image/file/large_9e6c490b-73ca-43c5-86b9-85f0972c342f.jpg,"
Grove Kosher Market,Cooked Salmon & Avocado Roll,$14.89,,,,[],,"https://www.instacart.com/image-server/257x257/filters:fill(FFF,true):format(jpg)/d2lnr5mha7bycj.cloudfront.net/product-image/file/large_ca4393a2-2014-498c-9a93-ed7ffa75975c.jpg,"
Grove Kosher Market,Avocado Roll,$9.19,,,,[],,"https://www.instacart.com/image-server/257x257/filters:fill(FFF,true):format(jpg)/d2lnr5mha7bycj.cloudfront.net/product-image/file/large_60c36ba9-b1af-4e49-ad4c-425a68f9fccb.jpg,"
Grove Kosher Market,Cucumber Roll,$9.19,,,,[],,"https://www.instacart.com/image-server/257x257/filters:fill(FFF,true):format(jpg)/d1s8987jlndkbs.cloudfront.net/assets/missing-item-4bbe82b8555e4d1c12626fd482cb2409713e8e30835645ff3650ef66a725d03c.png,"
Grove Kosher Market,Stuffed Cabbage,$21.89,,,22 oz,[],,"https://www.instacart.com/image-server/257x257/filters:fill(FFF,true):format(jpg)/d2lnr5mha7bycj.cloudfront.net/product-image/file/large_0f31d012-64d3-4c36-bec8-95bddb2a790a.jpg,"
Grove Kosher Market,Sweet & Sour Cashew Chicken,$22.99,,,24 oz,[],,"https://www.instacart.com/image-server/257x257/filters:fill(FFF,true):format(jpg)/d1s8987jlndkbs.cloudfront.net/assets/missing-item-4bbe82b8555e4d1c12626fd482cb2409713e8e30835645ff3650ef66a725d03c.png,"
Grove Kosher Market,Tuna Salad,$9.19,,,8 oz,[],Many in stock,"https://www.instacart.com/image-server/257x257/filters:fill(FFF,true):format(jpg)/d2lnr5mha7bycj.cloudfront.net/product-image/file/large_4f454d8b-689f-46a5-9ff0-c8969638bf8a.jpg,"
Grove Kosher Market,Green Split Pea Soup,$11.49,,,30 oz,[],,"https://www.instacart.com/image-server/257x257/filters:fill(FFF,true):format(jpg)/d2lnr5mha7bycj.cloudfront.net/product-image/file/large_bf352a11-69e5-4fa9-921b-28ca4b26d459.jpg,"
Grove Kosher Market,Crunchy Spicy Tuna Roll,$12.59,,,,[],,"https://www.instacart.com/image-server/257x257/filters:fill(FFF,true):format(jpg)/d2lnr5mha7bycj.cloudfront.net/product-image/file/large_ec32325b-7005-4be9-b41f-da7c4598fe5a.jpg,"
Grove Kosher Market,Turkey Pastrami Sandwich,$11.49,,,9 oz,[],,"https://www.instacart.com/image-server/257x257/filters:fill(FFF,true):format(jpg)/d2lnr5mha7bycj.cloudfront.net/product-image/file/large_1093bd1e-5f2f-4f5b-bc77-6272e421960d.jpg,"
Grove Kosher Market,Cauliflower Souffle,$9.19,,,14 oz,[],,"https://www.instacart.com/image-server/257x257/filters:fill(FFF,true):format(jpg)/d2lnr5mha7bycj.cloudfront.net/product-image/file/large_9981ace3-7870-4534-82d3-f4588c15df77.jpg,"
Grove Kosher Market,Corn Salad,$9.19,,,16 oz,[],,"https://www.instacart.com/image-server/257x257/filters:fill(FFF,true):format(jpg)/d2lnr5mha7bycj.cloudfront.net/product-image/file/large_852eddac-9835-4465-9b48-69613661f71b.jpg,"
Grove Kosher Market,Poached Salmon With Dill Sauce,$19.59,,,8 oz,[],,"https://www.instacart.com/image-server/257x257/filters:fill(FFF,true):format(jpg)/d2lnr5mha7bycj.cloudfront.net/product-image/file/large_f5b4f74a-1a4c-4e88-a084-8e995dc7a30d.jpg,"
Grove Kosher Market,Potato Kugel,$9.19,,,10 oz,[],,"https://www.instacart.com/image-server/257x257/filters:fill(FFF,true):format(jpg)/d2lnr5mha7bycj.cloudfront.net/product-image/file/large_19ba50b3-0d42-4d64-bb51-c06333710c92.jpg,"
Grove Kosher Market,Mushroom Barley Soup,$11.49,,,30 oz,[],,"https://www.instacart.com/image-server/257x257/filters:fill(FFF,true):format(jpg)/d2lnr5mha7bycj.cloudfront.net/product-image/file/large_9a4e3750-595d-4d85-8d72-db8c4a9485df.jpg,"
Grove Kosher Market,Potato Knish,$10.39,,,14 oz,[],,"https://www.instacart.com/image-server/257x257/filters:fill(FFF,true):format(jpg)/d2lnr5mha7bycj.cloudfront.net/product-image/file/large_03acd694-a56a-4e95-9539-78cc65dbaf58.jpg,"
Grove Kosher Market,Golden Roll,$18.39,,,,[],Many in stock,"https://www.instacart.com/image-server/257x257/filters:fill(FFF,true):format(jpg)/d2lnr5mha7bycj.cloudfront.net/product-image/file/large_c5abd235-d600-46dd-9fe2-7045b09b3f83.jpg,"
Grove Kosher Market,Picante Roll,$18.39,,,,[],,"https://www.instacart.com/image-server/257x257/filters:fill(FFF,true):format(jpg)/d2lnr5mha7bycj.cloudfront.net/product-image/file/large_8ab4b185-123e-43e3-aad4-f2ba35d9ab6b.jpg,"
Grove Kosher Market,String Beans Almondine,$11.49,,,14 oz,[],,"https://www.instacart.com/image-server/257x257/filters:fill(FFF,true):format(jpg)/d2lnr5mha7bycj.cloudfront.net/product-image/file/large_ce8c3770-176c-4d58-b86e-8b7cea29bd13.jpg,"
Grove Kosher Market,Salmon Avocado Roll,$12.59,,,,[],,"https://www.instacart.com/image-server/257x257/filters:fill(FFF,true):format(jpg)/d2lnr5mha7bycj.cloudfront.net/product-image/file/large_6965f262-1a16-46cf-b7dc-80d4cf210ae1.jpg,"
Grove Kosher Market,Kani Salad,$16.09,,,,[],,"https://www.instacart.com/image-server/257x257/filters:fill(FFF,true):format(jpg)/d1s8987jlndkbs.cloudfront.net/assets/missing-item-4bbe82b8555e4d1c12626fd482cb2409713e8e30835645ff3650ef66a725d03c.png,"
Grove Kosher Market,No Sugar Added Cucumber Salad,$10.39,,,13 oz,[],,"https://www.instacart.com/image-server/257x257/filters:fill(FFF,true):format(jpg)/d2lnr5mha7bycj.cloudfront.net/product-image/file/large_65f6bc7b-e332-401d-8eab-776ef85af264.jpg,"
Grove Kosher Market,Kasha Varnishkes,$12.69,,,14 oz,[],,"https://www.instacart.com/image-server/257x257/filters:fill(FFF,true):format(jpg)/d2lnr5mha7bycj.cloudfront.net/product-image/file/large_eaec77a2-20bb-4a97-b9f6-a3197894f10e.jpg,"
Grove Kosher Market,No Sugar Added Beet Salad,$10.39,,,13 oz,[],,"https://www.instacart.com/image-server/257x257/filters:fill(FFF,true):format(jpg)/d2lnr5mha7bycj.cloudfront.net/product-image/file/large_26cff67c-f460-4479-bf39-2eb573cfa3e7.jpg,"
Grove Kosher Market,Matbucha Salad,$11.49,,,16 oz,[],,"https://www.instacart.com/image-server/257x257/filters:fill(FFF,true):format(jpg)/d2lnr5mha7bycj.cloudfront.net/product-image/file/large_ae7b98c1-b42b-48f0-92e3-3ce57caceed2.jpg,"
Grove Kosher Market,Mix Veggies Roll,$10.29,,,,[],,"https://www.instacart.com/image-server/257x257/filters:fill(FFF,true):format(jpg)/d2lnr5mha7bycj.cloudfront.net/product-image/file/large_78c560d8-1753-4d53-9cd2-43718d8e5608.jpg,"
Grove Kosher Market,Dill Potato Salad,$9.19,,,16 oz,[],,"https://www.instacart.com/image-server/257x257/filters:fill(FFF,true):format(jpg)/d1s8987jlndkbs.cloudfront.net/assets/missing-item-4bbe82b8555e4d1c12626fd482cb2409713e8e30835645ff3650ef66a725d03c.png,"
Grove Kosher Market,Broccoli & Garlic,$12.69,,,16 oz,[],,"https://www.instacart.com/image-server/257x257/filters:fill(FFF,true):format(jpg)/d2lnr5mha7bycj.cloudfront.net/product-image/file/large_1b0c8ea3-6450-476e-971b-f2c3ce460c6e.jpg,"
Grove Kosher Market,Seafood Salad,$9.19,,,8 oz,[],,"https://www.instacart.com/image-server/257x257/filters:fill(FFF,true):format(jpg)/d2lnr5mha7bycj.cloudfront.net/product-image/file/large_8147e300-4f0b-4be2-a66c-28df31590fe4.jpg,"
Grove Kosher Market,"Macabee Pizza Bagels, Mozzarella Cheese & Seasoned Sauce",$22.89,,,46 oz,[],,"https://www.instacart.com/image-server/257x257/filters:fill(FFF,true):format(jpg)/d2lnr5mha7bycj.cloudfront.net/product-image/file/large_4fec9173-71e7-445a-a3d0-289208446be4.jpg,"
Grove Kosher Market,No Sugar Added Health Salad,$10.39,,,16 oz,[],,"https://www.instacart.com/image-server/257x257/filters:fill(FFF,true):format(jpg)/d2lnr5mha7bycj.cloudfront.net/product-image/file/large_5eeff473-f275-4442-ba98-6935f9cc164d.jpg,"
Grove Kosher Market,Forest Roll,$18.39,,,,[],,"https://www.instacart.com/image-server/257x257/filters:fill(FFF,true):format(jpg)/d2lnr5mha7bycj.cloudfront.net/product-image/file/large_ad330443-361b-4af4-acb1-51a59a495adf.jpg,"
Grove Kosher Market,Ma'aadanot Mediterranean Baked Jachnun,$10.99,,,1.65 lb,[],,"https://www.instacart.com/image-server/257x257/filters:fill(FFF,true):format(jpg)/d2lnr5mha7bycj.cloudfront.net/product-image/file/large_8bf99b2e-2e53-4946-adb3-6d0b3ca5f1e6.jpg,"
Grove Kosher Market,Tuv Taam Classic Style Tehina,$6.39,,,7 oz,[],,"https://www.instacart.com/image-server/257x257/filters:fill(FFF,true):format(jpg)/d2lnr5mha7bycj.cloudfront.net/product-image/file/large_64325fce-b2b7-41cb-acae-7706cf8ab9a6.jpg,"
Grove Kosher Market,Lean Brisket in Gravy,$29.89,,,24 oz,[],,"https://www.instacart.com/image-server/257x257/filters:fill(FFF,true):format(jpg)/d2lnr5mha7bycj.cloudfront.net/product-image/file/large_a6035540-b9c2-4dad-9efe-f1b30d8d8d48.jpg,"
Grove Kosher Market,Tuv Taam White Fish Salad,$11.19,,,7 oz,[],,"https://www.instacart.com/image-server/257x257/filters:fill(FFF,true):format(jpg)/d2lnr5mha7bycj.cloudfront.net/product-image/file/large_8344e289-e3a5-4da8-acf0-0684f542752c.jpg,"
Grove Kosher Market,Sweet Potato Latkes,$9.19,,,6 ct,[],,"https://www.instacart.com/image-server/257x257/filters:fill(FFF,true):format(jpg)/d1s8987jlndkbs.cloudfront.net/assets/missing-item-4bbe82b8555e4d1c12626fd482cb2409713e8e30835645ff3650ef66a725d03c.png,"
Grove Kosher Market,Water Heimishe Challah,$8.09,,,16 oz,[],,"https://www.instacart.com/image-server/257x257/filters:fill(FFF,true):format(jpg)/d1s8987jlndkbs.cloudfront.net/assets/missing-item-4bbe82b8555e4d1c12626fd482cb2409713e8e30835645ff3650ef66a725d03c.png,"
Grove Kosher Market,Round Egg Challah Bread,$6.89,,,16 oz,[],,"https://www.instacart.com/image-server/257x257/filters:fill(FFF,true):format(jpg)/d1s8987jlndkbs.cloudfront.net/assets/missing-item-4bbe82b8555e4d1c12626fd482cb2409713e8e30835645ff3650ef66a725d03c.png,"
Grove Kosher Market,Grove Fresh New York Plain Rye Bread,$4.09,,,16 oz,[],,"https://www.instacart.com/image-server/257x257/filters:fill(FFF,true):format(jpg)/d1s8987jlndkbs.cloudfront.net/assets/missing-item-4bbe82b8555e4d1c12626fd482cb2409713e8e30835645ff3650ef66a725d03c.png,"
Grove Kosher Market,Mini French Baguettes,$11.29,,,12 ct,[],,"https://www.instacart.com/image-server/257x257/filters:fill(FFF,true):format(jpg)/d1s8987jlndkbs.cloudfront.net/assets/missing-item-4bbe82b8555e4d1c12626fd482cb2409713e8e30835645ff3650ef66a725d03c.png,"
Grove Kosher Market,Multigrain Sourdough,$15.59,,,1 ct,[],,"https://www.instacart.com/image-server/257x257/filters:fill(FFF,true):format(jpg)/d1s8987jlndkbs.cloudfront.net/assets/missing-item-4bbe82b8555e4d1c12626fd482cb2409713e8e30835645ff3650ef66a725d03c.png,"
Grove Kosher Market,White Sourdough,$15.59,,,1 ct,[],,"https://www.instacart.com/image-server/257x257/filters:fill(FFF,true):format(jpg)/d1s8987jlndkbs.cloudfront.net/assets/missing-item-4bbe82b8555e4d1c12626fd482cb2409713e8e30835645ff3650ef66a725d03c.png,"
Grove Kosher Market,Round Raisin Challah,$6.89,,,16 oz,[],,"https://www.instacart.com/image-server/257x257/filters:fill(FFF,true):format(jpg)/d1s8987jlndkbs.cloudfront.net/assets/missing-item-4bbe82b8555e4d1c12626fd482cb2409713e8e30835645ff3650ef66a725d03c.png,"
Grove Kosher Market,Grove Kosher Fresh New York Sweet Challah,$8.09,,,,[],,"https://www.instacart.com/image-server/257x257/filters:fill(FFF,true):format(jpg)/d2lnr5mha7bycj.cloudfront.net/product-image/file/large_952ed76a-c49e-4a90-a776-d4a43501362f.jpg,"
Grove Kosher Market,Fresh New York Challah,$8.09,,,16 oz,[],,"https://www.instacart.com/image-server/257x257/filters:fill(FFF,true):format(jpg)/d1s8987jlndkbs.cloudfront.net/assets/missing-item-4bbe82b8555e4d1c12626fd482cb2409713e8e30835645ff3650ef66a725d03c.png,"
Grove Kosher Market,Beigel's Sandwich Whole Wheat Bread,$5.79,,,28 oz,[],,"https://www.instacart.com/image-server/257x257/filters:fill(FFF,true):format(jpg)/d2lnr5mha7bycj.cloudfront.net/product-image/file/large_8e46ba3e-bafe-40b6-ab38-f9abd2e7aaf6.jpg,"
Grove Kosher Market,Grove Heimishe Challah,$8.09,,,,[],,"https://www.instacart.com/image-server/257x257/filters:fill(FFF,true):format(jpg)/d1s8987jlndkbs.cloudfront.net/assets/missing-item-4bbe82b8555e4d1c12626fd482cb2409713e8e30835645ff3650ef66a725d03c.png,"
Grove Kosher Market,Classic Toasted Bread,$5.29,,,12.88 oz,[],,"https://www.instacart.com/image-server/257x257/filters:fill(FFF,true):format(jpg)/d1s8987jlndkbs.cloudfront.net/assets/missing-item-4bbe82b8555e4d1c12626fd482cb2409713e8e30835645ff3650ef66a725d03c.png,"
Grove Kosher Market,Pas Yisroel Par Baked Min Whole Wheat French Baguette,$12.89,,,16.8 oz,[],,"https://www.instacart.com/image-server/257x257/filters:fill(FFF,true):format(jpg)/d1s8987jlndkbs.cloudfront.net/assets/missing-item-4bbe82b8555e4d1c12626fd482cb2409713e8e30835645ff3650ef66a725d03c.png,"
Grove Kosher Market,Pas Yisroel Par Baked Mini French Baguettes,$12.89,,,16.8 oz,[],,"https://www.instacart.com/image-server/257x257/filters:fill(FFF,true):format(jpg)/d1s8987jlndkbs.cloudfront.net/assets/missing-item-4bbe82b8555e4d1c12626fd482cb2409713e8e30835645ff3650ef66a725d03c.png,"
Grove Kosher Market,Beigel‚Äôs White Bread,$5.79,,,26 oz,[],,"https://www.instacart.com/image-server/257x257/filters:fill(FFF,true):format(jpg)/d2lnr5mha7bycj.cloudfront.net/product-image/file/large_e831fbdf-9962-4812-8347-f61ab6ed318a.jpg,"
Grove Kosher Market,La Bri Osh La Briosh Bread Crustless White Bread,$9.19,,,14.1 oz,[],,"https://www.instacart.com/image-server/257x257/filters:fill(FFF,true):format(jpg)/d1s8987jlndkbs.cloudfront.net/assets/missing-item-4bbe82b8555e4d1c12626fd482cb2409713e8e30835645ff3650ef66a725d03c.png,"
Grove Kosher Market,Grove S Fresh Whole Wheat Rye Bread,$4.59,,,32 oz,[],,"https://www.instacart.com/image-server/257x257/filters:fill(FFF,true):format(jpg)/d1s8987jlndkbs.cloudfront.net/assets/missing-item-4bbe82b8555e4d1c12626fd482cb2409713e8e30835645ff3650ef66a725d03c.png,"
Grove Kosher Market,Grove New York Pull-Apart Challah,$9.19,,,,[],,"https://www.instacart.com/image-server/257x257/filters:fill(FFF,true):format(jpg)/d1s8987jlndkbs.cloudfront.net/assets/missing-item-4bbe82b8555e4d1c12626fd482cb2409713e8e30835645ff3650ef66a725d03c.png,"
Grove Kosher Market,"Ta'amti Bread, Pan Phyllo, Malawach",$11.49,,,6 each,['Vegan'],,"https://www.instacart.com/image-server/257x257/filters:fill(FFF,true):format(jpg)/d2lnr5mha7bycj.cloudfront.net/product-image/file/large_703266d4-222c-4f42-b7ea-3fa0475c9390.png,"
Grove Kosher Market,Rosemary Focaccine,$4.59,,,5.29 oz,[],,"https://www.instacart.com/image-server/257x257/filters:fill(FFF,true):format(jpg)/d1s8987jlndkbs.cloudfront.net/assets/missing-item-4bbe82b8555e4d1c12626fd482cb2409713e8e30835645ff3650ef66a725d03c.png,"
Grove Kosher Market,Kitchen Collection Challah Bags,$3.69,,,15 ct,[],,"https://www.instacart.com/image-server/257x257/filters:fill(FFF,true):format(jpg)/d1s8987jlndkbs.cloudfront.net/assets/missing-item-4bbe82b8555e4d1c12626fd482cb2409713e8e30835645ff3650ef66a725d03c.png,"
Grove Kosher Market,Medium Heimishe Challah,$7.19,,,,[],,"https://www.instacart.com/image-server/257x257/filters:fill(FFF,true):format(jpg)/d1s8987jlndkbs.cloudfront.net/assets/missing-item-4bbe82b8555e4d1c12626fd482cb2409713e8e30835645ff3650ef66a725d03c.png,"
Grove Kosher Market,Sweet Raspberry Round Challah,$12.69,,,16 oz,[],,"https://www.instacart.com/image-server/257x257/filters:fill(FFF,true):format(jpg)/d1s8987jlndkbs.cloudfront.net/assets/missing-item-4bbe82b8555e4d1c12626fd482cb2409713e8e30835645ff3650ef66a725d03c.png,"
Grove Kosher Market,Round Sweet Apple Challah,$12.69,,,16 oz,[],,"https://www.instacart.com/image-server/257x257/filters:fill(FFF,true):format(jpg)/d1s8987jlndkbs.cloudfront.net/assets/missing-item-4bbe82b8555e4d1c12626fd482cb2409713e8e30835645ff3650ef66a725d03c.png,"
Grove Kosher Market,Grove Kosher Fresh Pas Yisroel Marble Challah,$8.09,,,20 oz,[],,"https://www.instacart.com/image-server/257x257/filters:fill(FFF,true):format(jpg)/d1s8987jlndkbs.cloudfront.net/assets/missing-item-4bbe82b8555e4d1c12626fd482cb2409713e8e30835645ff3650ef66a725d03c.png,"
Grove Kosher Market,Windmill Farms Sour Dough Spelt Bread,$7.49,,,16.4 oz,[],,"https://www.instacart.com/image-server/257x257/filters:fill(FFF,true):format(jpg)/d1s8987jlndkbs.cloudfront.net/assets/missing-item-4bbe82b8555e4d1c12626fd482cb2409713e8e30835645ff3650ef66a725d03c.png,"
Grove Kosher Market,Paskesz Candy Company Lightly Salted Whole Grain Multigrain Rounds,$2.69,,,3.5 oz,[],,"https://www.instacart.com/image-server/257x257/filters:fill(FFF,true):format(jpg)/d1s8987jlndkbs.cloudfront.net/assets/missing-item-4bbe82b8555e4d1c12626fd482cb2409713e8e30835645ff3650ef66a725d03c.png,"
Grove Kosher Market,La Bri Osh WW La Brioche Crustless Bread,$9.19,,,1 each,[],,"https://www.instacart.com/image-server/257x257/filters:fill(FFF,true):format(jpg)/d1s8987jlndkbs.cloudfront.net/assets/missing-item-4bbe82b8555e4d1c12626fd482cb2409713e8e30835645ff3650ef66a725d03c.png,"
Grove Kosher Market,Grove Pumpernickel Rye Bread,$4.59,,,16 oz,[],,"https://www.instacart.com/image-server/257x257/filters:fill(FFF,true):format(jpg)/d1s8987jlndkbs.cloudfront.net/assets/missing-item-4bbe82b8555e4d1c12626fd482cb2409713e8e30835645ff3650ef66a725d03c.png,"
Grove Kosher Market,Shibolim Eatsane Rustic Bread,$17.69,,,15.8 oz,[],,"https://www.instacart.com/image-server/257x257/filters:fill(FFF,true):format(jpg)/d1s8987jlndkbs.cloudfront.net/assets/missing-item-4bbe82b8555e4d1c12626fd482cb2409713e8e30835645ff3650ef66a725d03c.png,"
Grove Kosher Market,Grove Seeded Rye Bread,$5.79,,,16 oz,[],,"https://www.instacart.com/image-server/257x257/filters:fill(FFF,true):format(jpg)/d1s8987jlndkbs.cloudfront.net/assets/missing-item-4bbe82b8555e4d1c12626fd482cb2409713e8e30835645ff3650ef66a725d03c.png,"
Grove Kosher Market,Stern's Rye Bread,$8.09,,,32 oz,[],,"https://www.instacart.com/image-server/257x257/filters:fill(FFF,true):format(jpg)/d2lnr5mha7bycj.cloudfront.net/product-image/file/large_72c9b1cd-92d4-4df1-ad72-49dfb7a7dd21.jpg,"
Grove Kosher Market,"Katz Bread, White, Gluten Free",$9.99,,,21 oz,['Gluten-Free'],,"https://www.instacart.com/image-server/257x257/filters:fill(FFF,true):format(jpg)/d2lnr5mha7bycj.cloudfront.net/product-image/file/large_7bb0c565-3422-4d4d-bd43-da83635b3f27.jpg,"
Grove Kosher Market,Shufra Car Cream & Breadsticks,$1.39,,,40 g,[],,"https://www.instacart.com/image-server/257x257/filters:fill(FFF,true):format(jpg)/d1s8987jlndkbs.cloudfront.net/assets/missing-item-4bbe82b8555e4d1c12626fd482cb2409713e8e30835645ff3650ef66a725d03c.png,"
Grove Kosher Market,Grove Fresh Mini Challah Roll,$5.79,,,,[],,"https://www.instacart.com/image-server/257x257/filters:fill(FFF,true):format(jpg)/d1s8987jlndkbs.cloudfront.net/assets/missing-item-4bbe82b8555e4d1c12626fd482cb2409713e8e30835645ff3650ef66a725d03c.png,"
Grove Kosher Market,Prima Challah Topping,$4.59,,,8 oz,[],,"https://www.instacart.com/image-server/257x257/filters:fill(FFF,true):format(jpg)/d1s8987jlndkbs.cloudfront.net/assets/missing-item-4bbe82b8555e4d1c12626fd482cb2409713e8e30835645ff3650ef66a725d03c.png,"
Grove Kosher Market,La Bri Osh Sliced French Brioche Bread,$14.19,,,,[],,"https://www.instacart.com/image-server/257x257/filters:fill(FFF,true):format(jpg)/d2lnr5mha7bycj.cloudfront.net/product-image/file/large_a7be6ceb-5c54-4800-8611-36c5a3aa3d32.jpg,"
Grove Kosher Market,Food for Life 7 Sprouted Grains Bread,$10.39,,,24 oz,"['Organic', 'Vegan']",,"https://www.instacart.com/image-server/257x257/filters:fill(FFF,true):format(jpg)/d2lnr5mha7bycj.cloudfront.net/product-image/file/large_44e72704-d216-466e-b95a-3afedab6f934.jpg,"
Grove Kosher Market,Katz Oat Bread Sliced,$10.39,,,21 oz,[],,"https://www.instacart.com/image-server/257x257/filters:fill(FFF,true):format(jpg)/d1s8987jlndkbs.cloudfront.net/assets/missing-item-4bbe82b8555e4d1c12626fd482cb2409713e8e30835645ff3650ef66a725d03c.png,"
