Store,Item Name,Price,Units,Unit Price,Amount,Tags,In Stock,Image
Aldi,Bananas,$0.16,each (est.),$0.49 / lb,About 0.33 lb each,[],,"https://www.instacart.com/image-server/257x257/filters:fill(FFF,true):format(jpg)/d2lnr5mha7bycj.cloudfront.net/product-image/file/large_e86a7d99-50c9-4c6d-9422-cda91faf2618.jpg,"
Aldi,"Strawberries, Package",$2.99,,,1 lb,[],,"https://www.instacart.com/image-server/257x257/filters:fill(FFF,true):format(jpg)/d2lnr5mha7bycj.cloudfront.net/product-image/file/large_dae3c8b7-f2dc-45a1-95c8-d83a5c147b6e.jpg,"
Aldi,Blueberries Package,$3.19,,,1 pint container,[],Many in stock,"https://www.instacart.com/image-server/257x257/filters:fill(FFF,true):format(jpg)/d2lnr5mha7bycj.cloudfront.net/product-image/file/large_e1fb32d6-26b5-42bd-a77d-65644dae5e38.jpg,"
Aldi,"Mandarins, Bag",$3.95,,,3 lb,[],Many in stock,"https://www.instacart.com/image-server/257x257/filters:fill(FFF,true):format(jpg)/d2lnr5mha7bycj.cloudfront.net/product-image/file/large_3a5265d4-7382-4e23-880e-9111f452243e.jpg,"
Aldi,Avocado,$0.65,,,1 each,[],,"https://www.instacart.com/image-server/257x257/filters:fill(FFF,true):format(jpg)/d2lnr5mha7bycj.cloudfront.net/product-image/file/large_97eaa0b2-0e46-45b3-8ab7-539b0e02a514.jpg,"
Aldi,Raspberries Package,$2.75,,,6 oz Container,[],Many in stock,"https://www.instacart.com/image-server/257x257/filters:fill(FFF,true):format(jpg)/d2lnr5mha7bycj.cloudfront.net/product-image/file/large_52b9f93d-be02-4f41-85c1-af415f3411ba.jpg,"
Aldi,"Mission Mini Avocados, Bag",$2.55,,,6 ct,[],,"https://www.instacart.com/image-server/257x257/filters:fill(FFF,true):format(jpg)/d2lnr5mha7bycj.cloudfront.net/product-image/file/large_aeec6904-d31a-4827-a1a3-ad8640affef2.jpg,"
Aldi,Lemons,$3.85,,,2 lb bag,[],Many in stock,"https://www.instacart.com/image-server/257x257/filters:fill(FFF,true):format(jpg)/d2lnr5mha7bycj.cloudfront.net/product-image/file/large_6ca251e5-109b-43c2-9bdf-772a7abffdc3.jpg,"
Aldi,Red Grapes,$4.93,/pkg (est.),$2.19 / lb,About 2.25 lb / package,[],,"https://www.instacart.com/image-server/257x257/filters:fill(FFF,true):format(jpg)/d2lnr5mha7bycj.cloudfront.net/product-image/file/large_df21f925-4691-4f9d-97a6-040b0dd79be9.jpg,"
Aldi,Blackberries,$2.19,,,6 oz container,[],Many in stock,"https://www.instacart.com/image-server/257x257/filters:fill(FFF,true):format(jpg)/d2lnr5mha7bycj.cloudfront.net/product-image/file/large_637ad2dd-fc56-4eb6-bbb1-fad36d8d22b5.jpg,"
Aldi,"Honeycrisp Apples, Bag",$3.29,,,2 lb,[],Many in stock,"https://www.instacart.com/image-server/257x257/filters:fill(FFF,true):format(jpg)/d2lnr5mha7bycj.cloudfront.net/product-image/file/large_c159aee7-063d-4fc6-9770-027a41a2ecc5.jpg,"
Aldi,"Limes, Bag",$2.65,,,1 lb,[],Many in stock,"https://www.instacart.com/image-server/257x257/filters:fill(FFF,true):format(jpg)/d2lnr5mha7bycj.cloudfront.net/product-image/file/large_f407f4f6-fc18-4b16-9bc4-48ffc1750cf9.jpg,"
Aldi,Organic Bananas,$0.25,each (est.),$0.75 / lb,About 0.33 lb each,['Organic'],,"https://www.instacart.com/image-server/257x257/filters:fill(FFF,true):format(jpg)/d2lnr5mha7bycj.cloudfront.net/product-image/file/large_fda8c08e-6870-4b50-9835-d9f800d60800.jpg,"
Aldi,Pineapple,$2.19,,,1 ct,[],,"https://www.instacart.com/image-server/257x257/filters:fill(FFF,true):format(jpg)/d2lnr5mha7bycj.cloudfront.net/product-image/file/large_e06da388-57de-4e8e-a589-2fbc1c372f6d.jpg,"
Aldi,Gala Apple Bag,$3.29,,,3 lb bag,[],,"https://www.instacart.com/image-server/257x257/filters:fill(FFF,true):format(jpg)/d2lnr5mha7bycj.cloudfront.net/product-image/file/large_6dbf93f9-1a50-4936-a576-11d6532cf3e1.jpg,"
Aldi,Organic Avocado Bag,$3.19,,,4 count bag,['Organic'],,"https://www.instacart.com/image-server/257x257/filters:fill(FFF,true):format(jpg)/d2lnr5mha7bycj.cloudfront.net/product-image/file/large_892d4d83-6407-4323-b1e2-ea294848796c.JPG,"
Aldi,"Cotton Candy Grapes, Package",$4.75,,,1 lb,[],,"https://www.instacart.com/image-server/257x257/filters:fill(FFF,true):format(jpg)/d2lnr5mha7bycj.cloudfront.net/product-image/file/large_b225a547-6601-4a49-8e28-0cb3efc5aa7f.jpg,"
Aldi,Cantaloupe,$2.75,,,1 each,[],,"https://www.instacart.com/image-server/257x257/filters:fill(FFF,true):format(jpg)/d2lnr5mha7bycj.cloudfront.net/product-image/file/large_f4a2554b-a8e6-4fd9-a9cc-40960a5a4dae.jpg,"
Aldi,Organic Strawberries Package,$4.95,,,1 lb container,['Organic'],,"https://www.instacart.com/image-server/257x257/filters:fill(FFF,true):format(jpg)/d2lnr5mha7bycj.cloudfront.net/product-image/file/large_bb3ffd84-5952-4a7b-af83-1dc1c3d14238.jpg,"
Aldi,Honeycrisp Apple,$5.67,each (est.),$1.89 / lb,About 3.0 lb each,[],,"https://www.instacart.com/image-server/257x257/filters:fill(FFF,true):format(jpg)/d2lnr5mha7bycj.cloudfront.net/product-image/file/large_eb1142eb-18dd-4abd-9462-b51330880a2c.jpg,"
Aldi,"Organic Farms Organic Blueberries, Package",$3.65,,,6 oz,['Organic'],,"https://www.instacart.com/image-server/257x257/filters:fill(FFF,true):format(jpg)/d2lnr5mha7bycj.cloudfront.net/product-image/file/large_e4cb0c7a-92e1-4ea9-8a3b-c2216b013ed1.jpg,"
Aldi,"Red Cherries, Bag",$4.24,each (est.),$3.85 / lb,About 1.1 lb each,[],,"https://www.instacart.com/image-server/257x257/filters:fill(FFF,true):format(jpg)/d2lnr5mha7bycj.cloudfront.net/product-image/file/large_c1b87bbe-827d-4dbd-930f-6b2a4e576a6b.jpg,"
Aldi,"Cara Cara Oranges, Bag",$3.85,,,3 lb,[],Many in stock,"https://www.instacart.com/image-server/257x257/filters:fill(FFF,true):format(jpg)/d2lnr5mha7bycj.cloudfront.net/product-image/file/large_566607f3-1c60-41b3-9429-6af84e2eb2ea.jpg,"
Aldi,Green Grapes,$4.93,/pkg (est.),$2.19 / lb,About 2.25 lb / package,[],,"https://www.instacart.com/image-server/257x257/filters:fill(FFF,true):format(jpg)/d2lnr5mha7bycj.cloudfront.net/product-image/file/large_9fc08a5e-767f-4e46-a027-b1cf613dc323.jpg,"
Aldi,Driscoll's Rainbow Pack Berries,$4.95,,,7 oz,[],,"https://www.instacart.com/image-server/257x257/filters:fill(FFF,true):format(jpg)/d2lnr5mha7bycj.cloudfront.net/product-image/file/large_d9fc3a4e-b7d0-47dd-aaf9-d0adc79752cd.jpg,"
Aldi,"Sugar Crisp Grapes, Bag (Limit 6)",$6.59,,,2 lb,[],,"https://www.instacart.com/image-server/257x257/filters:fill(FFF,true):format(jpg)/d2lnr5mha7bycj.cloudfront.net/product-image/file/large_ab4e1bfa-768e-4b0a-a4f1-0f99aa4d99ea.jpg,"
Aldi,"Bartlett Pears, Bag",$4.39,,,3 lb,[],,"https://www.instacart.com/image-server/257x257/filters:fill(FFF,true):format(jpg)/d2lnr5mha7bycj.cloudfront.net/product-image/file/large_fcf94c41-7933-4483-bdf2-770a985b1268.jpg,"
Aldi,Green Kiwi Package,$4.75,,,2 lb container,[],,"https://www.instacart.com/image-server/257x257/filters:fill(FFF,true):format(jpg)/d2lnr5mha7bycj.cloudfront.net/product-image/file/large_3bf3148a-8927-4bc4-a16a-38e9aa3312f5.jpg,"
Aldi,Envy Apple,$1.42,each (est.),$1.89 / lb,About 0.75 lb each,[],,"https://www.instacart.com/image-server/257x257/filters:fill(FFF,true):format(jpg)/d2lnr5mha7bycj.cloudfront.net/product-image/file/large_17a6528f-3e5b-44e8-8ce1-297f3fa78085.jpg,"
Aldi,Sunkist Navel Oranges,$4.95,,,3 lb,[],,"https://www.instacart.com/image-server/257x257/filters:fill(FFF,true):format(jpg)/d2lnr5mha7bycj.cloudfront.net/product-image/file/large_b3dca2b5-e275-4b58-8593-118849fd2535.png,"
Aldi,Simply Nature Organic Strawberries,$6.59,,,24 oz,['Organic'],,"https://www.instacart.com/image-server/257x257/filters:fill(FFF,true):format(jpg)/d1s8987jlndkbs.cloudfront.net/assets/missing-item-4bbe82b8555e4d1c12626fd482cb2409713e8e30835645ff3650ef66a725d03c.png,"
Aldi,Cosmic Crisp Premium Apples,$3.85,,,2 lb bag,[],,"https://www.instacart.com/image-server/257x257/filters:fill(FFF,true):format(jpg)/d2lnr5mha7bycj.cloudfront.net/product-image/file/large_d68767ea-1863-440c-87fc-872260a92bce.jpg,"
Aldi,Pink Lady (Cripps) Apple Bag,$3.19,,,3 lb bag,[],,"https://www.instacart.com/image-server/257x257/filters:fill(FFF,true):format(jpg)/d2lnr5mha7bycj.cloudfront.net/product-image/file/large_a8d53b92-0250-4c76-9fb6-089c3804a869.jpg,"
Aldi,Fuji Apple Bag,$3.65,,,3 lb bag,[],Many in stock,"https://www.instacart.com/image-server/257x257/filters:fill(FFF,true):format(jpg)/d2lnr5mha7bycj.cloudfront.net/product-image/file/large_9fc2e655-41a4-4da0-9e5f-153fd118a854.jpg,"
Aldi,Stemilt Apples in Bag,$4.95,,,3 lb,[],,"https://www.instacart.com/image-server/257x257/filters:fill(FFF,true):format(jpg)/d2lnr5mha7bycj.cloudfront.net/product-image/file/large_56b86e7f-34a0-4439-b8a3-0c47c2325ea6.jpg,"
Aldi,Lemon Yuzu,$1.99,,,3.6 oz,[],,"https://www.instacart.com/image-server/257x257/filters:fill(FFF,true):format(jpg)/d1s8987jlndkbs.cloudfront.net/assets/missing-item-4bbe82b8555e4d1c12626fd482cb2409713e8e30835645ff3650ef66a725d03c.png,"
Aldi,Mango,$1.99,,,1 each,[],,"https://www.instacart.com/image-server/257x257/filters:fill(FFF,true):format(jpg)/d2lnr5mha7bycj.cloudfront.net/product-image/file/large_c02311a1-643f-4019-9305-468fc11adc78.jpg,"
Aldi,"Organic Pears, Bag",$4.39,,,2 lb,[],,"https://www.instacart.com/image-server/257x257/filters:fill(FFF,true):format(jpg)/d2lnr5mha7bycj.cloudfront.net/product-image/file/large_a90ade67-0677-4a88-8283-c0e4b1ec321e.jpg,"
Aldi,Organic Gala Apple Bag,$4.95,,,3 lb bag,['Organic'],,"https://www.instacart.com/image-server/257x257/filters:fill(FFF,true):format(jpg)/d2lnr5mha7bycj.cloudfront.net/product-image/file/large_6b57cc78-0ed8-447c-ae60-bc69c0eb783c.jpg,"
Aldi,Red Delicious Apple Bag,$3.29,,,3 lb bag,[],Many in stock,"https://www.instacart.com/image-server/257x257/filters:fill(FFF,true):format(jpg)/d2lnr5mha7bycj.cloudfront.net/product-image/file/large_bd2f2d2d-da18-4c32-b0d0-e0804065783d.jpg,"
Aldi,Cucumber,$0.85,,,1 each,[],Many in stock,"https://www.instacart.com/image-server/257x257/filters:fill(FFF,true):format(jpg)/d2lnr5mha7bycj.cloudfront.net/product-image/file/large_e05c465a-7ad0-455b-bff8-7587c3aa7de8.jpg,"
Aldi,Baby Peeled Carrots,$1.45,,,16 oz,[],,"https://www.instacart.com/image-server/257x257/filters:fill(FFF,true):format(jpg)/d2lnr5mha7bycj.cloudfront.net/product-image/file/large_f88b9ef7-6844-41ab-8d9e-a6a26bcf973f.jpg,"
Aldi,Yellow Onion Bag,$2.55,,,3 lb bag,[],Many in stock,"https://www.instacart.com/image-server/257x257/filters:fill(FFF,true):format(jpg)/d2lnr5mha7bycj.cloudfront.net/product-image/file/large_90ba0180-67c0-4ab0-99e1-acf368606254.jpg,"
Aldi,Farmer's Promise Yellow Potatoes,$3.85,,,5 lb,[],,"https://www.instacart.com/image-server/257x257/filters:fill(FFF,true):format(jpg)/d2lnr5mha7bycj.cloudfront.net/product-image/file/large_8f7b3be4-1e9b-4c93-bc33-a5aaffce66e7.jpg,"
Aldi,"Multi-Colored Peppers, Package",$2.99,,,3 ct,[],,"https://www.instacart.com/image-server/257x257/filters:fill(FFF,true):format(jpg)/d2lnr5mha7bycj.cloudfront.net/product-image/file/large_4544b625-fca5-40c2-8499-f28cdbcf16fd.jpg,"
Aldi,Roma Tomatoes,$0.19,each (est.),$0.89 / lb,About 0.22 lb each,[],,"https://www.instacart.com/image-server/257x257/filters:fill(FFF,true):format(jpg)/d2lnr5mha7bycj.cloudfront.net/product-image/file/large_71fd3d29-42b0-4073-b8ec-c3aa47256462.jpg,"
Aldi,Little Salad Bar Spinach Flat Leaf,$1.65,,,8 oz bag,[],,"https://www.instacart.com/image-server/257x257/filters:fill(FFF,true):format(jpg)/d2lnr5mha7bycj.cloudfront.net/product-image/file/large_7b89258b-303e-4814-9423-6eed38db2305.jpg,"
Aldi,Farmer's Promise Russet Potatoes,$3.85,,,5 lb,[],,"https://www.instacart.com/image-server/257x257/filters:fill(FFF,true):format(jpg)/d2lnr5mha7bycj.cloudfront.net/product-image/file/large_ff012dbb-cacb-4c13-bccf-a5bb1b968f56.jpg,"
Aldi,Iceberg Lettuce,$1.85,,,1 each,[],Many in stock,"https://www.instacart.com/image-server/257x257/filters:fill(FFF,true):format(jpg)/d2lnr5mha7bycj.cloudfront.net/product-image/file/large_5fc53b45-8f3e-4929-b53c-4eb66437cb01.jpg,"
Aldi,Little Salad Bar Shredded Lettuce,$2.09,,,8 oz,[],,"https://www.instacart.com/image-server/257x257/filters:fill(FFF,true):format(jpg)/d2lnr5mha7bycj.cloudfront.net/product-image/file/large_827aae14-c752-43d8-8b22-62ccd5556826.jpg,"
Aldi,Broccoli Crowns,$1.65,each (est.),$1.65 / lb,About 1.0 lb each,[],,"https://www.instacart.com/image-server/257x257/filters:fill(FFF,true):format(jpg)/d2lnr5mha7bycj.cloudfront.net/product-image/file/large_0ecedf2d-0cc2-44fc-b218-2ce5259ccae4.jpg,"
Aldi,Tasteful Selections Bag of Potato Medley,$3.65,,,24 oz,[],,"https://www.instacart.com/image-server/257x257/filters:fill(FFF,true):format(jpg)/d2lnr5mha7bycj.cloudfront.net/product-image/file/large_d5d78c0e-b241-40da-ba8c-a2f8b8d12a2f.jpg,"
Aldi,"Mini Cucumbers, Package",$1.95,,,1 lb,[],,"https://www.instacart.com/image-server/257x257/filters:fill(FFF,true):format(jpg)/d2lnr5mha7bycj.cloudfront.net/product-image/file/large_aa27c508-f58d-4269-8603-9ca729ef5749.jpg,"
Aldi,Celery Package,$1.55,,,1 lb container,[],Many in stock,"https://www.instacart.com/image-server/257x257/filters:fill(FFF,true):format(jpg)/d2lnr5mha7bycj.cloudfront.net/product-image/file/large_cfbbf4a6-d3ee-4c3a-abcf-98c787114763.jpg,"
Aldi,English Seedless Cucumber,$1.05,,,1 ct,[],Many in stock,"https://www.instacart.com/image-server/257x257/filters:fill(FFF,true):format(jpg)/d2lnr5mha7bycj.cloudfront.net/product-image/file/large_b38cb0e2-776f-47c2-bfbb-858b6422edce.jpg,"
Aldi,Green Bell Pepper,$2.19,,,3 count bag,[],,"https://www.instacart.com/image-server/257x257/filters:fill(FFF,true):format(jpg)/d2lnr5mha7bycj.cloudfront.net/product-image/file/large_4bf258e5-0fe5-41f3-bffa-5e4f4085b3d0.jpg,"
Aldi,Romaine Lettuce Hearts,$2.99,,,3 count bag,[],Many in stock,"https://www.instacart.com/image-server/257x257/filters:fill(FFF,true):format(jpg)/d2lnr5mha7bycj.cloudfront.net/product-image/file/large_4c0d594a-3496-4e1c-ba85-bbffb340904c.jpg,"
Aldi,Red Onion Bag,$2.35,,,2 lb bag,[],Many in stock,"https://www.instacart.com/image-server/257x257/filters:fill(FFF,true):format(jpg)/d2lnr5mha7bycj.cloudfront.net/product-image/file/large_5ee6c486-2962-48ba-9d4d-04e0b78b8772.jpg,"
Aldi,Cilantro,$1.05,,,1 ct,[],,"https://www.instacart.com/image-server/257x257/filters:fill(FFF,true):format(jpg)/d2lnr5mha7bycj.cloudfront.net/product-image/file/large_78e25ff9-acc9-454a-966e-94df06bfb5b8.jpg,"
Aldi,Green Onions (Scallions),$0.95,,,5.5 oz,[],,"https://www.instacart.com/image-server/257x257/filters:fill(FFF,true):format(jpg)/d2lnr5mha7bycj.cloudfront.net/product-image/file/large_4e369aef-6745-4912-ba4e-1b06c5f2f3b4.jpg,"
Aldi,"Monterey Mushrooms White Mushrooms, Sliced",$1.75,,,8 oz container,[],,"https://www.instacart.com/image-server/257x257/filters:fill(FFF,true):format(jpg)/d2lnr5mha7bycj.cloudfront.net/product-image/file/large_91f68a9f-c9c7-476f-9a1f-58ff043bc5a8.jpg,"
Aldi,Peeled Organic Baby Carrots Bag,$1.65,,,16 oz,[],,"https://www.instacart.com/image-server/257x257/filters:fill(FFF,true):format(jpg)/d2lnr5mha7bycj.cloudfront.net/product-image/file/large_a66a28fb-3164-4770-928a-bf917537902d.jpg,"
Aldi,Zucchini Squash,$2.18,each (est.),$1.45 / lb,About 1.5 lb each,[],,"https://www.instacart.com/image-server/257x257/filters:fill(FFF,true):format(jpg)/d2lnr5mha7bycj.cloudfront.net/product-image/file/large_d057f919-c925-4b06-865a-3bc079d51839.jpg,"
Aldi,Sweet Potato Bag,$2.55,,,3 lb bag,[],,"https://www.instacart.com/image-server/257x257/filters:fill(FFF,true):format(jpg)/d2lnr5mha7bycj.cloudfront.net/product-image/file/large_aa885e7f-92fe-4e48-b101-0448b199694d.jpg,"
Aldi,Whole Carrots,$1.65,,,2 lb,[],Many in stock,"https://www.instacart.com/image-server/257x257/filters:fill(FFF,true):format(jpg)/d2lnr5mha7bycj.cloudfront.net/product-image/file/large_38dc13f4-bd40-4ba4-82ef-44419286e53c.jpg,"
Aldi,Russet Potato Bag,$4.39,,,10 lb bag,[],Many in stock,"https://www.instacart.com/image-server/257x257/filters:fill(FFF,true):format(jpg)/d2lnr5mha7bycj.cloudfront.net/product-image/file/large_ca7ccab6-b859-4d4b-9bff-76c6725cdfdb.jpg,"
Aldi,"Brussels Sprouts, Package",$2.55,,,1 lb,[],Many in stock,"https://www.instacart.com/image-server/257x257/filters:fill(FFF,true):format(jpg)/d2lnr5mha7bycj.cloudfront.net/product-image/file/large_6e5ea46a-15aa-48af-b544-31de90856c5f.jpg,"
Aldi,Grape Tomatoes,$2.45,,,10.5 oz,[],,"https://www.instacart.com/image-server/257x257/filters:fill(FFF,true):format(jpg)/d2lnr5mha7bycj.cloudfront.net/product-image/file/large_19b7b2c8-857a-4855-bd35-56e0b1e7f9c6.jpg,"
Aldi,Crimini (Brown) Mushroom Package,$1.89,,,8 oz container,[],Many in stock,"https://www.instacart.com/image-server/257x257/filters:fill(FFF,true):format(jpg)/d2lnr5mha7bycj.cloudfront.net/product-image/file/large_08e97643-d81b-4bb8-b9a6-5ce8a4d1d2e8.jpg,"
Aldi,Tasteful Selections Bag of Potato Medley,$3.65,,,24 oz,[],,"https://www.instacart.com/image-server/257x257/filters:fill(FFF,true):format(jpg)/d2lnr5mha7bycj.cloudfront.net/product-image/file/large_d5d78c0e-b241-40da-ba8c-a2f8b8d12a2f.jpg,"
Aldi,Stonemill Minced Garlic in Water,$2.55,,,8 oz,[],Many in stock,"https://www.instacart.com/image-server/257x257/filters:fill(FFF,true):format(jpg)/d2lnr5mha7bycj.cloudfront.net/product-image/file/large_5b1277e3-cd10-4b21-97f8-97acf6a921c1.jpg,"
Aldi,Farmer's Promise Yellow Potatoes,$3.85,,,5 lb,[],,"https://www.instacart.com/image-server/257x257/filters:fill(FFF,true):format(jpg)/d2lnr5mha7bycj.cloudfront.net/product-image/file/large_8f7b3be4-1e9b-4c93-bc33-a5aaffce66e7.jpg,"
Aldi,Garlic,$2.19,,,3 count bag,[],Many in stock,"https://www.instacart.com/image-server/257x257/filters:fill(FFF,true):format(jpg)/d2lnr5mha7bycj.cloudfront.net/product-image/file/large_d4213068-0777-40de-be31-cf33b7decf48.jpg,"
Aldi,Premium Sweet Onions,$2.55,,,2 lb,[],,"https://www.instacart.com/image-server/257x257/filters:fill(FFF,true):format(jpg)/d2lnr5mha7bycj.cloudfront.net/product-image/file/large_27d19301-ba9a-46c8-8e5f-889e2e74405f.jpg,"
Aldi,"Mini Sweet Peppers, Package",$3.55,,,1 lb,[],,"https://www.instacart.com/image-server/257x257/filters:fill(FFF,true):format(jpg)/d2lnr5mha7bycj.cloudfront.net/product-image/file/large_555bdcaa-beaf-483c-9eee-468b4211c982.jpg,"
Aldi,Cabbage,$2.25,each (est.),$0.75 / lb,About 3.0 lb each,[],,"https://www.instacart.com/image-server/257x257/filters:fill(FFF,true):format(jpg)/d2lnr5mha7bycj.cloudfront.net/product-image/file/large_9b543a0d-9d86-48fa-8e76-4bc4f954f62a.jpg,"
Aldi,Sunset Tomatoes-On-The-Vine,$2.85,,,5 ct,[],Many in stock,"https://www.instacart.com/image-server/257x257/filters:fill(FFF,true):format(jpg)/d2lnr5mha7bycj.cloudfront.net/product-image/file/large_f7ad4382-e31a-4042-935e-2a0cbd47c298.jpg,"
Aldi,"Beefsteak Tomatoes, Package",$2.65,,,16 oz,[],,"https://www.instacart.com/image-server/257x257/filters:fill(FFF,true):format(jpg)/d2lnr5mha7bycj.cloudfront.net/product-image/file/large_b7a913e6-149c-4d6e-836f-00875e28a913.jpg,"
Aldi,Jalapeno Pepper Package,$0.99,,,8 oz container,[],,"https://www.instacart.com/image-server/257x257/filters:fill(FFF,true):format(jpg)/d2lnr5mha7bycj.cloudfront.net/product-image/file/large_fdc898fd-5ceb-44d2-baed-a356ce8addec.jpg,"
Aldi,"Organic Yellow Potatoes, Bag",$3.85,,,24 oz,['Organic'],,"https://www.instacart.com/image-server/257x257/filters:fill(FFF,true):format(jpg)/d2lnr5mha7bycj.cloudfront.net/product-image/file/large_a253f9a2-16ab-4aeb-9f00-b33c99c12c56.jpg,"
Aldi,NatureSweet Cherubs Heavenly Salad Tomatoes,$2.99,,,10 oz,[],,"https://www.instacart.com/image-server/257x257/filters:fill(FFF,true):format(jpg)/d2lnr5mha7bycj.cloudfront.net/product-image/file/large_675e0375-046e-4a75-8fd9-b8111e492878.jpg,"
Aldi,White Mushroom,$1.65,,,8 oz container,[],,"https://www.instacart.com/image-server/257x257/filters:fill(FFF,true):format(jpg)/d2lnr5mha7bycj.cloudfront.net/product-image/file/large_5cc68e3c-bd10-4eb1-9ec7-9bf0917b4e89.jpg,"
Aldi,Season's Choice Extra Fine Green Beans,$2.45,,,16 oz,[],,"https://www.instacart.com/image-server/257x257/filters:fill(FFF,true):format(jpg)/d2lnr5mha7bycj.cloudfront.net/product-image/file/large_7d0fc4e7-3928-4e21-92ee-8aa3e6b9995c.jpg,"
Aldi,Goldhen Grade A Large Eggs,$2.15,,,12 oz,[],Many in stock,"https://www.instacart.com/image-server/257x257/filters:fill(FFF,true):format(jpg)/d2lnr5mha7bycj.cloudfront.net/product-image/file/large_3e645361-d924-4485-91dc-d882ec45e3e2.jpg,"
Aldi,Bananas,$0.16,each (est.),$0.49 / lb,About 0.33 lb each,[],,"https://www.instacart.com/image-server/257x257/filters:fill(FFF,true):format(jpg)/d2lnr5mha7bycj.cloudfront.net/product-image/file/large_e86a7d99-50c9-4c6d-9422-cda91faf2618.jpg,"
Aldi,"Multi-Colored Peppers, Package",$2.99,,,3 ct,[],,"https://www.instacart.com/image-server/257x257/filters:fill(FFF,true):format(jpg)/d2lnr5mha7bycj.cloudfront.net/product-image/file/large_4544b625-fca5-40c2-8499-f28cdbcf16fd.jpg,"
Aldi,PurAqua Purified Water,$3.65,,,24 x 16.9 fl oz,[],,"https://www.instacart.com/image-server/257x257/filters:fill(FFF,true):format(jpg)/d2lnr5mha7bycj.cloudfront.net/product-image/file/large_82f87928-91af-4fe6-a44d-579aa13d78a1.jpg,"
Aldi,Happy Farms String Cheese,$2.85,,,12 oz,[],Many in stock,"https://www.instacart.com/image-server/257x257/filters:fill(FFF,true):format(jpg)/d2lnr5mha7bycj.cloudfront.net/product-image/file/large_396d0fd7-6d75-4daf-b2a4-02986a490a04.jpg,"
Aldi,Friendly Farms Whole Milk,$2.89,,,1 gal,[],Many in stock,"https://www.instacart.com/image-server/257x257/filters:fill(FFF,true):format(jpg)/d2lnr5mha7bycj.cloudfront.net/product-image/file/large_1dffbc49-4d36-470e-986c-eb200db575d7.jpg,"
Aldi,Countryside Creamery Salted Butter Quarters,$4.09,,,16 oz,[],Many in stock,"https://www.instacart.com/image-server/257x257/filters:fill(FFF,true):format(jpg)/d2lnr5mha7bycj.cloudfront.net/product-image/file/large_3d4ff341-9fff-4831-884b-e5e9e73acece.jpg,"
Aldi,Friendly Farms Sour Cream,$1.89,,,16 oz,[],Many in stock,"https://www.instacart.com/image-server/257x257/filters:fill(FFF,true):format(jpg)/d2lnr5mha7bycj.cloudfront.net/product-image/file/large_0abbf7be-3bd5-45ad-93e0-f4eaf051cec9.jpg,"
Aldi,Kirkwood Fresh Family Pack Chicken Breasts,$12.45,/pkg (est.),$2.49 / lb,About 5.0 lb / package,[],,"https://www.instacart.com/image-server/257x257/filters:fill(FFF,true):format(jpg)/d2lnr5mha7bycj.cloudfront.net/product-image/file/large_6d1babd5-e7a4-4d33-8146-d4ddf5ff426a.jpg,"
Aldi,Happy Farms Cream Cheese,$1.65,,,8 oz,[],,"https://www.instacart.com/image-server/257x257/filters:fill(FFF,true):format(jpg)/d2lnr5mha7bycj.cloudfront.net/product-image/file/large_33c4bc21-183c-4033-ae51-6ae9e9cc9375.jpg,"
Aldi,L'oven Fresh White Bread,$1.45,,,20 oz,[],Many in stock,"https://www.instacart.com/image-server/257x257/filters:fill(FFF,true):format(jpg)/d2lnr5mha7bycj.cloudfront.net/product-image/file/large_9bd5df59-77f2-4804-8579-b45611cfdf4a.jpg,"
Aldi,Season's Choice Steamable Broccoli Florets,$1.25,,,12 oz,[],,"https://www.instacart.com/image-server/257x257/filters:fill(FFF,true):format(jpg)/d2lnr5mha7bycj.cloudfront.net/product-image/file/large_e167cb4c-3eb2-46fb-8d3a-61652384b242.jpg,"
Aldi,"Maruchan Ramen Noodle Soup, Chicken Flavor, 12 Pack",$3.85,,,12 x 3 oz,[],Many in stock,"https://www.instacart.com/image-server/257x257/filters:fill(FFF,true):format(jpg)/d2lnr5mha7bycj.cloudfront.net/product-image/file/large_cbcc41cd-4904-4478-854f-5c51017b3c8e.jpg,"
Aldi,Kirkwood Chicken Breast Nuggets,$5.65,,,29 oz,[],Many in stock,"https://www.instacart.com/image-server/257x257/filters:fill(FFF,true):format(jpg)/d2lnr5mha7bycj.cloudfront.net/product-image/file/large_82eba5a8-7977-4cf5-aecd-f655242da259.jpg,"
Aldi,Appleton Farms Premium Sliced Bacon,$4.69,,,16 oz,[],,"https://www.instacart.com/image-server/257x257/filters:fill(FFF,true):format(jpg)/d2lnr5mha7bycj.cloudfront.net/product-image/file/large_d42aa54a-05d6-4657-9c41-c7d3070334bf.jpg,"
Aldi,Breakfast Best Cinnamon French Toast Sticks,$3.29,,,16 oz,[],Many in stock,"https://www.instacart.com/image-server/257x257/filters:fill(FFF,true):format(jpg)/d2lnr5mha7bycj.cloudfront.net/product-image/file/large_135ffcd8-4247-4924-96ac-6bd40ba2bcd0.jpg,"
Aldi,Friendly Farms Heavy Whipping Cream,$5.19,,,32 fl oz,[],Many in stock,"https://www.instacart.com/image-server/257x257/filters:fill(FFF,true):format(jpg)/d2lnr5mha7bycj.cloudfront.net/product-image/file/large_0b7482d2-001e-42e8-998f-9ccb8954ac77.jpg,"
Aldi,Sea Queen Fresh Never Frozen Atlantic Salmon,$9.19,/pkg (est.),$9.19 / lb,About 1.0 lb / package,[],,"https://www.instacart.com/image-server/257x257/filters:fill(FFF,true):format(jpg)/d2lnr5mha7bycj.cloudfront.net/product-image/file/large_2da786d4-a453-429f-9811-38affb9d6de1.jpg,"
Aldi,Season's Choice Seasoned French Fries,$2.75,,,32 oz,[],,"https://www.instacart.com/image-server/257x257/filters:fill(FFF,true):format(jpg)/d2lnr5mha7bycj.cloudfront.net/product-image/file/large_c4e50270-53a1-4894-adc9-065f9a3e458b.jpg,"
Aldi,Burman's Ketchup,$2.05,,,38 oz,[],Many in stock,"https://www.instacart.com/image-server/257x257/filters:fill(FFF,true):format(jpg)/d2lnr5mha7bycj.cloudfront.net/product-image/file/large_d0065b54-7a48-459d-a5f1-ae08d65ba444.jpg,"
Aldi,L'oven Fresh Hamburger Buns,$1.45,,,11 oz,[],Many in stock,"https://www.instacart.com/image-server/257x257/filters:fill(FFF,true):format(jpg)/d2lnr5mha7bycj.cloudfront.net/product-image/file/large_a0ce76df-663b-4d6a-b5c4-4aa106b6849c.jpg,"
Aldi,Reggano Spaghetti,$2.09,,,32 oz,[],,"https://www.instacart.com/image-server/257x257/filters:fill(FFF,true):format(jpg)/d2lnr5mha7bycj.cloudfront.net/product-image/file/large_dfd16e14-09c8-4da5-b62a-5390e73113db.jpg,"
Aldi,L'oven Fresh Garlic Knots,$3.19,,,10.4 oz,[],,"https://www.instacart.com/image-server/257x257/filters:fill(FFF,true):format(jpg)/d2lnr5mha7bycj.cloudfront.net/product-image/file/large_d230d6d2-a743-4616-be47-6b49527e570f.jpg,"
Aldi,Nature's Nectar Premium Orange Juice Not From Concentrate No Pulp,$3.65,,,52 fl oz,[],Many in stock,"https://www.instacart.com/image-server/257x257/filters:fill(FFF,true):format(jpg)/d2lnr5mha7bycj.cloudfront.net/product-image/file/large_624c0c31-e341-4bfe-8fc4-6f9bf6cc00a8.jpg,"
Aldi,Cheese Club's Shells & Cheese,$1.49,,,12 oz,[],Many in stock,"https://www.instacart.com/image-server/257x257/filters:fill(FFF,true):format(jpg)/d2lnr5mha7bycj.cloudfront.net/product-image/file/large_e0ae2238-2ef0-43da-9d7d-5d8e0ce22513.jpg,"
Aldi,Baker's Corner 4 lb. Granulated Sugar,$3.45,,,4 lb,[],Many in stock,"https://www.instacart.com/image-server/257x257/filters:fill(FFF,true):format(jpg)/d2lnr5mha7bycj.cloudfront.net/product-image/file/large_d749991c-7839-427e-98e5-110ea4a4ddbd.jpg,"
Aldi,Happy Harvest Whole Kernel Corn,$0.69,,,15.25 oz,[],Many in stock,"https://www.instacart.com/image-server/257x257/filters:fill(FFF,true):format(jpg)/d2lnr5mha7bycj.cloudfront.net/product-image/file/large_fc277434-d241-428e-a103-a8a6e605687c.jpg,"
Aldi,Little Salad Bar Garden Salad,$1.99,,,12 oz,[],,"https://www.instacart.com/image-server/257x257/filters:fill(FFF,true):format(jpg)/d2lnr5mha7bycj.cloudfront.net/product-image/file/large_c0da4158-c406-44f0-94d5-42589650880e.jpg,"
Aldi,Clancy's Restaurant Style Tortilla Chips,$1.99,,,13 oz,['Vegan'],Many in stock,"https://www.instacart.com/image-server/257x257/filters:fill(FFF,true):format(jpg)/d2lnr5mha7bycj.cloudfront.net/product-image/file/large_ac22debb-2a8f-442b-a897-cc53ed489f33.jpg,"
Aldi,Countryside Creamery Half & Half,$2.85,,,32 fl oz,[],Many in stock,"https://www.instacart.com/image-server/257x257/filters:fill(FFF,true):format(jpg)/d2lnr5mha7bycj.cloudfront.net/product-image/file/large_cff081f1-e26f-4b5e-b58d-59ae66dfee84.jpg,"
Aldi,Clancy's Restaurant Style Tortilla Chips,$1.99,,,13 oz,['Vegan'],Many in stock,"https://www.instacart.com/image-server/257x257/filters:fill(FFF,true):format(jpg)/d2lnr5mha7bycj.cloudfront.net/product-image/file/large_ac22debb-2a8f-442b-a897-cc53ed489f33.jpg,"
Aldi,"Cheez-It Cheese Crackers, Baked Snack, Original",$2.75,,,7 oz,[],,"https://www.instacart.com/image-server/257x257/filters:fill(FFF,true):format(jpg)/d2lnr5mha7bycj.cloudfront.net/product-image/file/large_cf44a1e7-b197-4311-895b-aa5e3c6fbc2b.jpg,"
Aldi,Baker's Treat Peanut Butter Wafers,$2.05,,,12 oz,[],Many in stock,"https://www.instacart.com/image-server/257x257/filters:fill(FFF,true):format(jpg)/d2lnr5mha7bycj.cloudfront.net/product-image/file/large_b96f376e-c953-48e6-a1fa-2237b8972ba2.jpg,"
Aldi,"Chips Ahoy! Original Chocolate Chip Cookies, Party Size",$6.59,,,25 oz,[],Many in stock,"https://www.instacart.com/image-server/257x257/filters:fill(FFF,true):format(jpg)/d2lnr5mha7bycj.cloudfront.net/product-image/file/large_117bbd2c-f1c4-4d8b-9ba1-9dd4396f39ab.jpg,"
Aldi,Clancy's Wavy Potato Chips,$1.59,,,10 oz,"['Gluten-Free', 'Vegan']",Many in stock,"https://www.instacart.com/image-server/257x257/filters:fill(FFF,true):format(jpg)/d2lnr5mha7bycj.cloudfront.net/product-image/file/large_b602ef40-ce7d-4d47-bbe8-b4fc860c1f56.jpg,"
Aldi,Baker's Treat Glazed Honey Buns,$2.05,,,10.5 oz,[],Many in stock,"https://www.instacart.com/image-server/257x257/filters:fill(FFF,true):format(jpg)/d2lnr5mha7bycj.cloudfront.net/product-image/file/large_d7f68d17-09b3-4366-b361-de7f1ef9ffaf.jpg,"
Aldi,Frito Lay Flavor Mix,$10.89,,,18 ct,[],Many in stock,"https://www.instacart.com/image-server/257x257/filters:fill(FFF,true):format(jpg)/d2lnr5mha7bycj.cloudfront.net/product-image/file/large_1b6016f5-49d9-4feb-9df7-a78ad005fc16.jpg,"
Aldi,"Chips Ahoy! Chewy Chocolate Chip Cookies, Party Size",$6.59,,,26 oz,[],Many in stock,"https://www.instacart.com/image-server/257x257/filters:fill(FFF,true):format(jpg)/d2lnr5mha7bycj.cloudfront.net/product-image/file/large_c3d0bbd9-9883-4994-836f-d0a4558f4f09.jpg,"
Aldi,Clancy's Veggie Straws,$2.99,,,7 oz,"['Gluten-Free', 'Vegan']",,"https://www.instacart.com/image-server/257x257/filters:fill(FFF,true):format(jpg)/d2lnr5mha7bycj.cloudfront.net/product-image/file/large_6d77335e-ad12-451b-8d83-dd214bc0f588.jpg,"
Aldi,Clancy's Snack Combo,$7.95,,,18 ct,[],Many in stock,"https://www.instacart.com/image-server/257x257/filters:fill(FFF,true):format(jpg)/d2lnr5mha7bycj.cloudfront.net/product-image/file/large_61352ee9-d46f-4856-b0d2-cc18f7b5b3be.jpg,"
Aldi,Clancy's White Cheddar Cheese Popcorn,$2.65,,,8.5 oz,[],Many in stock,"https://www.instacart.com/image-server/257x257/filters:fill(FFF,true):format(jpg)/d2lnr5mha7bycj.cloudfront.net/product-image/file/large_b3880f0f-5dc3-4b19-8de2-165b0bb5c4f2.jpg,"
Aldi,Chomps Mini Original Turkey Sticks,$6.99,,,6 x 0.5 oz,"['Gluten-Free', 'Keto']",,"https://www.instacart.com/image-server/257x257/filters:fill(FFF,true):format(jpg)/d2lnr5mha7bycj.cloudfront.net/product-image/file/large_24521c84-f586-468d-9035-ce60777ac22b.JPG,"
Aldi,Savoritz Golden Rounds,$2.75,,,13.7 oz,[],Many in stock,"https://www.instacart.com/image-server/257x257/filters:fill(FFF,true):format(jpg)/d2lnr5mha7bycj.cloudfront.net/product-image/file/large_0f53972c-1423-4faa-ab0f-d988e359179a.jpg,"
Aldi,Savoritz Cheese Dip and Cracker Sticks,$1.95,,,5 oz,[],Many in stock,"https://www.instacart.com/image-server/257x257/filters:fill(FFF,true):format(jpg)/d2lnr5mha7bycj.cloudfront.net/product-image/file/large_70e37122-b35b-45a6-920b-b49207b026ab.jpg,"
Aldi,Savoritz Original Saltine Crackers,$1.65,,,16 oz,[],Many in stock,"https://www.instacart.com/image-server/257x257/filters:fill(FFF,true):format(jpg)/d2lnr5mha7bycj.cloudfront.net/product-image/file/large_b09429e7-21e4-435d-99a8-fcfaead58aad.jpg,"
Aldi,"Cheez-It Cheese Crackers, Baked Snack, Original",$2.75,,,7 oz,[],,"https://www.instacart.com/image-server/257x257/filters:fill(FFF,true):format(jpg)/d2lnr5mha7bycj.cloudfront.net/product-image/file/large_cf44a1e7-b197-4311-895b-aa5e3c6fbc2b.jpg,"
Aldi,Little Debbie Oatmeal Creme Pies,$2.75,,,12 ct,[],Many in stock,"https://www.instacart.com/image-server/257x257/filters:fill(FFF,true):format(jpg)/d2lnr5mha7bycj.cloudfront.net/product-image/file/large_aadcea35-b091-41d0-ada8-dc49723b8ccf.png,"
Aldi,Clancy's Movie Theater Butter Microwave Popcorn,$5.29,,,2.5 oz,[],Many in stock,"https://www.instacart.com/image-server/257x257/filters:fill(FFF,true):format(jpg)/d2lnr5mha7bycj.cloudfront.net/product-image/file/large_e03e72ee-ffbb-4885-9bac-7af7a42e2e9e.jpg,"
Aldi,Clancy's Cheddar and Sour Cream Ridged Potato Chips,$2.45,,,9 oz,['Gluten-Free'],Many in stock,"https://www.instacart.com/image-server/257x257/filters:fill(FFF,true):format(jpg)/d2lnr5mha7bycj.cloudfront.net/product-image/file/large_44786089-ac49-442d-a992-e8850c363904.jpg,"
Aldi,Se√±or Rico Rice Pudding,$2.95,,,4 x 3.28 oz,['Gluten-Free'],,"https://www.instacart.com/image-server/257x257/filters:fill(FFF,true):format(jpg)/d2lnr5mha7bycj.cloudfront.net/product-image/file/large_48bb5ad1-97d4-40f1-ae01-d2eda28b0bfd.jpg,"
Aldi,Baker's Treat Swiss Rolls,$2.05,,,13 oz,[],Many in stock,"https://www.instacart.com/image-server/257x257/filters:fill(FFF,true):format(jpg)/d2lnr5mha7bycj.cloudfront.net/product-image/file/large_428f58b5-40d7-43db-b9cf-2037e63c50a1.jpg,"
Aldi,Clancy's Corn Chips,$1.99,,,9.25 oz,"['Gluten-Free', 'Vegan']",Many in stock,"https://www.instacart.com/image-server/257x257/filters:fill(FFF,true):format(jpg)/d2lnr5mha7bycj.cloudfront.net/product-image/file/large_5a8ea4a4-1236-45af-8c36-c51e70f4f42a.jpg,"
Aldi,Lunch Buddies Chocolate Pudding Cups,$1.09,,,4 x 3.25 oz,[],Many in stock,"https://www.instacart.com/image-server/257x257/filters:fill(FFF,true):format(jpg)/d2lnr5mha7bycj.cloudfront.net/product-image/file/large_4677bd16-af74-488e-9ccf-55cfd9e3b773.jpg,"
Aldi,"Storck Knoppers Hazelnut Wafer Candy, Multipack",$3.09,,,5 x 0.88 oz,[],,"https://www.instacart.com/image-server/257x257/filters:fill(FFF,true):format(jpg)/d2lnr5mha7bycj.cloudfront.net/product-image/file/large_faf2c750-ffcd-40b8-87ad-60b4e8f17d58.jpg,"
Aldi,Baker's Treat Mini Confetti Cakes,$2.65,,,8.25 oz,[],,"https://www.instacart.com/image-server/257x257/filters:fill(FFF,true):format(jpg)/d2lnr5mha7bycj.cloudfront.net/product-image/file/large_9c97e335-a6e9-4a07-8a4f-3a14a267378f.jpg,"
Aldi,Clancy's Barbecue Potato Chips,$2.45,,,9.5 oz,['Gluten-Free'],Many in stock,"https://www.instacart.com/image-server/257x257/filters:fill(FFF,true):format(jpg)/d2lnr5mha7bycj.cloudfront.net/product-image/file/large_fecbe495-4333-4553-a003-bbb38f47dd61.jpg,"
Aldi,Clancy's Original Kettle Chips,$2.15,,,8 oz,[],Many in stock,"https://www.instacart.com/image-server/257x257/filters:fill(FFF,true):format(jpg)/d2lnr5mha7bycj.cloudfront.net/product-image/file/large_ebda7fcd-f52c-4fb8-9f35-93ffb1f6da56.jpg,"
Aldi,"Kinder Bueno Milk Chocolate and Hazelnut Cream Candy Bar, Individually Wrapped",$1.55,,,1.5 oz,[],,"https://www.instacart.com/image-server/257x257/filters:fill(FFF,true):format(jpg)/d2lnr5mha7bycj.cloudfront.net/product-image/file/large_cb808f61-f04a-4070-8c53-5df2f0c7a671.jpg,"
Aldi,Simply Nature White Cheddar Puffs,$2.35,,,4 oz,['Gluten-Free'],Many in stock,"https://www.instacart.com/image-server/257x257/filters:fill(FFF,true):format(jpg)/d2lnr5mha7bycj.cloudfront.net/product-image/file/large_036d486f-4d24-4daa-81a2-b6318675b50a.jpg,"
Aldi,Savoritz Clubhouse Crackers,$2.95,,,13.7 oz,[],Many in stock,"https://www.instacart.com/image-server/257x257/filters:fill(FFF,true):format(jpg)/d2lnr5mha7bycj.cloudfront.net/product-image/file/large_37fc8f33-4c6a-4637-a866-bbdc4ac1965b.jpg,"
Aldi,Clancy's Pretzel Sticks,$2.35,,,16 oz,[],Many in stock,"https://www.instacart.com/image-server/257x257/filters:fill(FFF,true):format(jpg)/d2lnr5mha7bycj.cloudfront.net/product-image/file/large_685f54e0-a3f4-40c6-9e81-368d1270be01.jpg,"
Aldi,"Pringles Potato Crisps Chips, Lunch Snacks, On-the-Go Snacks, Sour Cream and Onion",$3.19,,,7.1 oz,[],,"https://www.instacart.com/image-server/257x257/filters:fill(FFF,true):format(jpg)/d2lnr5mha7bycj.cloudfront.net/product-image/file/large_0919a3f6-2d92-4b55-83ed-8e49434f5a03.jpg,"
Aldi,Clancy's Pretzel Minis,$2.35,,,16 oz,[],,"https://www.instacart.com/image-server/257x257/filters:fill(FFF,true):format(jpg)/d2lnr5mha7bycj.cloudfront.net/product-image/file/large_d3037df4-c266-48cd-8bcc-362f0aceb29b.jpg,"
Aldi,Clancy's Big Dipper Tortilla Chips,$2.45,,,10 oz,[],Many in stock,"https://www.instacart.com/image-server/257x257/filters:fill(FFF,true):format(jpg)/d2lnr5mha7bycj.cloudfront.net/product-image/file/large_6d35d3e8-d876-47ee-aced-c2cb7a7fc520.jpg,"
Aldi,Clancy's Original Pretzel Slims,$2.09,,,8 oz,[],Many in stock,"https://www.instacart.com/image-server/257x257/filters:fill(FFF,true):format(jpg)/d2lnr5mha7bycj.cloudfront.net/product-image/file/large_280b02fd-9795-428a-8d0f-f28691124ac6.jpg,"
Aldi,"Pringles Potato Crisps Chips, Lunch Snacks, On-the-Go Snacks, Original",$3.19,,,6.8 oz,[],Many in stock,"https://www.instacart.com/image-server/257x257/filters:fill(FFF,true):format(jpg)/d2lnr5mha7bycj.cloudfront.net/product-image/file/large_17ec4564-637d-4746-8c90-c6d9dd446d5f.jpg,"
Aldi,Lunch Buddies Mandarin Fruit Cups in 100% Juice,$2.09,,,4 x 4 oz,['Vegan'],,"https://www.instacart.com/image-server/257x257/filters:fill(FFF,true):format(jpg)/d2lnr5mha7bycj.cloudfront.net/product-image/file/large_de25e0c2-c20a-4c51-94bb-e7eb5c97fca5.jpg,"
Aldi,Clancy's Nacho Tortilla Chips,$2.65,,,11 oz,[],Many in stock,"https://www.instacart.com/image-server/257x257/filters:fill(FFF,true):format(jpg)/d2lnr5mha7bycj.cloudfront.net/product-image/file/large_efb4d21a-092c-498e-83e7-54fd010e5872.jpg,"
Aldi,Clancy's Jalapeno Kettle Chips,$2.15,,,8 oz,[],,"https://www.instacart.com/image-server/257x257/filters:fill(FFF,true):format(jpg)/d2lnr5mha7bycj.cloudfront.net/product-image/file/large_e3674112-6833-40dd-8757-b7080e31a355.jpg,"
Aldi,"Pringles Potato Crisps Chips, Lunch Snacks, On-The-Go Snacks, Cheddar Cheese",$3.19,,,7.1 oz,[],Many in stock,"https://www.instacart.com/image-server/257x257/filters:fill(FFF,true):format(jpg)/d2lnr5mha7bycj.cloudfront.net/product-image/file/large_e85f0b59-c7f0-4d39-ab21-db85a38f7508.jpg,"
Aldi,"Doritos Flavored Tortilla Chips, Nacho Cheese",$3.85,,,9.25 oz,[],Many in stock,"https://www.instacart.com/image-server/257x257/filters:fill(FFF,true):format(jpg)/d2lnr5mha7bycj.cloudfront.net/product-image/file/large_a7a14f9d-77d6-4b3a-a711-c0aef84466d9.jpg,"
Aldi,Millville Chocolate Chip Chewy Granola Bars,$1.95,,,10 ct,[],Many in stock,"https://www.instacart.com/image-server/257x257/filters:fill(FFF,true):format(jpg)/d2lnr5mha7bycj.cloudfront.net/product-image/file/large_11b2360a-1dc4-412d-a417-a812de123559.jpg,"
Aldi,Twizzlers Strawberry Flavored Licorice Style Low Fat Candy,$3.79,,,16 oz,[],Many in stock,"https://www.instacart.com/image-server/257x257/filters:fill(FFF,true):format(jpg)/d2lnr5mha7bycj.cloudfront.net/product-image/file/large_d8fa0624-10af-4cdc-af4e-7ea85c9f580d.jpg,"
Aldi,Simms Turkey Sausage Snack Sticks,$3.75,,,8 oz,[],Many in stock,"https://www.instacart.com/image-server/257x257/filters:fill(FFF,true):format(jpg)/d2lnr5mha7bycj.cloudfront.net/product-image/file/large_36db1808-34a9-4495-b462-b8d390c98f99.jpg,"
Aldi,Benton's Premium Vanilla Wafers,$2.75,,,11 oz,[],Many in stock,"https://www.instacart.com/image-server/257x257/filters:fill(FFF,true):format(jpg)/d2lnr5mha7bycj.cloudfront.net/product-image/file/large_4f804885-b92e-41fa-9bec-b4aac182616e.jpg,"
Aldi,Benton's Peanut Butter Filled Cookies,$2.19,,,9.5 oz,[],,"https://www.instacart.com/image-server/257x257/filters:fill(FFF,true):format(jpg)/d2lnr5mha7bycj.cloudfront.net/product-image/file/large_4206a986-83a3-4ac8-bd6a-5731e618a1f5.jpg,"
Aldi,Benton's Graham Crackers,$2.35,,,14.4 oz,[],Many in stock,"https://www.instacart.com/image-server/257x257/filters:fill(FFF,true):format(jpg)/d2lnr5mha7bycj.cloudfront.net/product-image/file/large_d4c7c8de-9481-4a87-b949-c200a53e3504.jpg,"
Aldi,"Specially Selected Parmesan, Garlic & Herb Pita Chips",$3.09,,,9 oz,[],,"https://www.instacart.com/image-server/257x257/filters:fill(FFF,true):format(jpg)/d2lnr5mha7bycj.cloudfront.net/product-image/file/large_6bbb7f8e-1562-49f5-b1ff-be759af9a405.jpg,"
Aldi,Takis Fuego Rolled Tortilla Chips Bag,$4.09,,,9.9 oz,[],Many in stock,"https://www.instacart.com/image-server/257x257/filters:fill(FFF,true):format(jpg)/d2lnr5mha7bycj.cloudfront.net/product-image/file/large_d8547e2b-5ea2-40b2-b2bb-22b9084265fd.jpg,"
Aldi,"excitemint Sugar-free Gum, Arctic Blast",$1.95,,,60 oz,"['Gluten-Free', 'Vegan']",Many in stock,"https://www.instacart.com/image-server/257x257/filters:fill(FFF,true):format(jpg)/d2lnr5mha7bycj.cloudfront.net/product-image/file/large_d885599d-f31e-4726-b050-cb6290ea44f0.jpg,"
Aldi,Season's Choice Seasoned French Fries,$2.75,,,32 oz,[],,"https://www.instacart.com/image-server/257x257/filters:fill(FFF,true):format(jpg)/d2lnr5mha7bycj.cloudfront.net/product-image/file/large_c4e50270-53a1-4894-adc9-065f9a3e458b.jpg,"
Aldi,Kirkwood Chicken Fries,$5.75,,,24 oz,[],,"https://www.instacart.com/image-server/257x257/filters:fill(FFF,true):format(jpg)/d2lnr5mha7bycj.cloudfront.net/product-image/file/large_96b4148f-1482-4b03-a138-75e389c7b104.jpg,"
Aldi,Season's Choice Crinkle Cut Potatoes,$3.09,,,32 oz,[],Many in stock,"https://www.instacart.com/image-server/257x257/filters:fill(FFF,true):format(jpg)/d2lnr5mha7bycj.cloudfront.net/product-image/file/large_211582ed-a936-42c7-8a8f-94f613a2e5e8.jpg,"
Aldi,Hot Pockets Hot Pocket Pepperoni Pizza,$3.29,,,2 x 4.5 oz,[],,"https://www.instacart.com/image-server/257x257/filters:fill(FFF,true):format(jpg)/d2lnr5mha7bycj.cloudfront.net/product-image/file/large_8d933a9b-4b7a-4072-9909-04e96042e264.jpg,"
Aldi,Bremer Regular Corn Dogs,$3.75,,,16 oz,[],Many in stock,"https://www.instacart.com/image-server/257x257/filters:fill(FFF,true):format(jpg)/d2lnr5mha7bycj.cloudfront.net/product-image/file/large_1e080634-3e37-45e6-aecd-4d7711004321.jpg,"
Aldi,Mamma Cozi Pepperoni Pizza Snacks,$6.95,,,45 oz,[],Many in stock,"https://www.instacart.com/image-server/257x257/filters:fill(FFF,true):format(jpg)/d2lnr5mha7bycj.cloudfront.net/product-image/file/large_cc538246-9c78-4724-9000-5400d8b77c7e.jpg,"
Aldi,Season's Choice Steak Fries,$2.75,,,28 oz,[],,"https://www.instacart.com/image-server/257x257/filters:fill(FFF,true):format(jpg)/d2lnr5mha7bycj.cloudfront.net/product-image/file/large_205ea855-d016-4efa-9409-caf3151a0f22.jpg,"
Aldi,Season's Choice Potato Puffs/Crispy Tots,$2.29,,,32 oz,[],Many in stock,"https://www.instacart.com/image-server/257x257/filters:fill(FFF,true):format(jpg)/d2lnr5mha7bycj.cloudfront.net/product-image/file/large_63f928bd-8f81-424e-b114-1e58796ba46a.jpg,"
Aldi,Appetitos Cream Cheese Stuffed Jalapenos,$3.49,,,11 oz,[],,"https://www.instacart.com/image-server/257x257/filters:fill(FFF,true):format(jpg)/d2lnr5mha7bycj.cloudfront.net/product-image/file/large_26e111ba-6c78-40a6-83b4-d3c016501805.jpg,"
Aldi,Fusia Chicken Potstickers,$4.39,,,16 oz,[],Many in stock,"https://www.instacart.com/image-server/257x257/filters:fill(FFF,true):format(jpg)/d2lnr5mha7bycj.cloudfront.net/product-image/file/large_5bd455cc-6e18-4a4b-99a1-d4a34a442bc6.jpg,"
Aldi,Appetitos Mozzarella Sticks,$3.49,,,11 oz,[],,"https://www.instacart.com/image-server/257x257/filters:fill(FFF,true):format(jpg)/d2lnr5mha7bycj.cloudfront.net/product-image/file/large_d2adb813-f896-448b-81df-7cb82f4cc7f4.jpg,"
Aldi,Casa Mamita Chicken & Cheese Taquitos,$5.49,,,20 oz,[],,"https://www.instacart.com/image-server/257x257/filters:fill(FFF,true):format(jpg)/d2lnr5mha7bycj.cloudfront.net/product-image/file/large_89141bc7-bb7e-467b-81de-7597bfbbee7a.jpg,"
Aldi,Fusia Pork Potstickers,$4.39,,,16 oz,[],Many in stock,"https://www.instacart.com/image-server/257x257/filters:fill(FFF,true):format(jpg)/d2lnr5mha7bycj.cloudfront.net/product-image/file/large_d03dc8ef-731f-4e8a-ac7d-e378a9f4ce40.jpg,"
Aldi,Appetitos Macaroni & Cheese Bites,$3.85,,,9 oz,[],,"https://www.instacart.com/image-server/257x257/filters:fill(FFF,true):format(jpg)/d2lnr5mha7bycj.cloudfront.net/product-image/file/large_6fa98844-4c0d-4b61-9ca8-3c652e17cba4.jpg,"
Aldi,Mama Cozzi's Pizza Kitchen Three Cheese Mini Pizza Bagels,$6.89,,,28 oz,[],Many in stock,"https://www.instacart.com/image-server/257x257/filters:fill(FFF,true):format(jpg)/d2lnr5mha7bycj.cloudfront.net/product-image/file/large_b62031b2-5fb7-4f45-82ef-efa6e8477857.jpg,"
Aldi,Fusia Asian Inspiration Shrimp Spring Rolls,$4.99,,,10 oz,[],,"https://www.instacart.com/image-server/257x257/filters:fill(FFF,true):format(jpg)/d2lnr5mha7bycj.cloudfront.net/product-image/file/large_c433236b-08ad-431e-b200-5a794e14163c.jpg,"
Aldi,Appetito Beef Franks in a Blanket,$4.39,,,6.29 oz,[],Many in stock,"https://www.instacart.com/image-server/257x257/filters:fill(FFF,true):format(jpg)/d2lnr5mha7bycj.cloudfront.net/product-image/file/large_29e4d572-a933-444b-82f1-7de2454a886f.jpg,"
Aldi,Season's Choice Gourmet Onion Rings,$4.29,,,16 oz,[],,"https://www.instacart.com/image-server/257x257/filters:fill(FFF,true):format(jpg)/d2lnr5mha7bycj.cloudfront.net/product-image/file/large_61848181-c883-4afd-a472-3b7c30210def.jpg,"
Aldi,Fusia Mini Wonton - Pork,$6.89,,,24 oz,[],,"https://www.instacart.com/image-server/257x257/filters:fill(FFF,true):format(jpg)/d2lnr5mha7bycj.cloudfront.net/product-image/file/large_ca445216-68a1-4a81-bcbb-9da99eabcc8d.jpg,"
Aldi,Fusia Chicken Mandu,$6.89,,,24 oz,[],,"https://www.instacart.com/image-server/257x257/filters:fill(FFF,true):format(jpg)/d2lnr5mha7bycj.cloudfront.net/product-image/file/large_99c81b1a-cfd4-46dc-951c-cf6d76f5338c.jpg,"
Aldi,Casa Mamita Mini Chicken Tacos,$5.99,,,17.5 oz,[],,"https://www.instacart.com/image-server/257x257/filters:fill(FFF,true):format(jpg)/d2lnr5mha7bycj.cloudfront.net/product-image/file/large_6e81207c-3d67-4bea-bed6-ba70e1047811.jpg,"
Aldi,Mama Cozzi's Pizza Kitchen Philly Cheesesteak Deli Calzone,$2.65,,,6 oz,[],,"https://www.instacart.com/image-server/257x257/filters:fill(FFF,true):format(jpg)/d2lnr5mha7bycj.cloudfront.net/product-image/file/large_51e90eb2-cb1c-4f2e-91be-b75804ed25f4.jpg,"
Aldi,Mama Cozzi's Pizza Kitchen Toasted Cheese Ravioli,$4.75,,,16 oz,[],Many in stock,"https://www.instacart.com/image-server/257x257/filters:fill(FFF,true):format(jpg)/d2lnr5mha7bycj.cloudfront.net/product-image/file/large_a5b7099d-d257-4d23-aa00-a0f61a9a441c.jpg,"
Aldi,Appetitos Potato Skins,$3.85,,,8.5 oz,[],,"https://www.instacart.com/image-server/257x257/filters:fill(FFF,true):format(jpg)/d2lnr5mha7bycj.cloudfront.net/product-image/file/large_bf0171d6-5558-4a19-a63f-7d8b34d10080.jpg,"
Aldi,Fusia Mini Wonton - Chicken,$6.89,,,24 oz,[],,"https://www.instacart.com/image-server/257x257/filters:fill(FFF,true):format(jpg)/d2lnr5mha7bycj.cloudfront.net/product-image/file/large_3dad3558-ce38-4a82-8895-cddef2287f37.jpg,"
Aldi,Hot Pockets Hot Pocket Pepperoni Pizza,$3.29,,,2 x 4.5 oz,[],,"https://www.instacart.com/image-server/257x257/filters:fill(FFF,true):format(jpg)/d2lnr5mha7bycj.cloudfront.net/product-image/file/large_8d933a9b-4b7a-4072-9909-04e96042e264.jpg,"
Aldi,Simply Nature Broccoli Kids Bites,$4.29,,,12 oz box,[],,"https://www.instacart.com/image-server/257x257/filters:fill(FFF,true):format(jpg)/d2lnr5mha7bycj.cloudfront.net/product-image/file/large_f6c28a31-a68f-4487-ac31-5a0b44539860.jpg,"
Aldi,Fusia Asian Beef Mandu,$6.89,,,20 oz,[],,"https://www.instacart.com/image-server/257x257/filters:fill(FFF,true):format(jpg)/d2lnr5mha7bycj.cloudfront.net/product-image/file/large_4b80b4e9-1b03-4b24-a996-dd9aee2d3a64.jpg,"
Aldi,Simply Nature Sweet Potato Kids Bites,$4.29,,,12 oz,[],,"https://www.instacart.com/image-server/257x257/filters:fill(FFF,true):format(jpg)/d2lnr5mha7bycj.cloudfront.net/product-image/file/large_2331da5a-6ac7-48ae-9028-e6d708890711.jpg,"
Aldi,Park Street Deli Chicken Egg Rolls,$3.95,,,13.5 oz,[],Likely out of stock,"https://www.instacart.com/image-server/257x257/filters:fill(FFF,true):format(jpg)/d2lnr5mha7bycj.cloudfront.net/product-image/file/large_63eda6e0-62b8-43c2-be59-5bfa8978ffc5.jpg,"
Aldi,Appetito's Buffalo Mac Bites,$4.49,,,9 oz,[],Likely out of stock,"https://www.instacart.com/image-server/257x257/filters:fill(FFF,true):format(jpg)/d2lnr5mha7bycj.cloudfront.net/product-image/file/large_cfc77e5d-c97d-4514-ae46-f77a9823bc35.jpg,"
Aldi,Baker's Corner 4 lb. Granulated Sugar,$3.45,,,4 lb,[],Many in stock,"https://www.instacart.com/image-server/257x257/filters:fill(FFF,true):format(jpg)/d2lnr5mha7bycj.cloudfront.net/product-image/file/large_d749991c-7839-427e-98e5-110ea4a4ddbd.jpg,"
Aldi,Casa Mamita Taco Seasoning Mix,$0.55,,,1 oz,[],,"https://www.instacart.com/image-server/257x257/filters:fill(FFF,true):format(jpg)/d2lnr5mha7bycj.cloudfront.net/product-image/file/large_563b27c4-572d-42a1-9f71-d877b0c5df29.jpg,"
Aldi,Casa Mamita Less Sodium Taco Seasoning Mix,$0.55,,,1 oz,[],,"https://www.instacart.com/image-server/257x257/filters:fill(FFF,true):format(jpg)/d2lnr5mha7bycj.cloudfront.net/product-image/file/large_f2e34709-c55c-4a49-a8e4-87ccac7f591f.jpg,"
Aldi,Bake House Creations Jumbo Flaky Biscuits,$1.95,,,16 oz,[],Many in stock,"https://www.instacart.com/image-server/257x257/filters:fill(FFF,true):format(jpg)/d2lnr5mha7bycj.cloudfront.net/product-image/file/large_9909f679-b2e9-4fb6-8edf-21501f4aa751.jpg,"
Aldi,"""JIFFY"" Corn Muffin Mix",$0.69,,,8.5 oz,[],Many in stock,"https://www.instacart.com/image-server/257x257/filters:fill(FFF,true):format(jpg)/d2lnr5mha7bycj.cloudfront.net/product-image/file/large_89e55083-f649-43cf-a553-f020def185d6.png,"
Aldi,Stonemill Garlic Powder,$1.09,,,2.7 oz,[],,"https://www.instacart.com/image-server/257x257/filters:fill(FFF,true):format(jpg)/d2lnr5mha7bycj.cloudfront.net/product-image/file/large_7927d2fe-ec93-4d8c-9264-35f668eed876.jpg,"
Aldi,Bake House Creations Crescent Rolls,$2.15,,,8 oz,[],,"https://www.instacart.com/image-server/257x257/filters:fill(FFF,true):format(jpg)/d2lnr5mha7bycj.cloudfront.net/product-image/file/large_3c6b61e2-e3e9-4205-a73d-e184ce0501dd.jpg,"
Aldi,Millville Original Pancake Syrup,$2.55,,,24 fl oz,[],Many in stock,"https://www.instacart.com/image-server/257x257/filters:fill(FFF,true):format(jpg)/d2lnr5mha7bycj.cloudfront.net/product-image/file/large_0363865e-1d64-455a-97d9-6a09e4542dcb.jpg,"
Aldi,Baker's Corner All Purpose Flour,$2.55,,,5 lb,[],Many in stock,"https://www.instacart.com/image-server/257x257/filters:fill(FFF,true):format(jpg)/d2lnr5mha7bycj.cloudfront.net/product-image/file/large_1f65909c-38d5-4d99-ac26-81406ae23cd0.jpg,"
Aldi,Baker's Corner Fudge Brownie Mix,$1.35,,,18.3 oz,[],Many in stock,"https://www.instacart.com/image-server/257x257/filters:fill(FFF,true):format(jpg)/d2lnr5mha7bycj.cloudfront.net/product-image/file/large_f906aaba-2e08-492f-b3c0-eb19ebd43a8d.jpg,"
Aldi,Carlini Vegetable Oil,$3.95,,,48 fl oz,[],Many in stock,"https://www.instacart.com/image-server/257x257/filters:fill(FFF,true):format(jpg)/d2lnr5mha7bycj.cloudfront.net/product-image/file/large_02a6fc63-8b70-4bb1-90cc-2ec61887508c.jpg,"
Aldi,Bake House Creations Jumbo Buttermilk Biscuits,$1.95,,,16 oz,[],Many in stock,"https://www.instacart.com/image-server/257x257/filters:fill(FFF,true):format(jpg)/d2lnr5mha7bycj.cloudfront.net/product-image/file/large_8ceb6dc3-d679-41c5-8816-721ec16edda0.jpg,"
Aldi,Stonemill Onion Powder,$1.09,,,2.62 oz,[],Many in stock,"https://www.instacart.com/image-server/257x257/filters:fill(FFF,true):format(jpg)/d2lnr5mha7bycj.cloudfront.net/product-image/file/large_290265ff-9ef4-4b9b-bc34-06cba03f8aa0.jpg,"
Aldi,Baker's Corner Baking Soda,$0.99,,,16 oz,[],Many in stock,"https://www.instacart.com/image-server/257x257/filters:fill(FFF,true):format(jpg)/d2lnr5mha7bycj.cloudfront.net/product-image/file/large_72ef8534-0a57-404d-810e-24eacbf0dcaf.jpg,"
Aldi,Stonemill Iodized Table Salt,$0.75,,,26 oz,[],Many in stock,"https://www.instacart.com/image-server/257x257/filters:fill(FFF,true):format(jpg)/d2lnr5mha7bycj.cloudfront.net/product-image/file/large_3182da8d-5f7e-46d9-9ae2-9c450cf0f54d.jpg,"
Aldi,Carlini Olive Oil Cooking Spray,$3.85,,,7 fl oz,[],Many in stock,"https://www.instacart.com/image-server/257x257/filters:fill(FFF,true):format(jpg)/d2lnr5mha7bycj.cloudfront.net/product-image/file/large_1a3240b6-8f7e-44e0-8d0e-2c5563bbc295.jpg,"
Aldi,Baker's Corner Sweetened Condensed Milk,$1.95,,,14 oz,[],Many in stock,"https://www.instacart.com/image-server/257x257/filters:fill(FFF,true):format(jpg)/d2lnr5mha7bycj.cloudfront.net/product-image/file/large_e97136c3-468e-4708-95c1-ff3ba5954494.jpg,"
Aldi,Baker's Corner Brown Sugar,$2.39,,,32 oz,[],,"https://www.instacart.com/image-server/257x257/filters:fill(FFF,true):format(jpg)/d2lnr5mha7bycj.cloudfront.net/product-image/file/large_c3c0519c-8a03-4d2e-bcf3-c97aeeb9995d.jpg,"
Aldi,Baker's Corner Evaporated Milk,$1.35,,,12 fl oz,[],Many in stock,"https://www.instacart.com/image-server/257x257/filters:fill(FFF,true):format(jpg)/d2lnr5mha7bycj.cloudfront.net/product-image/file/large_acb0a69f-0713-4900-80df-81c14582dc32.jpg,"
Aldi,Stonemill Italian Seasoning,$1.09,,,0.75 oz,[],Many in stock,"https://www.instacart.com/image-server/257x257/filters:fill(FFF,true):format(jpg)/d2lnr5mha7bycj.cloudfront.net/product-image/file/large_776eeb89-b2dd-4cff-81dd-f4d31a2bd7a0.jpg,"
Aldi,Carlini Pure Olive Oil,$4.95,,,16.9 fl oz,[],Many in stock,"https://www.instacart.com/image-server/257x257/filters:fill(FFF,true):format(jpg)/d2lnr5mha7bycj.cloudfront.net/product-image/file/large_54a22dc0-e57e-4f49-b487-04911304e5b1.jpg,"
Aldi,Millville Lite Pancake Syrup,$2.55,,,24 fl oz,[],Many in stock,"https://www.instacart.com/image-server/257x257/filters:fill(FFF,true):format(jpg)/d2lnr5mha7bycj.cloudfront.net/product-image/file/large_dc352019-b4f1-447c-ab5e-651a1bb5133c.jpg,"
Aldi,"Tuscan Garden White Vinegar, Distilled, 5% Acidity",$3.65,,,1 gal,[],Many in stock,"https://www.instacart.com/image-server/257x257/filters:fill(FFF,true):format(jpg)/d2lnr5mha7bycj.cloudfront.net/product-image/file/large_214d9c01-3fb9-4938-bf13-728e5b3b2418.jpg,"
Aldi,Stonemill Ground Black Pepper,$3.29,,,3 oz,[],Many in stock,"https://www.instacart.com/image-server/257x257/filters:fill(FFF,true):format(jpg)/d2lnr5mha7bycj.cloudfront.net/product-image/file/large_a21f6647-70b5-414b-a769-714d3e59fe28.jpg,"
Aldi,Baker's Corner Powdered Sugar,$2.39,,,32 oz,[],Many in stock,"https://www.instacart.com/image-server/257x257/filters:fill(FFF,true):format(jpg)/d2lnr5mha7bycj.cloudfront.net/product-image/file/large_dde866ad-81d4-45dc-b4f6-06122c87f29b.jpg,"
Aldi,Stonemill Parsley Flakes,$1.09,,,0.25 oz,[],Many in stock,"https://www.instacart.com/image-server/257x257/filters:fill(FFF,true):format(jpg)/d2lnr5mha7bycj.cloudfront.net/product-image/file/large_3e3eab57-3a4e-401c-80b3-72f464b76679.jpg,"
Aldi,Specially Selected Pure Maple Syrup,$6.05,,,12.5 fl oz,[],Many in stock,"https://www.instacart.com/image-server/257x257/filters:fill(FFF,true):format(jpg)/d2lnr5mha7bycj.cloudfront.net/product-image/file/large_32886129-7825-4759-b8b3-04210231cfc3.jpg,"
Aldi,Chef's Cupboard Panko Breadcrumbs,$1.99,,,8 oz,[],Many in stock,"https://www.instacart.com/image-server/257x257/filters:fill(FFF,true):format(jpg)/d2lnr5mha7bycj.cloudfront.net/product-image/file/large_d09ab536-cd0e-4767-a46a-b29cfa3c1515.jpg,"
Aldi,Chef's Cupboard Beef Bouillon Cubes,$1.99,,,3.25 oz,[],Many in stock,"https://www.instacart.com/image-server/257x257/filters:fill(FFF,true):format(jpg)/d2lnr5mha7bycj.cloudfront.net/product-image/file/large_83cebc8b-576d-40e1-88d8-5809f361cc51.jpg,"
Aldi,Betty Crocker Snickerdoodle Chip Cookie Mix,$2.75,,,17.9 oz,[],Many in stock,"https://www.instacart.com/image-server/257x257/filters:fill(FFF,true):format(jpg)/d2lnr5mha7bycj.cloudfront.net/product-image/file/large_514126ea-8552-4075-9ba7-f8ea1ad2d1c0.jpg,"
Aldi,Baker's Corner Semi Sweet Chocolate Morsels,$2.09,,,12 oz,[],Many in stock,"https://www.instacart.com/image-server/257x257/filters:fill(FFF,true):format(jpg)/d2lnr5mha7bycj.cloudfront.net/product-image/file/large_79daa515-1034-49d2-ac21-bb270ab8a278.jpg,"
Aldi,Stonemill Pure Vanilla Extract,$6.05,,,2 fl oz,['Gluten-Free'],Many in stock,"https://www.instacart.com/image-server/257x257/filters:fill(FFF,true):format(jpg)/d2lnr5mha7bycj.cloudfront.net/product-image/file/large_1de199c4-2451-4747-b751-20df4843b302.jpg,"
Aldi,Stonemill Brown Gravy Mix,$0.55,,,0.87 oz,[],,"https://www.instacart.com/image-server/257x257/filters:fill(FFF,true):format(jpg)/d2lnr5mha7bycj.cloudfront.net/product-image/file/large_30dd9949-4484-4237-b3fb-689221828c0f.jpg,"
Aldi,Baker's Corner Semi Sweet Mini Chocolate Morsels,$2.09,,,12 oz,[],Many in stock,"https://www.instacart.com/image-server/257x257/filters:fill(FFF,true):format(jpg)/d2lnr5mha7bycj.cloudfront.net/product-image/file/large_da2b1298-958f-48b6-ae4d-5df99cf9397c.jpg,"
Aldi,Stonemill Paprika,$1.09,,,2.12 oz,[],,"https://www.instacart.com/image-server/257x257/filters:fill(FFF,true):format(jpg)/d2lnr5mha7bycj.cloudfront.net/product-image/file/large_51de0652-cecf-48bf-80dc-3c11edea5dff.jpg,"
Aldi,Baker's Corner Milk Chocolate Morsels,$2.09,,,11.5 oz,[],Many in stock,"https://www.instacart.com/image-server/257x257/filters:fill(FFF,true):format(jpg)/d2lnr5mha7bycj.cloudfront.net/product-image/file/large_1a01f4d8-a568-46dc-84e8-922b88dd6db2.jpg,"
Aldi,Simply Nature Organic Wildflower Honey,$5.05,,,12 oz,['Organic'],Many in stock,"https://www.instacart.com/image-server/257x257/filters:fill(FFF,true):format(jpg)/d2lnr5mha7bycj.cloudfront.net/product-image/file/large_7dd35dd4-8a80-4610-afd6-1b01540d761c.jpg,"
Aldi,Baker's Corner Dark Chocolate Morsels,$2.09,,,10 oz,[],,"https://www.instacart.com/image-server/257x257/filters:fill(FFF,true):format(jpg)/d2lnr5mha7bycj.cloudfront.net/product-image/file/large_ddf7fc07-bd7e-4a22-91be-5edb572ac6db.jpg,"
Aldi,Baker's Corner Mini Marshmallows,$1.09,,,10 oz,[],Many in stock,"https://www.instacart.com/image-server/257x257/filters:fill(FFF,true):format(jpg)/d2lnr5mha7bycj.cloudfront.net/product-image/file/large_91c11fcc-85b0-499d-8f78-5693c163f0f0.jpg,"
Aldi,Carlini Corn Oil,$5.45,,,48 fl oz,[],Many in stock,"https://www.instacart.com/image-server/257x257/filters:fill(FFF,true):format(jpg)/d2lnr5mha7bycj.cloudfront.net/product-image/file/large_b9f2c89c-14bf-4a6a-a51b-72470908c8d7.jpg,"
Aldi,Happy Farms String Cheese,$2.85,,,12 oz,[],Many in stock,"https://www.instacart.com/image-server/257x257/filters:fill(FFF,true):format(jpg)/d2lnr5mha7bycj.cloudfront.net/product-image/file/large_396d0fd7-6d75-4daf-b2a4-02986a490a04.jpg,"
Aldi,Happy Farms Shredded Mexican Cheese,$3.19,,,12 oz,[],Many in stock,"https://www.instacart.com/image-server/257x257/filters:fill(FFF,true):format(jpg)/d2lnr5mha7bycj.cloudfront.net/product-image/file/large_eb0413f1-b931-4134-9b84-6131574c8e7e.jpg,"
Aldi,Happy Farms Shredded Mozzarella Cheese,$4.09,,,16 oz,[],Many in stock,"https://www.instacart.com/image-server/257x257/filters:fill(FFF,true):format(jpg)/d2lnr5mha7bycj.cloudfront.net/product-image/file/large_fb7ffcd1-b941-4bdc-ad44-fc89fb8142fe.jpg,"
Aldi,Boursin Garlic & Herb Cheese Spread,$4.39,,,5.2 oz,['Keto'],,"https://www.instacart.com/image-server/257x257/filters:fill(FFF,true):format(jpg)/d2lnr5mha7bycj.cloudfront.net/product-image/file/large_a5003455-45df-42a5-a9d2-fe3b148991df.jpg,"
Aldi,Happy Farms Deli Sliced Colby Jack Cheese,$2.09,,,7.5 oz,['Keto'],,"https://www.instacart.com/image-server/257x257/filters:fill(FFF,true):format(jpg)/d2lnr5mha7bycj.cloudfront.net/product-image/file/large_5bac1e6c-3e28-4d5b-bd9f-08cefb37b178.jpg,"
Aldi,Happy Farms Shredded Colby Jack Cheese,$3.19,,,12 oz,[],,"https://www.instacart.com/image-server/257x257/filters:fill(FFF,true):format(jpg)/d2lnr5mha7bycj.cloudfront.net/product-image/file/large_ef37a7a8-8c69-436c-af1d-467908633a8c.jpg,"
Aldi,Happy Farms Shredded Mild Cheddar Cheese,$4.09,,,16 oz,[],Many in stock,"https://www.instacart.com/image-server/257x257/filters:fill(FFF,true):format(jpg)/d2lnr5mha7bycj.cloudfront.net/product-image/file/large_d5d68ced-e634-413e-a3c7-0e9fd40ea77e.jpg,"
Aldi,Kraft American Cheese Slices,$5.49,,,24 ct,[],Many in stock,"https://www.instacart.com/image-server/257x257/filters:fill(FFF,true):format(jpg)/d2lnr5mha7bycj.cloudfront.net/product-image/file/large_5bcbafd7-d10a-4701-90c2-325175a8c18c.jpg,"
Aldi,Happy Farms Deli Sliced Provolone Cheese,$2.09,,,8 oz,['Keto'],Many in stock,"https://www.instacart.com/image-server/257x257/filters:fill(FFF,true):format(jpg)/d2lnr5mha7bycj.cloudfront.net/product-image/file/large_ef55c541-e8c2-44c1-bf37-903c8057927e.jpg,"
Aldi,Emporium Selection Shredded Parmesan Cheese,$2.75,,,5 oz,['Keto'],Many in stock,"https://www.instacart.com/image-server/257x257/filters:fill(FFF,true):format(jpg)/d2lnr5mha7bycj.cloudfront.net/product-image/file/large_63b747f9-4edf-40f3-87d7-9332314274ab.jpg,"
Aldi,Happy Farms Colby Jack Cheese Block,$2.19,,,8 oz,[],Many in stock,"https://www.instacart.com/image-server/257x257/filters:fill(FFF,true):format(jpg)/d2lnr5mha7bycj.cloudfront.net/product-image/file/large_8b7098c7-c938-4885-969a-2f0a7bcef38e.jpg,"
Aldi,Babybel Semisoft Cheeses Original,$3.45,,,6 ct,['Keto'],Many in stock,"https://www.instacart.com/image-server/257x257/filters:fill(FFF,true):format(jpg)/d2lnr5mha7bycj.cloudfront.net/product-image/file/large_1b5275e0-4856-4843-864a-7d07b35158ca.png,"
Aldi,Happy Farms Deli Sliced Pepper Jack Cheese,$2.09,,,7.5 oz,['Keto'],Many in stock,"https://www.instacart.com/image-server/257x257/filters:fill(FFF,true):format(jpg)/d2lnr5mha7bycj.cloudfront.net/product-image/file/large_77a87cf4-9edb-439d-9f49-3f399a295fbf.jpg,"
Aldi,Babybel Semisoft Cheeses Original,$3.45,,,6 ct,['Keto'],Many in stock,"https://www.instacart.com/image-server/257x257/filters:fill(FFF,true):format(jpg)/d2lnr5mha7bycj.cloudfront.net/product-image/file/large_1b5275e0-4856-4843-864a-7d07b35158ca.png,"
Aldi,Happy Farms Shredded Sharp Cheddar Cheese,$3.19,,,12 oz,['Keto'],Many in stock,"https://www.instacart.com/image-server/257x257/filters:fill(FFF,true):format(jpg)/d2lnr5mha7bycj.cloudfront.net/product-image/file/large_002462b5-0bad-404a-890e-9c6ba6dd7567.jpg,"
Aldi,Boursin Shallot & Chive Gournay Cheese,$4.39,,,5.2 oz,['Keto'],,"https://www.instacart.com/image-server/257x257/filters:fill(FFF,true):format(jpg)/d2lnr5mha7bycj.cloudfront.net/product-image/file/large_557a02a3-b390-4834-950a-543e79b788e2.jpg,"
Aldi,Happy Farms Sharp Cheddar Cheese Block,$2.19,,,8 oz,[],Many in stock,"https://www.instacart.com/image-server/257x257/filters:fill(FFF,true):format(jpg)/d2lnr5mha7bycj.cloudfront.net/product-image/file/large_f962eef4-9a46-48ba-bee7-b6150c590d7e.jpg,"
Aldi,Reggano Grated Parmesan Cheese,$3.25,,,8 oz,[],Many in stock,"https://www.instacart.com/image-server/257x257/filters:fill(FFF,true):format(jpg)/d2lnr5mha7bycj.cloudfront.net/product-image/file/large_02423bf3-cd28-406b-90a5-7a891f58a5dc.jpg,"
Aldi,Happy Farms Shredded Taco Style Cheese,$1.99,,,12 oz,[],,"https://www.instacart.com/image-server/257x257/filters:fill(FFF,true):format(jpg)/d2lnr5mha7bycj.cloudfront.net/product-image/file/large_005c66b1-478c-4115-8703-32254622a84d.jpg,"
Aldi,Roth French Onion Havarti Cheese,$3.65,,,6 oz,['Keto'],,"https://www.instacart.com/image-server/257x257/filters:fill(FFF,true):format(jpg)/d2lnr5mha7bycj.cloudfront.net/product-image/file/large_6abf8708-5b83-4af7-a3b4-50a8b280234e.jpg,"
Aldi,Happy Farms Shredded Italian Blend Cheese,$1.99,,,12 oz,[],,"https://www.instacart.com/image-server/257x257/filters:fill(FFF,true):format(jpg)/d2lnr5mha7bycj.cloudfront.net/product-image/file/large_1c6f117d-d5f5-42f0-a114-03f8901984c2.jpg,"
Aldi,Happy Farms Colby Jack Cheese Cubes,$2.35,,,8 oz,[],,"https://www.instacart.com/image-server/257x257/filters:fill(FFF,true):format(jpg)/d2lnr5mha7bycj.cloudfront.net/product-image/file/large_b66041b4-57a3-4572-bb02-090bfe2ae802.jpg,"
Aldi,Happy Farms Deli Sliced Muenster Cheese,$2.09,,,8 oz,['Keto'],,"https://www.instacart.com/image-server/257x257/filters:fill(FFF,true):format(jpg)/d2lnr5mha7bycj.cloudfront.net/product-image/file/large_fd42bd94-dde3-49d5-b157-b1d6e3c390f0.jpg,"
Aldi,Roth Tomato Basil Havarti Cheese,$3.65,,,6 oz,['Keto'],,"https://www.instacart.com/image-server/257x257/filters:fill(FFF,true):format(jpg)/d2lnr5mha7bycj.cloudfront.net/product-image/file/large_677e7de3-e0ec-43a9-9bd1-23b22aca856d.jpg,"
Aldi,Happy Farms Light String Cheese,$2.85,,,10 oz,[],Many in stock,"https://www.instacart.com/image-server/257x257/filters:fill(FFF,true):format(jpg)/d2lnr5mha7bycj.cloudfront.net/product-image/file/large_b8863880-d4fe-431e-b2e3-6e079ad53c31.jpg,"
Aldi,Happy Farms Colby Jack Snack Stick,$3.55,,,9 oz,['Keto'],,"https://www.instacart.com/image-server/257x257/filters:fill(FFF,true):format(jpg)/d2lnr5mha7bycj.cloudfront.net/product-image/file/large_f4120f37-261a-4ca2-b91f-27a220d97dcc.jpg,"
Aldi,Happy Farms Deli Sliced Swiss Cheese,$2.09,,,7 oz,['Keto'],Many in stock,"https://www.instacart.com/image-server/257x257/filters:fill(FFF,true):format(jpg)/d2lnr5mha7bycj.cloudfront.net/product-image/file/large_fe606b34-9d5a-4d2c-9b94-454d597aad38.jpg,"
Aldi,Clancy's Cheese Melt,$3.69,,,32 oz,[],Many in stock,"https://www.instacart.com/image-server/257x257/filters:fill(FFF,true):format(jpg)/d2lnr5mha7bycj.cloudfront.net/product-image/file/large_89306b97-346a-4647-b09c-87f206497079.jpg,"
Aldi,Happy Farms Deluxe American Cheese Slices,$4.09,,,24 ct,[],,"https://www.instacart.com/image-server/257x257/filters:fill(FFF,true):format(jpg)/d2lnr5mha7bycj.cloudfront.net/product-image/file/large_ba9c654b-6290-47af-acd4-354adb93273f.jpg,"
Aldi,Happy Farms Mozzarella Cheese Block,$2.19,,,8 oz,[],Many in stock,"https://www.instacart.com/image-server/257x257/filters:fill(FFF,true):format(jpg)/d2lnr5mha7bycj.cloudfront.net/product-image/file/large_c13e9df5-edcb-4cd7-8cc7-e9366587de15.jpg,"
Aldi,Kraft American Cheese Slices,$5.49,,,24 ct,[],Many in stock,"https://www.instacart.com/image-server/257x257/filters:fill(FFF,true):format(jpg)/d2lnr5mha7bycj.cloudfront.net/product-image/file/large_5bcbafd7-d10a-4701-90c2-325175a8c18c.jpg,"
Aldi,Happy Farms Mild Cheddar Cheese Block,$2.19,,,8 oz,['Keto'],Many in stock,"https://www.instacart.com/image-server/257x257/filters:fill(FFF,true):format(jpg)/d2lnr5mha7bycj.cloudfront.net/product-image/file/large_33bdc452-a301-4a54-ba03-506773765b4b.jpg,"
Aldi,Happy Farms Neufchatel Cheese,$1.65,,,8 oz,[],,"https://www.instacart.com/image-server/257x257/filters:fill(FFF,true):format(jpg)/d2lnr5mha7bycj.cloudfront.net/product-image/file/large_b458f476-c342-44b2-9e10-4fdd988f5be3.jpg,"
Aldi,Emporium Selection Original Feta Cheese Crumbles,$2.09,,,4 oz,[],Many in stock,"https://www.instacart.com/image-server/257x257/filters:fill(FFF,true):format(jpg)/d2lnr5mha7bycj.cloudfront.net/product-image/file/large_dbde00c2-c387-45d8-97b6-b1cd10beee39.jpg,"
Aldi,Happy Farms Deli Sliced Mozzarella Cheese,$2.09,,,8 oz,[],Many in stock,"https://www.instacart.com/image-server/257x257/filters:fill(FFF,true):format(jpg)/d2lnr5mha7bycj.cloudfront.net/product-image/file/large_7dd24c8c-73ef-4de6-868c-f6fc802d920d.jpg,"
Aldi,Happy Farms Mild Cheddar Snack Stick,$3.55,,,9 oz,[],Many in stock,"https://www.instacart.com/image-server/257x257/filters:fill(FFF,true):format(jpg)/d2lnr5mha7bycj.cloudfront.net/product-image/file/large_161478b7-0535-4b1d-8a69-979c8bdf83f5.jpg,"
Aldi,"Daisy Cottage Cheese, Low Fat, Small Curd, 2% Milkfat",$3.95,,,24 oz,[],Many in stock,"https://www.instacart.com/image-server/257x257/filters:fill(FFF,true):format(jpg)/d2lnr5mha7bycj.cloudfront.net/product-image/file/large_a772b863-8da9-4901-87e7-ed26e3c6ab20.png,"
Aldi,Daisy Small Curd Cottage Cheese,$3.95,,,24 oz,['Keto'],Many in stock,"https://www.instacart.com/image-server/257x257/filters:fill(FFF,true):format(jpg)/d2lnr5mha7bycj.cloudfront.net/product-image/file/large_b95745dc-a9e2-408c-b263-6a98aab3f93c.png,"
Aldi,Happy Farms 2% Milk American Cheese Singles,$2.09,,,10.67 oz,[],Many in stock,"https://www.instacart.com/image-server/257x257/filters:fill(FFF,true):format(jpg)/d2lnr5mha7bycj.cloudfront.net/product-image/file/large_27a794f2-16c1-4497-ab1a-986e6d1e9aef.jpg,"
Aldi,Happy Farms American Cheese Singles,$2.09,,,12 oz,[],Likely out of stock,"https://www.instacart.com/image-server/257x257/filters:fill(FFF,true):format(jpg)/d2lnr5mha7bycj.cloudfront.net/product-image/file/large_1a609531-008a-4d27-a3ca-c6305a82a3a5.jpg,"
Aldi,Simply Nature Shredded Organic Mexican Cheese,$2.59,,,6 oz,"['Organic', 'Keto']",,"https://www.instacart.com/image-server/257x257/filters:fill(FFF,true):format(jpg)/d2lnr5mha7bycj.cloudfront.net/product-image/file/large_648330e8-4d9f-48f7-8421-2fb2c1ba1d41.jpg,"
Aldi,Happy Farms Deli Sliced Medium Cheddar Cheese,$2.09,,,8 oz,['Keto'],,"https://www.instacart.com/image-server/257x257/filters:fill(FFF,true):format(jpg)/d2lnr5mha7bycj.cloudfront.net/product-image/file/large_46306043-bd83-4b18-85dc-1a32422f9e18.jpg,"
Aldi,Happy Farms Shredded 2% Milk Mexican Cheese,$3.19,,,11 oz,[],,"https://www.instacart.com/image-server/257x257/filters:fill(FFF,true):format(jpg)/d2lnr5mha7bycj.cloudfront.net/product-image/file/large_3a2fc989-713b-4caf-bfcb-cf0effc1a361.jpg,"
Aldi,Reggano Grated Parmesan and Romano Cheese,$3.25,,,8 oz,[],,"https://www.instacart.com/image-server/257x257/filters:fill(FFF,true):format(jpg)/d2lnr5mha7bycj.cloudfront.net/product-image/file/large_8603cc8a-ac0a-40b9-ac6a-1f2ef4f946b7.jpg,"
Aldi,Happy Farms Whole Milk Ricotta Cheese,$2.65,,,15 oz,[],Many in stock,"https://www.instacart.com/image-server/257x257/filters:fill(FFF,true):format(jpg)/d2lnr5mha7bycj.cloudfront.net/product-image/file/large_e6029699-9b29-4abc-aba0-cd4809397644.jpg,"
Aldi,Emporium Selection Pre-Sliced Fresh Mozzarella Log,$3.69,,,8 oz,[],Many in stock,"https://www.instacart.com/image-server/257x257/filters:fill(FFF,true):format(jpg)/d2lnr5mha7bycj.cloudfront.net/product-image/file/large_a11ff59f-6ae5-4309-81e3-4a29a2220abb.jpg,"
Aldi,Happy Harvest Whole Kernel Corn,$0.69,,,15.25 oz,[],Many in stock,"https://www.instacart.com/image-server/257x257/filters:fill(FFF,true):format(jpg)/d2lnr5mha7bycj.cloudfront.net/product-image/file/large_fc277434-d241-428e-a103-a8a6e605687c.jpg,"
Aldi,Happy Harvest Cut Green Beans,$0.69,,,14.5 oz,[],Many in stock,"https://www.instacart.com/image-server/257x257/filters:fill(FFF,true):format(jpg)/d2lnr5mha7bycj.cloudfront.net/product-image/file/large_860af42a-b5d3-4d8d-9983-b4950714ad5a.jpg,"
Aldi,Dakota's Pride Black Beans,$0.89,,,15 oz,[],Many in stock,"https://www.instacart.com/image-server/257x257/filters:fill(FFF,true):format(jpg)/d2lnr5mha7bycj.cloudfront.net/product-image/file/large_e6e1c734-5619-4ece-926c-2ec6841e9de5.jpg,"
Aldi,Northern Catch Chunk Light Tuna in Water,$0.95,,,5 oz,[],Many in stock,"https://www.instacart.com/image-server/257x257/filters:fill(FFF,true):format(jpg)/d2lnr5mha7bycj.cloudfront.net/product-image/file/large_aefc6be4-e4f2-4cad-b9c5-d83093b7c859.jpg,"
Aldi,Happy Harvest Tomato Sauce,$0.55,,,8 oz,[],Many in stock,"https://www.instacart.com/image-server/257x257/filters:fill(FFF,true):format(jpg)/d2lnr5mha7bycj.cloudfront.net/product-image/file/large_712d489c-fbcb-4c1e-b2bb-a9c629a211ac.jpg,"
Aldi,Casa Mamita Diced Tomatoes with Green Chilies,$0.99,,,10 oz,[],Many in stock,"https://www.instacart.com/image-server/257x257/filters:fill(FFF,true):format(jpg)/d2lnr5mha7bycj.cloudfront.net/product-image/file/large_b881ae76-1466-498b-bc49-7b1653867687.jpg,"
Aldi,Brookdale Chunk Chicken Breast,$3.05,,,12.5 oz,[],Many in stock,"https://www.instacart.com/image-server/257x257/filters:fill(FFF,true):format(jpg)/d2lnr5mha7bycj.cloudfront.net/product-image/file/large_b121cb2a-1ab0-4787-ae10-c98a7f7e66c5.jpg,"
Aldi,Happy Harvest Diced Tomatoes,$0.99,,,14.5 oz,[],Many in stock,"https://www.instacart.com/image-server/257x257/filters:fill(FFF,true):format(jpg)/d2lnr5mha7bycj.cloudfront.net/product-image/file/large_de54203d-6981-4698-9485-ecd8398ac445.jpg,"
Aldi,Happy Harvest Cream Style Corn,$0.69,,,14.75 oz,[],Many in stock,"https://www.instacart.com/image-server/257x257/filters:fill(FFF,true):format(jpg)/d2lnr5mha7bycj.cloudfront.net/product-image/file/large_f0f5bfc7-b305-4e42-a9e7-977d2a165118.jpg,"
Aldi,Dakota's Pride Dark Red Kidney Beans,$0.89,,,15.5 oz,[],Many in stock,"https://www.instacart.com/image-server/257x257/filters:fill(FFF,true):format(jpg)/d2lnr5mha7bycj.cloudfront.net/product-image/file/large_c4b1f23e-808d-4f54-acb3-970faae45362.jpg,"
Aldi,Northern Catch Solid White Tuna in Water,$1.75,,,5 oz,[],Many in stock,"https://www.instacart.com/image-server/257x257/filters:fill(FFF,true):format(jpg)/d2lnr5mha7bycj.cloudfront.net/product-image/file/large_2843bccd-1d99-41ed-b225-03486aa9a2e3.jpg,"
Aldi,Happy Harvest Tomato Paste,$0.89,,,6 oz,[],Many in stock,"https://www.instacart.com/image-server/257x257/filters:fill(FFF,true):format(jpg)/d2lnr5mha7bycj.cloudfront.net/product-image/file/large_63618900-d926-4923-8fc1-40721a4eb4cf.jpg,"
Aldi,Happy Harvest French Green Beans,$0.69,,,15 oz,[],Many in stock,"https://www.instacart.com/image-server/257x257/filters:fill(FFF,true):format(jpg)/d2lnr5mha7bycj.cloudfront.net/product-image/file/large_78efb229-9185-4d8d-b009-04aa30ff59f9.jpg,"
Aldi,Casa Mamita Traditional Refried Beans,$1.09,,,16 oz,[],Many in stock,"https://www.instacart.com/image-server/257x257/filters:fill(FFF,true):format(jpg)/d2lnr5mha7bycj.cloudfront.net/product-image/file/large_2f50b92b-e410-4460-bd3d-a02dc5eabca5.jpg,"
Aldi,Happy Harvest Medium Sweet Peas,$0.75,,,15 oz,[],Many in stock,"https://www.instacart.com/image-server/257x257/filters:fill(FFF,true):format(jpg)/d2lnr5mha7bycj.cloudfront.net/product-image/file/large_abbd8c55-0a32-4489-b681-eae42825895b.jpg,"
Aldi,Happy Harvest Sliced Carrots,$0.99,,,14.5 oz,[],Many in stock,"https://www.instacart.com/image-server/257x257/filters:fill(FFF,true):format(jpg)/d2lnr5mha7bycj.cloudfront.net/product-image/file/large_8f4113b6-d9b7-42cb-8931-6acf3a1e269e.jpg,"
Aldi,Northern Catch Zesty Lemon Pepper Pouch Tuna,$0.95,,,2.5 oz,[],Many in stock,"https://www.instacart.com/image-server/257x257/filters:fill(FFF,true):format(jpg)/d2lnr5mha7bycj.cloudfront.net/product-image/file/large_2fcf2d2d-49fa-4e38-b78c-10abc303ef1e.jpg,"
Aldi,Brookdale Chili No Beans,$2.35,,,15 oz,[],,"https://www.instacart.com/image-server/257x257/filters:fill(FFF,true):format(jpg)/d2lnr5mha7bycj.cloudfront.net/product-image/file/large_e3c5f142-bb12-48c9-8205-1204db576f8a.jpg,"
Aldi,Bookdale Original Chili With Beans,$2.09,,,15 oz,[],Many in stock,"https://www.instacart.com/image-server/257x257/filters:fill(FFF,true):format(jpg)/d2lnr5mha7bycj.cloudfront.net/product-image/file/large_aff80bca-5baf-41d4-a3a2-8392f0d3efbd.jpg,"
Aldi,Brookdale Vienna Sausage,$0.85,,,4.6 oz,[],Many in stock,"https://www.instacart.com/image-server/257x257/filters:fill(FFF,true):format(jpg)/d2lnr5mha7bycj.cloudfront.net/product-image/file/large_2e1f7f11-0d0d-4d92-8a56-e258907ae8d4.jpg,"
Aldi,Brookdale Pork Luncheon Meat,$2.39,,,12 oz,[],Many in stock,"https://www.instacart.com/image-server/257x257/filters:fill(FFF,true):format(jpg)/d2lnr5mha7bycj.cloudfront.net/product-image/file/large_93e5a26a-f84a-454d-b37b-bbd9c654692c.jpg,"
Aldi,Sweet Harvest Mandarin Oranges in Light Syrup,$1.45,,,15 oz,[],Many in stock,"https://www.instacart.com/image-server/257x257/filters:fill(FFF,true):format(jpg)/d2lnr5mha7bycj.cloudfront.net/product-image/file/large_7cc398ee-9886-44fd-bb84-a20cb3d4649f.jpg,"
Aldi,Sweet Harvest Pinaepple Chunks in Pineapple Juice,$1.39,,,20 oz,[],Many in stock,"https://www.instacart.com/image-server/257x257/filters:fill(FFF,true):format(jpg)/d2lnr5mha7bycj.cloudfront.net/product-image/file/large_81bd97a8-52d6-4f3a-8f90-f7977f933ba0.jpg,"
Aldi,Lunch Buddies Strawberry Applesauce Cups,$2.45,,,6 x 4 oz,[],,"https://www.instacart.com/image-server/257x257/filters:fill(FFF,true):format(jpg)/d2lnr5mha7bycj.cloudfront.net/product-image/file/large_5ca184c6-1c73-48c9-b458-9e9532f15529.jpg,"
Aldi,Happy Harvest Canned Mushrooms,$1.35,,,6.5 oz,[],Many in stock,"https://www.instacart.com/image-server/257x257/filters:fill(FFF,true):format(jpg)/d2lnr5mha7bycj.cloudfront.net/product-image/file/large_b3649940-2aea-497e-a7d7-fc61afed3642.jpg,"
Aldi,Baker's Corner Canned Pumpkin,$1.35,,,15 oz,[],Many in stock,"https://www.instacart.com/image-server/257x257/filters:fill(FFF,true):format(jpg)/d2lnr5mha7bycj.cloudfront.net/product-image/file/large_0211b99d-b3f1-49eb-ab27-9c84cd660c49.jpg,"
Aldi,Dakota's Pride Maple Baked Beans,$2.09,,,28 oz,[],Many in stock,"https://www.instacart.com/image-server/257x257/filters:fill(FFF,true):format(jpg)/d2lnr5mha7bycj.cloudfront.net/product-image/file/large_21edfa0c-4c6a-466e-ab1a-8bc315502530.jpg,"
Aldi,Casa Mamita Fat Free Refried Beans,$1.09,,,16 oz,[],Many in stock,"https://www.instacart.com/image-server/257x257/filters:fill(FFF,true):format(jpg)/d2lnr5mha7bycj.cloudfront.net/product-image/file/large_4fec7572-0a6a-4ac8-86dd-7edc5f20fd35.jpg,"
Aldi,Pueblo Lindo Chopped Green Chiles,$0.89,,,4 oz,[],,"https://www.instacart.com/image-server/257x257/filters:fill(FFF,true):format(jpg)/d2lnr5mha7bycj.cloudfront.net/product-image/file/large_071a95a8-9e58-4540-938f-2c0db9e8630e.jpg,"
Aldi,Happy Harvest Fire Roasted Diced Tomatoes,$1.29,,,14.5 oz,[],Many in stock,"https://www.instacart.com/image-server/257x257/filters:fill(FFF,true):format(jpg)/d2lnr5mha7bycj.cloudfront.net/product-image/file/large_07e41b7c-6eef-497c-8427-44b2cf1ce633.jpg,"
Aldi,"Happy Harvest Diced Tomatoes with Basil, Garlic and Oregano",$0.99,,,14.5 oz,[],Many in stock,"https://www.instacart.com/image-server/257x257/filters:fill(FFF,true):format(jpg)/d2lnr5mha7bycj.cloudfront.net/product-image/file/large_be398501-b700-402b-91e2-be5d4d93fdd9.jpg,"
Aldi,Dakota's Pride Mild Chili Beans,$0.89,,,15.5 oz,[],Many in stock,"https://www.instacart.com/image-server/257x257/filters:fill(FFF,true):format(jpg)/d2lnr5mha7bycj.cloudfront.net/product-image/file/large_9992dbef-04dd-4576-9885-93ccaff5fc98.jpg,"
Aldi,Tuscan Garden Banana Peppers,$2.65,,,16 fl oz,[],,"https://www.instacart.com/image-server/257x257/filters:fill(FFF,true):format(jpg)/d2lnr5mha7bycj.cloudfront.net/product-image/file/large_3b7862a9-13f0-4c21-94c8-488ff833a874.jpg,"
Aldi,Sweet Harvest Peach Slices in 100% Juice,$1.45,,,15 oz,[],Many in stock,"https://www.instacart.com/image-server/257x257/filters:fill(FFF,true):format(jpg)/d2lnr5mha7bycj.cloudfront.net/product-image/file/large_b1b1ef32-2d0f-4361-b664-20a3704e034d.jpg,"
Aldi,Simply Nature Organic Black Beans,$1.09,,,15 oz,['Organic'],Many in stock,"https://www.instacart.com/image-server/257x257/filters:fill(FFF,true):format(jpg)/d2lnr5mha7bycj.cloudfront.net/product-image/file/large_846461ca-a235-4349-a3f4-3f3e79787222.jpg,"
Aldi,Sweet Harvest Cinnamon Applesauce,$2.75,,,24 oz,[],,"https://www.instacart.com/image-server/257x257/filters:fill(FFF,true):format(jpg)/d2lnr5mha7bycj.cloudfront.net/product-image/file/large_dccc698d-8c60-45b1-a737-6c7b522b65ad.jpg,"
Aldi,Tuscan Garden Marinated Artichoke Quarters,$2.85,,,12 oz,[],Many in stock,"https://www.instacart.com/image-server/257x257/filters:fill(FFF,true):format(jpg)/d2lnr5mha7bycj.cloudfront.net/product-image/file/large_02d9579d-9ca2-4315-a8a1-2ffc26419472.jpg,"
Aldi,Northern Catch MSC Pole & Line Tuna,$1.25,,,5 oz,[],,"https://www.instacart.com/image-server/257x257/filters:fill(FFF,true):format(jpg)/d2lnr5mha7bycj.cloudfront.net/product-image/file/large_0facf429-6084-4839-b24e-fa04e6b86d95.jpg,"
Aldi,Simply Nature Unsweetened Applesauce,$3.45,,,46 oz,[],Many in stock,"https://www.instacart.com/image-server/257x257/filters:fill(FFF,true):format(jpg)/d2lnr5mha7bycj.cloudfront.net/product-image/file/large_69d47cc6-fe37-4f42-b667-68410db79cb5.jpg,"
Aldi,Sweet Harvest Cranberry Sauce,$1.65,,,14 oz,[],Many in stock,"https://www.instacart.com/image-server/257x257/filters:fill(FFF,true):format(jpg)/d2lnr5mha7bycj.cloudfront.net/product-image/file/large_afc7222c-dc04-4f41-b504-e59ee9e26379.jpg,"
Aldi,Burman's Ketchup,$2.05,,,38 oz,[],Many in stock,"https://www.instacart.com/image-server/257x257/filters:fill(FFF,true):format(jpg)/d2lnr5mha7bycj.cloudfront.net/product-image/file/large_d0065b54-7a48-459d-a5f1-ae08d65ba444.jpg,"
Aldi,"Reggano Tomato, Basil and Garlic Pasta Sauce",$1.75,,,24 oz,[],,"https://www.instacart.com/image-server/257x257/filters:fill(FFF,true):format(jpg)/d2lnr5mha7bycj.cloudfront.net/product-image/file/large_182a68d6-61b8-4f13-8e62-cdcaeb955c32.jpg,"
Aldi,Tuscan Garden Ranch Dressing,$2.15,,,16 fl oz,[],Many in stock,"https://www.instacart.com/image-server/257x257/filters:fill(FFF,true):format(jpg)/d2lnr5mha7bycj.cloudfront.net/product-image/file/large_2c49e1c7-1569-45ea-9713-17cf5213c6e1.jpg,"
Aldi,"Lay's Dip, French Onion",$4.48,,,15 oz,[],,"https://www.instacart.com/image-server/257x257/filters:fill(FFF,true):format(jpg)/d2lnr5mha7bycj.cloudfront.net/product-image/file/large_b7a1f3d8-bf78-4d23-9522-b63e4a1ceeba.jpg,"
Aldi,Burman's Real Mayonnaise,$3.65,,,30 fl oz,[],Many in stock,"https://www.instacart.com/image-server/257x257/filters:fill(FFF,true):format(jpg)/d2lnr5mha7bycj.cloudfront.net/product-image/file/large_d3565732-d039-4f1d-9b39-3552ce58640f.jpg,"
Aldi,Tuscan Garden Ranch Dressing and Dip,$3.69,,,36 fl oz,[],Many in stock,"https://www.instacart.com/image-server/257x257/filters:fill(FFF,true):format(jpg)/d2lnr5mha7bycj.cloudfront.net/product-image/file/large_b2e95072-f6a6-41ec-b0f5-b01369115012.jpg,"
Aldi,Great Gherkins Kosher Dill Spears,$2.19,,,24 fl oz,[],Many in stock,"https://www.instacart.com/image-server/257x257/filters:fill(FFF,true):format(jpg)/d2lnr5mha7bycj.cloudfront.net/product-image/file/large_ccce28c1-eabb-4b0a-a819-750b83d7fbcc.jpg,"
Aldi,"Lay's Dip, Smooth Ranch",$4.48,,,15 oz,[],,"https://www.instacart.com/image-server/257x257/filters:fill(FFF,true):format(jpg)/d2lnr5mha7bycj.cloudfront.net/product-image/file/large_4c0d66d8-2a5a-4641-92f5-9db55aab6dd3.jpg,"
Aldi,Burman's Yellow Mustard,$1.05,,,20 oz,['Vegan'],Many in stock,"https://www.instacart.com/image-server/257x257/filters:fill(FFF,true):format(jpg)/d2lnr5mha7bycj.cloudfront.net/product-image/file/large_adb6b247-0466-44d2-8526-8d45690c34e4.jpg,"
Aldi,Great Gherkins Hamburger Dill Pickle Chips,$2.59,,,32 fl oz,[],Many in stock,"https://www.instacart.com/image-server/257x257/filters:fill(FFF,true):format(jpg)/d2lnr5mha7bycj.cloudfront.net/product-image/file/large_f37c1b0c-3920-4c40-bc88-f98ee922bd8e.jpg,"
Aldi,Great Gherkins Kosher Baby Dill Pickles,$1.89,,,16 fl oz,[],Many in stock,"https://www.instacart.com/image-server/257x257/filters:fill(FFF,true):format(jpg)/d2lnr5mha7bycj.cloudfront.net/product-image/file/large_4ddd43f5-2a51-4065-bb2b-7cec7596ece4.jpg,"
Aldi,"Tostitos Chunky Salsa, Mild",$4.48,,,15.5 oz,[],,"https://www.instacart.com/image-server/257x257/filters:fill(FFF,true):format(jpg)/d2lnr5mha7bycj.cloudfront.net/product-image/file/large_fe08fa3b-90f9-4bed-8059-9c523698e54f.png,"
Aldi,Priano Creamy Alfredo Sauce,$2.39,,,15 oz,[],Many in stock,"https://www.instacart.com/image-server/257x257/filters:fill(FFF,true):format(jpg)/d2lnr5mha7bycj.cloudfront.net/product-image/file/large_5bcc22f0-3eeb-4e57-a3ce-faabb41acc94.jpg,"
Aldi,Priano Roasted Garlic Alfredo Sauce,$2.39,,,15 oz,[],,"https://www.instacart.com/image-server/257x257/filters:fill(FFF,true):format(jpg)/d2lnr5mha7bycj.cloudfront.net/product-image/file/large_21bb5783-2cfd-46a9-8585-723b063f4ff0.jpg,"
Aldi,Reggano Meat Pasta Sauce,$1.75,,,24 oz,['Gluten-Free'],Many in stock,"https://www.instacart.com/image-server/257x257/filters:fill(FFF,true):format(jpg)/d2lnr5mha7bycj.cloudfront.net/product-image/file/large_8b55db27-b248-4d9d-8c53-7d9385b33c0f.jpg,"
Aldi,"Tostitos Chunky Salsa, Medium",$4.48,,,15.5 oz,[],,"https://www.instacart.com/image-server/257x257/filters:fill(FFF,true):format(jpg)/d2lnr5mha7bycj.cloudfront.net/product-image/file/large_85b91009-69f1-4636-9de8-3c1dfec39bf6.png,"
Aldi,Reggano Sauces Traditional Pasta Sauce,$1.75,,,24 oz,['Gluten-Free'],Many in stock,"https://www.instacart.com/image-server/257x257/filters:fill(FFF,true):format(jpg)/d2lnr5mha7bycj.cloudfront.net/product-image/file/large_e51d4420-28d8-430a-b931-717fef4522cb.jpg,"
Aldi,Reggano Marinara Pasta Sauce,$1.75,,,24 oz,['Gluten-Free'],,"https://www.instacart.com/image-server/257x257/filters:fill(FFF,true):format(jpg)/d2lnr5mha7bycj.cloudfront.net/product-image/file/large_3737f8fa-2a69-46c9-afbc-054074cd34f2.jpg,"
Aldi,Tuscan Garden Large Ripe Pitted Olives,$1.95,,,6 oz,['Vegan'],Many in stock,"https://www.instacart.com/image-server/257x257/filters:fill(FFF,true):format(jpg)/d2lnr5mha7bycj.cloudfront.net/product-image/file/large_e6761688-dd1a-4653-bb00-36ae37bb6071.jpg,"
Aldi,Casa Mamita Mild Salsa,$1.69,,,24 oz,[],Many in stock,"https://www.instacart.com/image-server/257x257/filters:fill(FFF,true):format(jpg)/d2lnr5mha7bycj.cloudfront.net/product-image/file/large_424798db-ce90-4ca7-b520-69820e820c73.jpg,"
Aldi,Burman's Hot Sauce,$1.49,,,12 fl oz,[],Many in stock,"https://www.instacart.com/image-server/257x257/filters:fill(FFF,true):format(jpg)/d2lnr5mha7bycj.cloudfront.net/product-image/file/large_7b72b0b2-58f8-43bb-987a-b3d6cef33a8d.jpg,"
Aldi,Priano Four Cheese Alfredo Sauce,$2.39,,,15 oz,[],,"https://www.instacart.com/image-server/257x257/filters:fill(FFF,true):format(jpg)/d2lnr5mha7bycj.cloudfront.net/product-image/file/large_e6167d35-03d2-48b7-8664-ea9a0dcaa235.jpg,"
Aldi,Reggano Roasted Garlic Pasta Sauce,$1.75,,,24 oz,[],,"https://www.instacart.com/image-server/257x257/filters:fill(FFF,true):format(jpg)/d2lnr5mha7bycj.cloudfront.net/product-image/file/large_69b5780a-801c-4c88-b365-a5f45e405d1d.jpg,"
Aldi,Simply Nature Organic Ketchup,$2.15,,,20 oz,['Organic'],Many in stock,"https://www.instacart.com/image-server/257x257/filters:fill(FFF,true):format(jpg)/d2lnr5mha7bycj.cloudfront.net/product-image/file/large_117e90f7-78e5-4667-8823-718d4b9112b7.jpg,"
Aldi,Priano Genovese Pesto,$2.45,,,6.7 oz,[],Many in stock,"https://www.instacart.com/image-server/257x257/filters:fill(FFF,true):format(jpg)/d2lnr5mha7bycj.cloudfront.net/product-image/file/large_b1b79f32-78dc-44c2-96b6-e54d1611ef6a.jpg,"
Aldi,Hellmann's Mayonnaise Real Mayo,$6.05,,,30 fl oz,[],Many in stock,"https://www.instacart.com/image-server/257x257/filters:fill(FFF,true):format(jpg)/d2lnr5mha7bycj.cloudfront.net/product-image/file/large_37ad1b10-3bff-48d1-a1e1-77c8b47dcdcd.jpg,"
Aldi,Casa Mamita Salsa Con Queso,$2.09,,,15 oz,[],,"https://www.instacart.com/image-server/257x257/filters:fill(FFF,true):format(jpg)/d2lnr5mha7bycj.cloudfront.net/product-image/file/large_74d1e359-c4e5-448d-b9b5-e0f60943414f.jpg,"
Aldi,Priano Four Cheese Pasta Sauce,$2.35,,,24 oz,[],,"https://www.instacart.com/image-server/257x257/filters:fill(FFF,true):format(jpg)/d2lnr5mha7bycj.cloudfront.net/product-image/file/large_f73b16ce-045d-43a3-a4bc-7497e2b1b225.jpg,"
Aldi,Tuscan Garden Pitted Stuffed Olives,$1.75,,,5.75 oz,[],Many in stock,"https://www.instacart.com/image-server/257x257/filters:fill(FFF,true):format(jpg)/d2lnr5mha7bycj.cloudfront.net/product-image/file/large_b1e80799-7d54-4b29-adea-17f54b703ee3.jpg,"
Aldi,Tuscan Garden Restaurant Style Italian Salad Dressing,$2.49,,,16 fl oz,[],Many in stock,"https://www.instacart.com/image-server/257x257/filters:fill(FFF,true):format(jpg)/d2lnr5mha7bycj.cloudfront.net/product-image/file/large_c1dbc444-ddfb-40d8-ac1f-ef058aae5ec7.jpg,"
Aldi,Casa Mamita Medium Salsa,$1.69,,,24 oz,[],,"https://www.instacart.com/image-server/257x257/filters:fill(FFF,true):format(jpg)/d2lnr5mha7bycj.cloudfront.net/product-image/file/large_b7ef65cf-32e6-46e2-8d6c-6fdb9774b114.jpg,"
Aldi,Burman's Original BBQ Sauce,$1.65,,,18 oz,[],Many in stock,"https://www.instacart.com/image-server/257x257/filters:fill(FFF,true):format(jpg)/d2lnr5mha7bycj.cloudfront.net/product-image/file/large_d032c181-1db8-44dd-8075-b64e8445ee99.jpg,"
Aldi,Great Gherkins Sweet Relish,$1.89,,,16 fl oz,[],Many in stock,"https://www.instacart.com/image-server/257x257/filters:fill(FFF,true):format(jpg)/d2lnr5mha7bycj.cloudfront.net/product-image/file/large_415c6084-f416-4c46-9748-70f3403cb63a.jpg,"
Aldi,Sweet Baby Ray's Barbecue Sauce,$3.29,,,28 oz,['Gluten-Free'],Many in stock,"https://www.instacart.com/image-server/257x257/filters:fill(FFF,true):format(jpg)/d2lnr5mha7bycj.cloudfront.net/product-image/file/large_5dc5d76e-6c42-4fff-a57f-cc00b825e8f3.png,"
Aldi,Simply Nature Tomato Basil Pasta Sauce,$2.19,,,23.5 oz,[],,"https://www.instacart.com/image-server/257x257/filters:fill(FFF,true):format(jpg)/d2lnr5mha7bycj.cloudfront.net/product-image/file/large_01b0c3b1-d12c-4ae3-83f3-4244e5184f64.jpg,"
Aldi,Simply Nature Marinara Pasta Sauce,$2.19,,,25 oz,[],Many in stock,"https://www.instacart.com/image-server/257x257/filters:fill(FFF,true):format(jpg)/d2lnr5mha7bycj.cloudfront.net/product-image/file/large_de655e21-76e7-489f-b884-189aedf18474.jpg,"
Aldi,Casa Mamita Restaurant Style Salsa,$2.85,,,16 oz,[],,"https://www.instacart.com/image-server/257x257/filters:fill(FFF,true):format(jpg)/d2lnr5mha7bycj.cloudfront.net/product-image/file/large_f8798de1-dcdd-4ba8-a8d9-30bd292fdd5b.jpg,"
Aldi,Happy Harvest Sliced Pickled Beets,$1.99,,,16 oz,[],Many in stock,"https://www.instacart.com/image-server/257x257/filters:fill(FFF,true):format(jpg)/d2lnr5mha7bycj.cloudfront.net/product-image/file/large_edb7eb5b-f921-403a-b514-61eab02cb768.jpg,"
Aldi,Cook House Mild Butter Chicken A Creamy Tomato To Simmer Sauce With Almonds & Smoked Paprika,$3.09,,,15 oz,[],,"https://www.instacart.com/image-server/257x257/filters:fill(FFF,true):format(jpg)/d2lnr5mha7bycj.cloudfront.net/product-image/file/large_249a98a4-f955-4a59-976c-4f7454ab7afd.jpg,"
Aldi,OH SNAP! Dill Bites Multipack 6 pack,$5.85,,,6 x 3.25 fl oz,[],,"https://www.instacart.com/image-server/257x257/filters:fill(FFF,true):format(jpg)/d2lnr5mha7bycj.cloudfront.net/product-image/file/large_d22585d2-17b2-4462-8f12-afadb33a1eaf.jpg,"
Aldi,Burman's Teriyaki Sauce,$2.45,,,14.5 oz,[],Many in stock,"https://www.instacart.com/image-server/257x257/filters:fill(FFF,true):format(jpg)/d2lnr5mha7bycj.cloudfront.net/product-image/file/large_65ed206b-1834-43c9-90d9-12db21549d13.jpg,"
Aldi,Burman's Hickory BBQ Sauce,$1.65,,,18 oz,['Gluten-Free'],,"https://www.instacart.com/image-server/257x257/filters:fill(FFF,true):format(jpg)/d2lnr5mha7bycj.cloudfront.net/product-image/file/large_5c66e464-abe6-4405-813b-f6b78c064c88.jpg,"
Aldi,Burman's Reduced Sodium Soy Sauce,$1.75,,,15 fl oz,[],Many in stock,"https://www.instacart.com/image-server/257x257/filters:fill(FFF,true):format(jpg)/d2lnr5mha7bycj.cloudfront.net/product-image/file/large_350d4508-e1b3-445f-a9c1-dc98422348df.jpg,"
Aldi,Burman's Dijon Mustard,$1.45,,,12 oz,['Vegan'],Many in stock,"https://www.instacart.com/image-server/257x257/filters:fill(FFF,true):format(jpg)/d2lnr5mha7bycj.cloudfront.net/product-image/file/large_62215e23-9596-4832-b3df-b6999559b9d2.jpg,"
Aldi,Millville Buttermilk Pancake Mix,$2.15,,,32 oz,[],Many in stock,"https://www.instacart.com/image-server/257x257/filters:fill(FFF,true):format(jpg)/d2lnr5mha7bycj.cloudfront.net/product-image/file/large_80faa41b-3861-441d-a9df-8de63494b170.jpg,"
Aldi,Cinnamon Toast Crunch Breakfast Cereal,$4.85,,,16.8 oz,[],Many in stock,"https://www.instacart.com/image-server/257x257/filters:fill(FFF,true):format(jpg)/d2lnr5mha7bycj.cloudfront.net/product-image/file/large_d0b1f918-3bd9-4f0a-ac55-0e5f3da9ce86.jpg,"
Aldi,"Millville Fruit Rounds Cereal, Sweetened Mulit-Grain Cereal",$1.85,,,12.2 oz,[],Many in stock,"https://www.instacart.com/image-server/257x257/filters:fill(FFF,true):format(jpg)/d2lnr5mha7bycj.cloudfront.net/product-image/file/large_794cdeb7-7bc1-43c7-903e-485d3f864156.jpg,"
Aldi,Honey Nut Cheerios Heart Healthy Cereal With Happy Heart Shapes,$5.19,,,15.4 oz,['Gluten-Free'],Many in stock,"https://www.instacart.com/image-server/257x257/filters:fill(FFF,true):format(jpg)/d2lnr5mha7bycj.cloudfront.net/product-image/file/large_4ffcbc4c-d3e5-4fb8-ab4e-79cee0fe0c44.jpg,"
Aldi,Honey Nut Cheerios Heart Healthy Cereal With Happy Heart Shapes,$5.19,,,15.4 oz,['Gluten-Free'],Many in stock,"https://www.instacart.com/image-server/257x257/filters:fill(FFF,true):format(jpg)/d2lnr5mha7bycj.cloudfront.net/product-image/file/large_4ffcbc4c-d3e5-4fb8-ab4e-79cee0fe0c44.jpg,"
Aldi,Millville Frosted Shredded Wheat 18oz,$2.19,,,18 oz,[],Many in stock,"https://www.instacart.com/image-server/257x257/filters:fill(FFF,true):format(jpg)/d2lnr5mha7bycj.cloudfront.net/product-image/file/large_85cbe3af-cefa-4774-af61-797f3bb704c1.jpg,"
Aldi,Millville Protein Pancake Mix,$4.19,,,18.5 oz,[],Many in stock,"https://www.instacart.com/image-server/257x257/filters:fill(FFF,true):format(jpg)/d2lnr5mha7bycj.cloudfront.net/product-image/file/large_3fee657f-ea98-4480-a801-b9d5ef0ae9f1.jpg,"
Aldi,"Post Cocoa Pebbles Breakfast Cereal Box, Large Size",$4.55,,,15 oz,['Gluten-Free'],,"https://www.instacart.com/image-server/257x257/filters:fill(FFF,true):format(jpg)/d2lnr5mha7bycj.cloudfront.net/product-image/file/large_dd9983b4-4a54-4029-83f5-b5c25097436b.jpg,"
Aldi,Millville Cinnamon Crunch Squares,$3.09,,,19.3 oz,[],Many in stock,"https://www.instacart.com/image-server/257x257/filters:fill(FFF,true):format(jpg)/d2lnr5mha7bycj.cloudfront.net/product-image/file/large_72ed585a-1fcf-4cca-a45f-f2087e416209.jpg,"
Aldi,"Millville Honey Nut Flavored Crispy Oats, Family Size",$2.95,,,19.5 oz,[],Many in stock,"https://www.instacart.com/image-server/257x257/filters:fill(FFF,true):format(jpg)/d2lnr5mha7bycj.cloudfront.net/product-image/file/large_e55bdd02-6470-4f10-a5f4-6a97e7d3bef0.jpg,"
Aldi,Millville Marshmallow and Stars,$2.15,,,11.5 oz,[],,"https://www.instacart.com/image-server/257x257/filters:fill(FFF,true):format(jpg)/d2lnr5mha7bycj.cloudfront.net/product-image/file/large_4e134c24-348e-4656-8f77-f98d02e15fe0.jpg,"
Aldi,"Pop-Tarts Toaster Pastries, Breakfast Foods, Kids Snacks, Frosted Strawberry",$4.35,,,12 ct,[],Many in stock,"https://www.instacart.com/image-server/257x257/filters:fill(FFF,true):format(jpg)/d2lnr5mha7bycj.cloudfront.net/product-image/file/large_8618bc35-7504-45b1-b1b2-90075ae9247b.jpg,"
Aldi,Millville Honey Graham Squares,$2.49,,,12 oz,[],Many in stock,"https://www.instacart.com/image-server/257x257/filters:fill(FFF,true):format(jpg)/d2lnr5mha7bycj.cloudfront.net/product-image/file/large_4220bb46-4a4f-481c-99a7-e192caaf2796.jpg,"
Aldi,"Pop-Tarts Toaster Pastries, Breakfast Foods, Kids Snacks, Frosted Strawberry",$4.35,,,12 ct,[],Many in stock,"https://www.instacart.com/image-server/257x257/filters:fill(FFF,true):format(jpg)/d2lnr5mha7bycj.cloudfront.net/product-image/file/large_8618bc35-7504-45b1-b1b2-90075ae9247b.jpg,"
Aldi,"Post Fruity Pebbles Fruity Pebbles Sweetened Rice Cereal Box, Large Size",$4.55,,,15 oz,['Gluten-Free'],Many in stock,"https://www.instacart.com/image-server/257x257/filters:fill(FFF,true):format(jpg)/d2lnr5mha7bycj.cloudfront.net/product-image/file/large_894dc547-96b6-41b2-bfe0-aa19407cf26e.jpg,"
Aldi,"Pop-Tarts Toaster Pastries, Frosted Brown Sugar Cinnamon",$4.35,,,12 ct,[],,"https://www.instacart.com/image-server/257x257/filters:fill(FFF,true):format(jpg)/d2lnr5mha7bycj.cloudfront.net/product-image/file/large_fc977d18-5cca-4304-95d8-5e670d65bbe0.jpg,"
Aldi,Millville Frosted Strawberry Toaster Tarts,$2.15,,,12 ct,[],,"https://www.instacart.com/image-server/257x257/filters:fill(FFF,true):format(jpg)/d2lnr5mha7bycj.cloudfront.net/product-image/file/large_37f80b01-8b80-4266-8dd1-4d28b73afa0b.jpg,"
Aldi,"Millville Berry Kids Krunch, Sweetened Corn & Oat Cereal",$3.55,,,13 oz,[],Many in stock,"https://www.instacart.com/image-server/257x257/filters:fill(FFF,true):format(jpg)/d2lnr5mha7bycj.cloudfront.net/product-image/file/large_95ad5a2e-385a-4ae0-b047-594a383ac4c2.jpg,"
Aldi,Millville Instant Oatmeal Variety Pack,$1.95,,,10 ct,[],Many in stock,"https://www.instacart.com/image-server/257x257/filters:fill(FFF,true):format(jpg)/d2lnr5mha7bycj.cloudfront.net/product-image/file/large_7ac91dbb-f83e-4026-b519-0969dc12b38f.jpg,"
Aldi,"Post Fruity Pebbles Fruity Pebbles Sweetened Rice Cereal Box, Large Size",$4.55,,,15 oz,['Gluten-Free'],Many in stock,"https://www.instacart.com/image-server/257x257/filters:fill(FFF,true):format(jpg)/d2lnr5mha7bycj.cloudfront.net/product-image/file/large_894dc547-96b6-41b2-bfe0-aa19407cf26e.jpg,"
Aldi,Millville Crunchy Granola Raisin Bran Crunch,$2.99,,,18.2 oz,[],Many in stock,"https://www.instacart.com/image-server/257x257/filters:fill(FFF,true):format(jpg)/d2lnr5mha7bycj.cloudfront.net/product-image/file/large_3af4abe9-d9ce-4e92-9de4-b961ac83c310.jpg,"
Aldi,Millville Chocolate Puffs,$2.15,,,11.8 oz,[],Many in stock,"https://www.instacart.com/image-server/257x257/filters:fill(FFF,true):format(jpg)/d2lnr5mha7bycj.cloudfront.net/product-image/file/large_f56f6396-3fed-4cad-a6dd-5caae0828d34.jpg,"
Aldi,Millville Maple Brown Sugar Instant Oatmeal,$1.95,,,15.1 oz,[],Many in stock,"https://www.instacart.com/image-server/257x257/filters:fill(FFF,true):format(jpg)/d2lnr5mha7bycj.cloudfront.net/product-image/file/large_0d857b99-b119-48cd-be1d-c6ce209f7743.jpg,"
Aldi,Cinnamon Toast Crunch Breakfast Cereal,$4.85,,,16.8 oz,[],Many in stock,"https://www.instacart.com/image-server/257x257/filters:fill(FFF,true):format(jpg)/d2lnr5mha7bycj.cloudfront.net/product-image/file/large_d0b1f918-3bd9-4f0a-ac55-0e5f3da9ce86.jpg,"
Aldi,"Pop-Tarts Toaster Pastries, Frosted Brown Sugar Cinnamon",$4.35,,,12 ct,[],,"https://www.instacart.com/image-server/257x257/filters:fill(FFF,true):format(jpg)/d2lnr5mha7bycj.cloudfront.net/product-image/file/large_fc977d18-5cca-4304-95d8-5e670d65bbe0.jpg,"
Aldi,Millville Crispy Rice,$2.15,,,12 oz,['Gluten-Free'],Many in stock,"https://www.instacart.com/image-server/257x257/filters:fill(FFF,true):format(jpg)/d2lnr5mha7bycj.cloudfront.net/product-image/file/large_89d50895-f347-4c36-bbfb-06150e3c3d9f.jpg,"
Aldi,Millville Family Size Frosted Flakes,$3.65,,,26.8 oz,[],Many in stock,"https://www.instacart.com/image-server/257x257/filters:fill(FFF,true):format(jpg)/d2lnr5mha7bycj.cloudfront.net/product-image/file/large_f1d9c267-57fd-4a64-a9c9-9f782a381ed2.jpg,"
Aldi,"Pop-Tarts Toaster Pastries, Breakfast Foods, Kids Snacks, Frosted Chocolate Fudge",$4.35,,,12 ct,[],Many in stock,"https://www.instacart.com/image-server/257x257/filters:fill(FFF,true):format(jpg)/d2lnr5mha7bycj.cloudfront.net/product-image/file/large_f3884529-e1cb-4242-9ef0-8e8c4b317f8b.jpg,"
Aldi,Millville Cinnamon Brown Sugar Toaster Toarts,$2.15,,,12 ct,[],,"https://www.instacart.com/image-server/257x257/filters:fill(FFF,true):format(jpg)/d2lnr5mha7bycj.cloudfront.net/product-image/file/large_0ea417e4-5d85-4e38-9875-4321d974cada.jpg,"
Aldi,Millville Honey Crunch 'n Oats Original,$2.85,,,14.5 oz,[],Many in stock,"https://www.instacart.com/image-server/257x257/filters:fill(FFF,true):format(jpg)/d2lnr5mha7bycj.cloudfront.net/product-image/file/large_61faa1b3-34ed-4d4f-a614-e1afdbbe659d.jpg,"
Aldi,"Post Cocoa Pebbles Breakfast Cereal Box, Large Size",$4.55,,,15 oz,['Gluten-Free'],,"https://www.instacart.com/image-server/257x257/filters:fill(FFF,true):format(jpg)/d2lnr5mha7bycj.cloudfront.net/product-image/file/large_dd9983b4-4a54-4029-83f5-b5c25097436b.jpg,"
Aldi,Millville Old Fashioned Oats,$4.35,,,42 oz,[],Many in stock,"https://www.instacart.com/image-server/257x257/filters:fill(FFF,true):format(jpg)/d2lnr5mha7bycj.cloudfront.net/product-image/file/large_2d13b9ed-373e-4c68-94a9-2b3938ded6b6.jpg,"
Aldi,Millville Balance Multigrain Squares Cinnamon Flavor,$2.39,,,13 oz,[],,"https://www.instacart.com/image-server/257x257/filters:fill(FFF,true):format(jpg)/d2lnr5mha7bycj.cloudfront.net/product-image/file/large_ffd583c7-bf89-42fc-bc17-7aeaeac73dce.jpg,"
Aldi,Millville Crispy Oats,$1.85,,,12 oz,[],Many in stock,"https://www.instacart.com/image-server/257x257/filters:fill(FFF,true):format(jpg)/d2lnr5mha7bycj.cloudfront.net/product-image/file/large_2c3467f7-b743-4e95-873d-16a5cafd3691.jpg,"
Aldi,"Pop-Tarts Toaster Pastries, Breakfast Foods, Kids Snacks, Frosted Chocolate Fudge",$4.35,,,12 ct,[],Many in stock,"https://www.instacart.com/image-server/257x257/filters:fill(FFF,true):format(jpg)/d2lnr5mha7bycj.cloudfront.net/product-image/file/large_f3884529-e1cb-4242-9ef0-8e8c4b317f8b.jpg,"
Aldi,Millville Raisin Bran,$2.45,,,16.6 oz,[],Many in stock,"https://www.instacart.com/image-server/257x257/filters:fill(FFF,true):format(jpg)/d2lnr5mha7bycj.cloudfront.net/product-image/file/large_b98c8570-f663-4256-a98c-bdd0d289da64.jpg,"
Aldi,brekki Blueberry Ready-to-eat Oats,$2.09,,,150 g,['Gluten-Free'],,"https://www.instacart.com/image-server/257x257/filters:fill(FFF,true):format(jpg)/d2lnr5mha7bycj.cloudfront.net/product-image/file/large_cddc8d51-e4ef-4487-b95a-a46b8d21fa15.jpeg,"
Aldi,Fit & Active Vitality with Red Berries,$2.85,,,11.2 oz,[],Many in stock,"https://www.instacart.com/image-server/257x257/filters:fill(FFF,true):format(jpg)/d2lnr5mha7bycj.cloudfront.net/product-image/file/large_0f15178b-3b80-4ff9-979b-a2f84239e42b.jpg,"
Aldi,Millville Honey Wheat Puffs,$2.35,,,15.3 oz,[],Many in stock,"https://www.instacart.com/image-server/257x257/filters:fill(FFF,true):format(jpg)/d2lnr5mha7bycj.cloudfront.net/product-image/file/large_3ca8b655-1e29-477f-8ae7-a7da9d445949.jpg,"
Aldi,Millville Honey Crunch 'n Oats Almond,$2.85,,,14.5 oz,[],Many in stock,"https://www.instacart.com/image-server/257x257/filters:fill(FFF,true):format(jpg)/d2lnr5mha7bycj.cloudfront.net/product-image/file/large_830a4302-2a44-4b97-b355-405177f5192a.jpg,"
Aldi,Pueblo Lindo Casera Tostadas,$2.45,,,12.8 oz,[],,"https://www.instacart.com/image-server/257x257/filters:fill(FFF,true):format(jpg)/d2lnr5mha7bycj.cloudfront.net/product-image/file/large_0c79718d-f63e-4418-8e88-601168d8e89a.jpg,"
Aldi,Millville Balance Multigrain Squares Original Flavor,$2.39,,,13 oz,[],Many in stock,"https://www.instacart.com/image-server/257x257/filters:fill(FFF,true):format(jpg)/d2lnr5mha7bycj.cloudfront.net/product-image/file/large_5d691b4b-d5e3-49fd-a171-1b159dca490a.jpg,"
Aldi,brekki Dark Chocolate Ready-to-eat Oats,$2.09,,,150 g,['Gluten-Free'],,"https://www.instacart.com/image-server/257x257/filters:fill(FFF,true):format(jpg)/d2lnr5mha7bycj.cloudfront.net/product-image/file/large_22484fd7-961e-4f0e-bd56-b89825dd8427.jpeg,"
Aldi,Millville Quick Oats,$4.35,,,42 oz,[],Many in stock,"https://www.instacart.com/image-server/257x257/filters:fill(FFF,true):format(jpg)/d2lnr5mha7bycj.cloudfront.net/product-image/file/large_2da52fba-2198-47ae-a383-eb9fcace802a.jpg,"
Aldi,Millville Corn Squares,$3.05,,,14 oz,[],Many in stock,"https://www.instacart.com/image-server/257x257/filters:fill(FFF,true):format(jpg)/d2lnr5mha7bycj.cloudfront.net/product-image/file/large_c5881b5a-2ec5-4f49-a394-bca134c5cf48.jpg,"
Aldi,Millville Oats & Honey Granola,$2.55,,,14 oz,[],,"https://www.instacart.com/image-server/257x257/filters:fill(FFF,true):format(jpg)/d2lnr5mha7bycj.cloudfront.net/product-image/file/large_51aca1ab-ef1a-41cf-aa7c-a2c9f60935dc.jpg,"
Aldi,Millville Toaster Tarts Frosted Chocolate Fudge Flavored Pastries,$2.15,,,22 oz,[],Many in stock,"https://www.instacart.com/image-server/257x257/filters:fill(FFF,true):format(jpg)/d2lnr5mha7bycj.cloudfront.net/product-image/file/large_d5572afb-85ea-4d31-b89b-257fb8080a63.jpg,"
Aldi,Friendly Farms Whole Milk,$2.89,,,1 gal,[],Many in stock,"https://www.instacart.com/image-server/257x257/filters:fill(FFF,true):format(jpg)/d2lnr5mha7bycj.cloudfront.net/product-image/file/large_1dffbc49-4d36-470e-986c-eb200db575d7.jpg,"
Aldi,Friendly Farms 2% Milk,$2.89,,,1 gal,[],Many in stock,"https://www.instacart.com/image-server/257x257/filters:fill(FFF,true):format(jpg)/d2lnr5mha7bycj.cloudfront.net/product-image/file/large_8cab9ae7-24e7-450a-869e-ea1e47acb593.jpg,"
Aldi,Friendly Farms 2% Milk,$1.65,,,0.5 gal,[],Many in stock,"https://www.instacart.com/image-server/257x257/filters:fill(FFF,true):format(jpg)/d2lnr5mha7bycj.cloudfront.net/product-image/file/large_eb4145ad-1160-4c3e-aca2-944750d6eead.jpg,"
Aldi,Friendly Farms Whole Milk,$1.65,,,0.5 gal,[],Many in stock,"https://www.instacart.com/image-server/257x257/filters:fill(FFF,true):format(jpg)/d2lnr5mha7bycj.cloudfront.net/product-image/file/large_8ac0e7b7-9611-473a-9149-0761be8edf88.jpg,"
Aldi,Friendly Farms Chocolate Milk,$1.65,,,0.5 gal,[],Many in stock,"https://www.instacart.com/image-server/257x257/filters:fill(FFF,true):format(jpg)/d2lnr5mha7bycj.cloudfront.net/product-image/file/large_c26ddd44-3619-4bf2-a23b-cf5fba93d167.jpg,"
Aldi,Friendly Farms 1% Milk,$2.89,,,1 gal,[],Many in stock,"https://www.instacart.com/image-server/257x257/filters:fill(FFF,true):format(jpg)/d2lnr5mha7bycj.cloudfront.net/product-image/file/large_ad55b9ef-d830-49c8-a827-27962e32f99f.jpg,"
Aldi,Simply Nature Organic Whole Milk,$4.19,,,64 fl oz,['Organic'],Many in stock,"https://www.instacart.com/image-server/257x257/filters:fill(FFF,true):format(jpg)/d2lnr5mha7bycj.cloudfront.net/product-image/file/large_b01db7ff-a935-4b55-b6a8-5c947cfd457b.jpg,"
Aldi,Friendly Farms Skim Milk,$1.65,,,0.5 gal,[],Many in stock,"https://www.instacart.com/image-server/257x257/filters:fill(FFF,true):format(jpg)/d2lnr5mha7bycj.cloudfront.net/product-image/file/large_0a0dc61e-8933-477f-88f8-e75c752f235e.jpg,"
Aldi,Simply Nature Organic 2% Milk,$4.19,,,64 fl oz,['Organic'],Many in stock,"https://www.instacart.com/image-server/257x257/filters:fill(FFF,true):format(jpg)/d2lnr5mha7bycj.cloudfront.net/product-image/file/large_aeb26f49-0a3e-4958-bf81-dbe931e97c64.jpg,"
Aldi,Friendly Farms 2% Lactose Free Milk,$3.55,,,64 fl oz,[],Many in stock,"https://www.instacart.com/image-server/257x257/filters:fill(FFF,true):format(jpg)/d2lnr5mha7bycj.cloudfront.net/product-image/file/large_d52b854a-b3f1-4faa-a00b-57e40e30737a.jpg,"
Aldi,Friendly Farms 1% Milk,$1.65,,,0.5 gal,[],Many in stock,"https://www.instacart.com/image-server/257x257/filters:fill(FFF,true):format(jpg)/d2lnr5mha7bycj.cloudfront.net/product-image/file/large_12465fe5-9647-481e-a08b-e1f7500a5484.jpg,"
Aldi,Friendly Farms Original Oatmilk,$3.65,,,64 fl oz,[],Many in stock,"https://www.instacart.com/image-server/257x257/filters:fill(FFF,true):format(jpg)/d2lnr5mha7bycj.cloudfront.net/product-image/file/large_5730971d-27c4-4540-a42b-d5bd2326b452.jpg,"
Aldi,Friendly Farms Original Unsweetened Almondmilk,$2.55,,,64 fl oz,[],Many in stock,"https://www.instacart.com/image-server/257x257/filters:fill(FFF,true):format(jpg)/d2lnr5mha7bycj.cloudfront.net/product-image/file/large_df755474-1356-4ea6-9fc8-bdbe67492024.jpg,"
Aldi,Simply Nature 2% Omega-3 Milk,$4.29,,,64 fl oz,['Organic'],,"https://www.instacart.com/image-server/257x257/filters:fill(FFF,true):format(jpg)/d2lnr5mha7bycj.cloudfront.net/product-image/file/large_88dfd44d-b22a-4d7e-890b-5ea5b2675407.jpg,"
Aldi,Friendly Farms Vanilla Unsweetened Almondmilk,$2.55,,,64 fl oz,[],Many in stock,"https://www.instacart.com/image-server/257x257/filters:fill(FFF,true):format(jpg)/d2lnr5mha7bycj.cloudfront.net/product-image/file/large_3aae4ec3-8f77-45d6-8775-628431b0c0ef.jpg,"
Aldi,Simply Nature Whole Omega-3 Milk,$4.29,,,64 fl oz,['Organic'],,"https://www.instacart.com/image-server/257x257/filters:fill(FFF,true):format(jpg)/d2lnr5mha7bycj.cloudfront.net/product-image/file/large_6164a9ce-c25e-4da9-a89e-4c573b81984a.jpg,"
Aldi,Friendly Farms Original Coconutmilk,$3.29,,,64 fl oz,[],Many in stock,"https://www.instacart.com/image-server/257x257/filters:fill(FFF,true):format(jpg)/d2lnr5mha7bycj.cloudfront.net/product-image/file/large_a6a02216-5c1f-4851-a072-b2f722029f4e.jpg,"
Aldi,Friendly Farms Lactose Free Fat Free Milk,$3.55,,,64 fl oz,[],,"https://www.instacart.com/image-server/257x257/filters:fill(FFF,true):format(jpg)/d2lnr5mha7bycj.cloudfront.net/product-image/file/large_66dc2a93-c331-4be5-b641-760fb39b49d7.jpg,"
Aldi,Friendly Farms Chocolate Almondmilk,$2.55,,,64 fl oz,[],Many in stock,"https://www.instacart.com/image-server/257x257/filters:fill(FFF,true):format(jpg)/d2lnr5mha7bycj.cloudfront.net/product-image/file/large_1de83e16-787c-4c70-980f-7fe530cd00f6.jpg,"
Aldi,Friendly Farms Lactose Free Whole Milk,$3.55,,,64 fl oz,[],,"https://www.instacart.com/image-server/257x257/filters:fill(FFF,true):format(jpg)/d2lnr5mha7bycj.cloudfront.net/product-image/file/large_b92ddd2c-afe1-40bf-86cc-c4455b2a013c.jpg,"
Aldi,Simply Nature Organic Original Unsweetened Almondmilk,$3.55,,,64 fl oz,['Organic'],Many in stock,"https://www.instacart.com/image-server/257x257/filters:fill(FFF,true):format(jpg)/d2lnr5mha7bycj.cloudfront.net/product-image/file/large_2cd953f6-b0e2-406e-839f-1012d7e8bb6c.jpg,"
Aldi,Friendly Farms Original Sweetened Almondmilk,$2.55,,,64 fl oz,[],Many in stock,"https://www.instacart.com/image-server/257x257/filters:fill(FFF,true):format(jpg)/d2lnr5mha7bycj.cloudfront.net/product-image/file/large_227880ba-9f62-45ac-bb22-a8a4dbe99037.jpg,"
Aldi,Friendly Farms Vanilla Sweetened Almondmilk,$2.55,,,64 fl oz,[],,"https://www.instacart.com/image-server/257x257/filters:fill(FFF,true):format(jpg)/d2lnr5mha7bycj.cloudfront.net/product-image/file/large_448bb5c9-4517-4fce-950b-1091a47d4f24.jpg,"
Aldi,Simply Nature Organic Original Soymilk,$2.65,,,64 fl oz,['Organic'],,"https://www.instacart.com/image-server/257x257/filters:fill(FFF,true):format(jpg)/d2lnr5mha7bycj.cloudfront.net/product-image/file/large_2bb1f5ba-5ee7-412c-9b43-f59f790ef4a3.jpg,"
Aldi,Kirkwood Fresh Family Pack Chicken Breasts,$12.45,/pkg (est.),$2.49 / lb,About 5.0 lb / package,[],,"https://www.instacart.com/image-server/257x257/filters:fill(FFF,true):format(jpg)/d2lnr5mha7bycj.cloudfront.net/product-image/file/large_6d1babd5-e7a4-4d33-8146-d4ddf5ff426a.jpg,"
Aldi,Kirkwood Fresh Chicken Tenderloins,$7.18,each (est.),$3.99 / lb,About 1.8 lb each,[],,"https://www.instacart.com/image-server/257x257/filters:fill(FFF,true):format(jpg)/d2lnr5mha7bycj.cloudfront.net/product-image/file/large_8475b460-c37d-49b0-84b1-81434961e580.jpg,"
Aldi,Kirkwood Fresh 93% Lean Ground Turkey,$4.75,,,19.2 g,[],,"https://www.instacart.com/image-server/257x257/filters:fill(FFF,true):format(jpg)/d2lnr5mha7bycj.cloudfront.net/product-image/file/large_bc192083-5d0f-4639-9b28-a55cfc13b4ab.jpg,"
Aldi,Kirkwood Fresh Chicken Breasts,$6.11,/pkg (est.),$3.49 / lb,About 1.75 lb / package,[],,"https://www.instacart.com/image-server/257x257/filters:fill(FFF,true):format(jpg)/d2lnr5mha7bycj.cloudfront.net/product-image/file/large_fd698d69-2cf1-4a7d-b55d-c576781102a2.jpg,"
Aldi,Appleton Farms Turkey Bacon,$3.85,,,12 oz,[],,"https://www.instacart.com/image-server/257x257/filters:fill(FFF,true):format(jpg)/d2lnr5mha7bycj.cloudfront.net/product-image/file/large_44ec8981-0ae2-4f1f-8c79-4c81c206d384.jpg,"
Aldi,Kirkwood Fresh Thin Sliced Chicken Breasts,$5.59,/pkg (est.),$3.99 / lb,About 1.4 lb / package,[],,"https://www.instacart.com/image-server/257x257/filters:fill(FFF,true):format(jpg)/d2lnr5mha7bycj.cloudfront.net/product-image/file/large_1e59c817-baf4-4fd3-8db1-e3f8c0294ee3.jpg,"
Aldi,Kirkwood Fresh Family Pack Chicken Drumsticks,$5.36,/pkg (est.),$1.19 / lb,About 4.5 lb / package,[],,"https://www.instacart.com/image-server/257x257/filters:fill(FFF,true):format(jpg)/d2lnr5mha7bycj.cloudfront.net/product-image/file/large_327ef6c4-9224-4ec5-bc8d-fdf3e53b38ee.jpg,"
Aldi,Kirkwood Family Pack Chicken Thighs,$8.19,/pkg (est.),$1.59 / lb,About 5.15 lb / package,[],,"https://www.instacart.com/image-server/257x257/filters:fill(FFF,true):format(jpg)/d2lnr5mha7bycj.cloudfront.net/product-image/file/large_4ef9dc61-9b60-4a62-b7ec-7444f733f196.jpg,"
Aldi,Family Pack Antibiotic Free Boneless Skinless Chicken Breasts,$10.82,/pkg (est.),$3.49 / lb,About 3.1 lb / package,[],,"https://www.instacart.com/image-server/257x257/filters:fill(FFF,true):format(jpg)/d2lnr5mha7bycj.cloudfront.net/product-image/file/large_d9dcb804-0e9c-43f9-a1f7-2854313565f2.jpg,"
Aldi,Kirkwood 85/15 Fresh Ground Turkey,$7.69,,,36 oz,[],,"https://www.instacart.com/image-server/257x257/filters:fill(FFF,true):format(jpg)/d2lnr5mha7bycj.cloudfront.net/product-image/file/large_6ccf04bf-44fd-4e39-82dc-97518f9a887a.jpg,"
Aldi,Kirkwood Fresh Chicken Drumsticks,$6.24,/pkg (est.),$1.89 / lb,About 3.3 lb / package,[],,"https://www.instacart.com/image-server/257x257/filters:fill(FFF,true):format(jpg)/d2lnr5mha7bycj.cloudfront.net/product-image/file/large_98a034b0-d435-4be9-9d2b-aec825926399.jpg,"
Aldi,Family Pack Antibiotic Free B/S Chicken Thighs,$11.16,/pkg (est.),$2.79 / lb,About 4.0 lb / package,[],,"https://www.instacart.com/image-server/257x257/filters:fill(FFF,true):format(jpg)/d1s8987jlndkbs.cloudfront.net/assets/missing-item-4bbe82b8555e4d1c12626fd482cb2409713e8e30835645ff3650ef66a725d03c.png,"
Aldi,Fresh Sounthwest Seasoned Chicken,$8.68,each (est.),$5.79 / lb,About 1.5 lb each,[],,"https://www.instacart.com/image-server/257x257/filters:fill(FFF,true):format(jpg)/d2lnr5mha7bycj.cloudfront.net/product-image/file/large_460f60f7-15c4-4b96-b5ae-d9029ed1ae15.png,"
Aldi,Kirkwood Garlic and Herb Chicken Breasts,$8.25,,,40 oz,[],,"https://www.instacart.com/image-server/257x257/filters:fill(FFF,true):format(jpg)/d2lnr5mha7bycj.cloudfront.net/product-image/file/large_132bb065-e7b9-4d09-8fc8-3b27116a1b7f.jpg,"
Aldi,Kirkwood 99% Lean Ground Turkey,$5.49,,,16 oz,[],,"https://www.instacart.com/image-server/257x257/filters:fill(FFF,true):format(jpg)/d2lnr5mha7bycj.cloudfront.net/product-image/file/large_8d2bea6b-4536-4adc-a32c-05d368cd518a.jpg,"
Aldi,Fresh Teriyaki Seasoned Chicken,$8.68,each (est.),$5.79 / lb,About 1.5 lb each,[],,"https://www.instacart.com/image-server/257x257/filters:fill(FFF,true):format(jpg)/d2lnr5mha7bycj.cloudfront.net/product-image/file/large_7cdc07f1-6150-4f86-870d-4e4993ced102.png,"
Aldi,Fresh Family Pack Boneless Skinless Chicken Thighs,$8.22,/pkg (est.),$2.99 / lb,About 2.75 lb / package,[],,"https://www.instacart.com/image-server/257x257/filters:fill(FFF,true):format(jpg)/d2lnr5mha7bycj.cloudfront.net/product-image/file/large_7cdc07f1-6150-4f86-870d-4e4993ced102.png,"
Aldi,Perdue Fresh Antibiotic Free Boneless Skinless Chicken Breasts,$7.60,each (est.),$4.75 / lb,About 1.6 lb each,[],,"https://www.instacart.com/image-server/257x257/filters:fill(FFF,true):format(jpg)/d2lnr5mha7bycj.cloudfront.net/product-image/file/large_38e87b52-03af-45ef-a3b7-4d8b4aa92e96.jpg,"
Aldi,Bremer Buffalo Chicken Style Meatballs,$5.99,,,26 oz,[],,"https://www.instacart.com/image-server/257x257/filters:fill(FFF,true):format(jpg)/d2lnr5mha7bycj.cloudfront.net/product-image/file/large_f59020f0-07b4-4aa2-a991-286e9c2e6bcb.jpg,"
Aldi,Kirkwood Fresh Split Chicken Breasts,$5.10,/pkg (est.),$1.89 / lb,About 2.7 lb / package,[],,"https://www.instacart.com/image-server/257x257/filters:fill(FFF,true):format(jpg)/d2lnr5mha7bycj.cloudfront.net/product-image/file/large_d78c764c-8843-41b2-bca7-895d0ae9fe7c.jpg,"
Aldi,Perdue Fresh Antibiotic Free Thin Sliced Chicken Breasts,$6.84,/pkg (est.),$6.05 / lb,About 1.13 lb / package,[],,"https://www.instacart.com/image-server/257x257/filters:fill(FFF,true):format(jpg)/d2lnr5mha7bycj.cloudfront.net/product-image/file/large_c39758bd-a444-426a-b0eb-6bfec26b5cdc.jpg,"
Aldi,Perdue Fresh Antibiotic Free ChickenTenderloin,$5.85,/pkg (est.),$5.85 / lb,About 1.0 lb / package,[],,"https://www.instacart.com/image-server/257x257/filters:fill(FFF,true):format(jpg)/d2lnr5mha7bycj.cloudfront.net/product-image/file/large_540900be-e2c7-4457-872f-50f6a9479fcd.jpg,"
Aldi,Kirkwood Cornish Hens,$4.75,,,22 oz,[],,"https://www.instacart.com/image-server/257x257/filters:fill(FFF,true):format(jpg)/d2lnr5mha7bycj.cloudfront.net/product-image/file/large_16013e27-1cca-40e0-9d50-03e96d500503.jpeg,"
Aldi,Perdue Fresh Antibiotic Free Boneless Skinless Chicken Thighs,$7.36,each (est.),$4.09 / lb,About 1.8 lb each,[],,"https://www.instacart.com/image-server/257x257/filters:fill(FFF,true):format(jpg)/d2lnr5mha7bycj.cloudfront.net/product-image/file/large_b2311e16-5af8-471f-8dcc-62e4306a164c.jpg,"
Aldi,Kirkwood Fresh Chicken Leg Quarters,$5.95,/pkg (est.),$1.19 / lb,About 5.0 lb / package,[],,"https://www.instacart.com/image-server/257x257/filters:fill(FFF,true):format(jpg)/d2lnr5mha7bycj.cloudfront.net/product-image/file/large_4ad45d1b-9c1d-4fec-a395-ea41e3d0f576.jpg,"
Aldi,Simply Nature Fresh Chicken Breast Strips,$8.94,each (est.),$7.15 / lb,About 1.25 lb each,['Organic'],,"https://www.instacart.com/image-server/257x257/filters:fill(FFF,true):format(jpg)/d2lnr5mha7bycj.cloudfront.net/product-image/file/large_f34111a4-09aa-4a6e-b5e2-5fdaf14f0a7b.jpg,"
Aldi,Perdue No Antibiotics Ever Whole Young Chicken,$6.89,,,3.75 lb,[],,"https://www.instacart.com/image-server/257x257/filters:fill(FFF,true):format(jpg)/d2lnr5mha7bycj.cloudfront.net/product-image/file/large_c88c23ba-2fb6-4ab0-855c-fd0e1b718340.jpg,"
Aldi,Simply Nature Fresh Organic Young Bird,$14.51,each (est.),$2.79 / lb,About 5.2 lb each,['Organic'],,"https://www.instacart.com/image-server/257x257/filters:fill(FFF,true):format(jpg)/d2lnr5mha7bycj.cloudfront.net/product-image/file/large_2e544975-6001-4eb7-9bff-2341b2882cb1.jpg,"
Aldi,Kirkwood Fresh Chicken Thighs,$6.96,/pkg (est.),$1.99 / lb,About 3.5 lb / package,[],,"https://www.instacart.com/image-server/257x257/filters:fill(FFF,true):format(jpg)/d2lnr5mha7bycj.cloudfront.net/product-image/file/large_03008c7a-3014-4a6e-9f48-fe9ddb787e27.jpg,"
Aldi,Simply Nature Fresh Organic Chicken Breasts,$6.39,/pkg (est.),$6.39 / lb,About 1.0 lb / package,['Organic'],,"https://www.instacart.com/image-server/257x257/filters:fill(FFF,true):format(jpg)/d2lnr5mha7bycj.cloudfront.net/product-image/file/large_2981946b-32aa-42af-9248-c4b0a2c11bb4.jpg,"
Aldi,Mama Cozzi's Pizza Kitchen Thin Crust Pepperoni Pizza,$3.25,,,14.3 oz,[],,"https://www.instacart.com/image-server/257x257/filters:fill(FFF,true):format(jpg)/d2lnr5mha7bycj.cloudfront.net/product-image/file/large_0cfe9488-dbbf-4008-a101-4ed4ed178eff.jpg,"
Aldi,Mama Cozzi's Pizza Kitchen Pepperoni French Bread Pizza,$3.29,,,11.25 oz,[],Many in stock,"https://www.instacart.com/image-server/257x257/filters:fill(FFF,true):format(jpg)/d2lnr5mha7bycj.cloudfront.net/product-image/file/large_167180d3-a39b-4958-8a10-0ed546ce101e.jpg,"
Aldi,Bremer Chicken Pot Pie,$1.09,,,7 oz,[],Many in stock,"https://www.instacart.com/image-server/257x257/filters:fill(FFF,true):format(jpg)/d2lnr5mha7bycj.cloudfront.net/product-image/file/large_2592441f-e74b-4f61-9875-bce100be9a3f.jpg,"
Aldi,Giovanni Rana Signature Meal Kit Chicken Alfredo,$15.39,,,39 oz,[],,"https://www.instacart.com/image-server/257x257/filters:fill(FFF,true):format(jpg)/d2lnr5mha7bycj.cloudfront.net/product-image/file/large_ededdcd1-a8c1-4439-a194-f7f21378b2e4.jpg,"
Aldi,Casa Mamita Beef and Bean Burritos,$4.19,,,32 oz,[],,"https://www.instacart.com/image-server/257x257/filters:fill(FFF,true):format(jpg)/d2lnr5mha7bycj.cloudfront.net/product-image/file/large_8a157932-8085-4520-9318-d01990cb7a5d.jpg,"
Aldi,"Bremer Garlic Chicken Pasta In A Garlic Sauce With Broccoli, Carrots, Corn And Seasoned White Meat Chicken",$4.65,,,21 oz,[],,"https://www.instacart.com/image-server/257x257/filters:fill(FFF,true):format(jpg)/d2lnr5mha7bycj.cloudfront.net/product-image/file/large_06c53ff4-99b8-4c15-aa78-116c9c8fd74a.jpg,"
Aldi,Bremer Potato And Cheddar Pierogies,$2.99,,,16 oz,[],,"https://www.instacart.com/image-server/257x257/filters:fill(FFF,true):format(jpg)/d2lnr5mha7bycj.cloudfront.net/product-image/file/large_d56b5dd5-2d4a-49ec-afd0-c7edb06d78e2.jpg,"
Aldi,Whole & Simple Mediterranean Chicken Quinoa Bowl,$3.45,,,10.5 oz,[],,"https://www.instacart.com/image-server/257x257/filters:fill(FFF,true):format(jpg)/d2lnr5mha7bycj.cloudfront.net/product-image/file/large_5e508241-8a96-47f6-aa26-a4424f58e75e.jpg,"
Aldi,Whole & Simple Southwestern Style Chicken Quinoa Bowl,$3.45,,,10.5 oz,[],,"https://www.instacart.com/image-server/257x257/filters:fill(FFF,true):format(jpg)/d2lnr5mha7bycj.cloudfront.net/product-image/file/large_764e0799-d6bf-46bc-b721-455593288a6a.jpg,"
Aldi,Bremer Alfredo Chicken Skillet,$4.65,,,21 oz,[],,"https://www.instacart.com/image-server/257x257/filters:fill(FFF,true):format(jpg)/d2lnr5mha7bycj.cloudfront.net/product-image/file/large_ebb203f8-d034-4e29-85d4-aa98c0071267.jpg,"
Aldi,Bremer Chicken Pita Melt,$5.49,,,15 oz,[],,"https://www.instacart.com/image-server/257x257/filters:fill(FFF,true):format(jpg)/d2lnr5mha7bycj.cloudfront.net/product-image/file/large_d5f5d0d4-1269-482d-b715-bc28e9031981.jpg,"
Aldi,Casa Mamita Bean and Cheese Burritos,$4.19,,,32 oz,[],Many in stock,"https://www.instacart.com/image-server/257x257/filters:fill(FFF,true):format(jpg)/d2lnr5mha7bycj.cloudfront.net/product-image/file/large_85e0690f-a3bf-43f7-ba10-9232e04f0c2f.jpg,"
Aldi,Bremer Lasagna with Meat Sauce,$7.15,,,38 oz,[],,"https://www.instacart.com/image-server/257x257/filters:fill(FFF,true):format(jpg)/d2lnr5mha7bycj.cloudfront.net/product-image/file/large_19a3d6d8-973d-4e5e-9aa3-2489e92b91ab.jpg,"
Aldi,Fusia Chicken Fried Rice,$6.15,,,22 oz,[],Many in stock,"https://www.instacart.com/image-server/257x257/filters:fill(FFF,true):format(jpg)/d2lnr5mha7bycj.cloudfront.net/product-image/file/large_e3cd53d3-2625-41eb-b08d-4ed415ab01d8.jpg,"
Aldi,Mama Cozzi's Pizza Kitchen Original Thin Crust Cheese Pizza,$3.25,,,13.8 oz,[],,"https://www.instacart.com/image-server/257x257/filters:fill(FFF,true):format(jpg)/d2lnr5mha7bycj.cloudfront.net/product-image/file/large_a6815e79-a7e5-4eff-818f-9cdcdfa20006.jpg,"
Aldi,Casa Mamita Beef Chimichangas,$1.35,,,5 oz,[],Many in stock,"https://www.instacart.com/image-server/257x257/filters:fill(FFF,true):format(jpg)/d2lnr5mha7bycj.cloudfront.net/product-image/file/large_4d0f0e4c-18f6-47a3-876a-574b41f6983c.jpg,"
Aldi,Fusia Chicken Lo Mein,$6.15,,,20 oz,[],,"https://www.instacart.com/image-server/257x257/filters:fill(FFF,true):format(jpg)/d2lnr5mha7bycj.cloudfront.net/product-image/file/large_f6e78f01-2ae6-40f0-953c-f625df61be26.jpg,"
Aldi,Priano Spinach & Cheese Manicotti,$5.85,,,19 oz,[],,"https://www.instacart.com/image-server/257x257/filters:fill(FFF,true):format(jpg)/d2lnr5mha7bycj.cloudfront.net/product-image/file/large_1fa765e8-d1de-4202-91a8-105bfb1ccafd.jpg,"
Aldi,Mama Cozzi's Pizza Kitchen Original Thin Crust Supreme Pizza,$3.25,,,15.8 oz,[],,"https://www.instacart.com/image-server/257x257/filters:fill(FFF,true):format(jpg)/d2lnr5mha7bycj.cloudfront.net/product-image/file/large_6d2820ca-64cb-461e-b890-cc6622925acd.jpg,"
Aldi,Mama Cozzi's Pizza Kitchen Pepperoni Pizza Bagels,$6.89,,,28 oz,[],,"https://www.instacart.com/image-server/257x257/filters:fill(FFF,true):format(jpg)/d2lnr5mha7bycj.cloudfront.net/product-image/file/large_12b0a768-5076-48d4-b456-fa8baa83484a.jpg,"
Aldi,"White Castle Sliders, Classic Cheese",$15.39,,,16 ct,[],,"https://www.instacart.com/image-server/257x257/filters:fill(FFF,true):format(jpg)/d2lnr5mha7bycj.cloudfront.net/product-image/file/large_28cefa2b-09eb-45c6-bb2a-32c95c6c0059.jpg,"
Aldi,Fusia Asian Inspiration Veggie Spring Rolls,$4.99,,,10 oz,[],,"https://www.instacart.com/image-server/257x257/filters:fill(FFF,true):format(jpg)/d2lnr5mha7bycj.cloudfront.net/product-image/file/large_8c663b02-35ea-41d9-9a2a-c730abc98202.jpg,"
Aldi,Mama Cozzi's Pizza Kitchen Stuffed Crust Chicken Bacon Ranch Pizza,$7.69,,,30.25 oz,[],Many in stock,"https://www.instacart.com/image-server/257x257/filters:fill(FFF,true):format(jpg)/d2lnr5mha7bycj.cloudfront.net/product-image/file/large_87f4aa60-5fea-4f9b-b60a-50c46f18d8cd.jpg,"
Aldi,Fremont Fish Market Bacon Scallop Bite,$4.99,,,11 oz,[],,"https://www.instacart.com/image-server/257x257/filters:fill(FFF,true):format(jpg)/d2lnr5mha7bycj.cloudfront.net/product-image/file/large_c3babd37-c4da-48ec-acd3-4e89ab7937b7.jpg,"
Aldi,Mama Cozzi's Pizza Kitchen Original Thin Meat Lover's Pizza,$3.25,,,14.4 oz,[],,"https://www.instacart.com/image-server/257x257/filters:fill(FFF,true):format(jpg)/d2lnr5mha7bycj.cloudfront.net/product-image/file/large_96411b8f-1eaa-4ee4-83d7-e4d6a250e919.jpg,"
Aldi,Giovanni Rana Signature Meal Kit Chicken Alfredo,$15.39,,,39 oz,[],,"https://www.instacart.com/image-server/257x257/filters:fill(FFF,true):format(jpg)/d2lnr5mha7bycj.cloudfront.net/product-image/file/large_ededdcd1-a8c1-4439-a194-f7f21378b2e4.jpg,"
Aldi,Mama Cozzi's Pizza Kitchen Original Thin Crust Sausage,$3.25,,,14.9 oz,[],,"https://www.instacart.com/image-server/257x257/filters:fill(FFF,true):format(jpg)/d2lnr5mha7bycj.cloudfront.net/product-image/file/large_6e288d58-07cb-483b-bd67-047adf7fba02.jpg,"
Aldi,"Mama Cozzi's Pizza Kitchen Three Meat Pepperoni, Sausage, Beef Topping Pepperoni Made With Pork, Chicken & Beef, Sausage Made With Pork & Chicken Cheese Stuffed Crust Pizza",$7.69,,,31.9 oz,[],,"https://www.instacart.com/image-server/257x257/filters:fill(FFF,true):format(jpg)/d2lnr5mha7bycj.cloudfront.net/product-image/file/large_81263494-fc92-465b-b35a-a809608738e6.jpg,"
Aldi,Fusia Shrimp & Avocado Roll,$5.49,,,11.5 oz,[],,"https://www.instacart.com/image-server/257x257/filters:fill(FFF,true):format(jpg)/d1s8987jlndkbs.cloudfront.net/assets/missing-item-4bbe82b8555e4d1c12626fd482cb2409713e8e30835645ff3650ef66a725d03c.png,"
Aldi,Mama Cozzi's Pizza Kitchen Pepperoni Cheese Stuffed Crust Pizza,$7.69,,,31.9 oz,[],,"https://www.instacart.com/image-server/257x257/filters:fill(FFF,true):format(jpg)/d2lnr5mha7bycj.cloudfront.net/product-image/file/large_846eb059-ceb0-46bf-9df9-d9ef74455349.jpg,"
Aldi,Mama Cozzi's Pizza Kitchen Cheese Rising Crust Pizza,$5.49,,,27.85 oz,[],Many in stock,"https://www.instacart.com/image-server/257x257/filters:fill(FFF,true):format(jpg)/d2lnr5mha7bycj.cloudfront.net/product-image/file/large_2284254a-5e23-4576-999c-2ebbdad2d311.jpg,"
Aldi,Mama Cozzi's Pizza Kitchen Pepperoni Rising Crust Pizza,$5.49,,,29.75 oz,[],,"https://www.instacart.com/image-server/257x257/filters:fill(FFF,true):format(jpg)/d2lnr5mha7bycj.cloudfront.net/product-image/file/large_a22f1e80-d8fc-463b-b7ab-082f52adceb6.jpg,"
Aldi,Casa Mamita Mini Veggie Tacos,$5.99,,,17.5 oz,[],,"https://www.instacart.com/image-server/257x257/filters:fill(FFF,true):format(jpg)/d2lnr5mha7bycj.cloudfront.net/product-image/file/large_e810be08-67ea-48cb-96eb-579867378260.jpg,"
Aldi,"Mama Cozzi's Pizza Kitchen Three Cheese Cauliflower Crust Pizza With Tomato Sauce, Oregano & Garlic",$5.95,,,11.64 oz,['Gluten-Free'],,"https://www.instacart.com/image-server/257x257/filters:fill(FFF,true):format(jpg)/d2lnr5mha7bycj.cloudfront.net/product-image/file/large_ab523b6b-4b09-40d6-9cf8-51809a247760.jpg,"
Aldi,"Mama Cozzi's Pizza Kitchen Margherita Cauliflower Crust Pizza With Tomato Sauce, Oregano & Garlic Crust Pizza",$5.95,,,11.64 oz,['Gluten-Free'],,"https://www.instacart.com/image-server/257x257/filters:fill(FFF,true):format(jpg)/d2lnr5mha7bycj.cloudfront.net/product-image/file/large_1a5f0c1d-f5ad-4540-bf5e-4b38d3cb6006.jpg,"
Aldi,"Texas Tamale Company Tamales, Gourmet, Pork",$8.48,,,12 ct,['Gluten-Free'],,"https://www.instacart.com/image-server/257x257/filters:fill(FFF,true):format(jpg)/d2lnr5mha7bycj.cloudfront.net/product-image/file/large_e557ce73-8a78-461b-a9cb-7676994d61c7.jpg,"
Aldi,Mama Cozzi's Pizza Kitchen Pepperoni & Mozzarella Flatbread,$5.39,,,13.1 oz,[],,"https://www.instacart.com/image-server/257x257/filters:fill(FFF,true):format(jpg)/d2lnr5mha7bycj.cloudfront.net/product-image/file/large_54e150f8-c02d-4f4b-af73-e2454222885f.jpg,"
Aldi,Sasquatch Pizza Co. Cheese and Pepperoni Pizza,$8.99,,,51.4 oz,[],,"https://www.instacart.com/image-server/257x257/filters:fill(FFF,true):format(jpg)/d1s8987jlndkbs.cloudfront.net/assets/missing-item-4bbe82b8555e4d1c12626fd482cb2409713e8e30835645ff3650ef66a725d03c.png,"
Aldi,Mama Cozzi's Pizza Kitchen Heart Shaped Pizza,$4.99,,,12 oz,[],,"https://www.instacart.com/image-server/257x257/filters:fill(FFF,true):format(jpg)/d2lnr5mha7bycj.cloudfront.net/product-image/file/large_a30d32d3-1e07-4ec5-9bd6-26765e2d0db8.jpg,"
Aldi,"Mama Cozzi's Pizza Kitchen 12"" Veggie Cauliflower Crust Deli Pizza",$8.79,,,17.6 oz,[],,"https://www.instacart.com/image-server/257x257/filters:fill(FFF,true):format(jpg)/d2lnr5mha7bycj.cloudfront.net/product-image/file/large_541d1502-d302-4ba3-b149-f4ca73e2e363.jpg,"
Aldi,Mama Cozzi's Pizza Kitchen Football Shaped Pizza,$4.99,,,12 oz,[],,"https://www.instacart.com/image-server/257x257/filters:fill(FFF,true):format(jpg)/d1s8987jlndkbs.cloudfront.net/assets/missing-item-4bbe82b8555e4d1c12626fd482cb2409713e8e30835645ff3650ef66a725d03c.png,"
Aldi,Friendly Farms Moo Tubes Strawberry and Blueberry Yogurt,$1.75,,,2 oz,[],,"https://www.instacart.com/image-server/257x257/filters:fill(FFF,true):format(jpg)/d2lnr5mha7bycj.cloudfront.net/product-image/file/large_7b853e2e-4273-4acb-9d8e-62248d5a0161.jpg,"
Aldi,Friendly Farms Nonfat Vanilla Blended Greek Yogurt,$3.85,,,32 oz,[],Many in stock,"https://www.instacart.com/image-server/257x257/filters:fill(FFF,true):format(jpg)/d2lnr5mha7bycj.cloudfront.net/product-image/file/large_e3cc4918-0a7f-4283-b2de-b2d946b8919b.jpg,"
Aldi,Friendly Farms Nonfat Plain Greek Yogurt,$3.85,,,32 oz,[],,"https://www.instacart.com/image-server/257x257/filters:fill(FFF,true):format(jpg)/d2lnr5mha7bycj.cloudfront.net/product-image/file/large_b53f6f8b-5963-4e04-b07e-f3c7d240dedf.jpg,"
Aldi,"Lifeway Kefir, Plain Unsweetened",$3.65,,,32 fl oz,['Organic'],,"https://www.instacart.com/image-server/257x257/filters:fill(FFF,true):format(jpg)/d2lnr5mha7bycj.cloudfront.net/product-image/file/large_fade5277-745a-4ef1-af4d-95834575fda8.jpg,"
Aldi,Friendly Farms Moo Tubes Cotton Candy and Melonberry Yogurt,$1.75,,,2 oz,[],,"https://www.instacart.com/image-server/257x257/filters:fill(FFF,true):format(jpg)/d2lnr5mha7bycj.cloudfront.net/product-image/file/large_817530ee-9da0-49e1-9118-0344392010d0.jpg,"
Aldi,Danimals Strawberry Explosion Dairy Drink Multi-Pack Smoothie Bottles,$3.65,,,6 x 3.1 fl oz,[],Many in stock,"https://www.instacart.com/image-server/257x257/filters:fill(FFF,true):format(jpg)/d2lnr5mha7bycj.cloudfront.net/product-image/file/large_2829539a-bb99-4fdd-bb2a-80a6f2d32d53.jpg,"
Aldi,YoCrunch Vanilla Low Fat Yogurt Cups with OREO(R) Cookie Pieces and Mini M&M'S(R),$7.85,,,8 x 6 oz,[],Many in stock,"https://www.instacart.com/image-server/257x257/filters:fill(FFF,true):format(jpg)/d2lnr5mha7bycj.cloudfront.net/product-image/file/large_5b927bb7-24f5-492b-aeca-f821ebe13c1a.jpg,"
Aldi,Friendly Farms Plain Whole Milk Greek Yogurt,$3.85,,,32 oz,[],Many in stock,"https://www.instacart.com/image-server/257x257/filters:fill(FFF,true):format(jpg)/d2lnr5mha7bycj.cloudfront.net/product-image/file/large_cb7138e3-667e-43e8-acc9-7711c0667d3a.jpg,"
Aldi,Friendly Farms Protein Vanilla Greek Yogurt 4-pack,$3.95,,,5.3 oz,[],Many in stock,"https://www.instacart.com/image-server/257x257/filters:fill(FFF,true):format(jpg)/d2lnr5mha7bycj.cloudfront.net/product-image/file/large_095111c5-2028-4bfd-ba69-3b903e6d526c.jpg,"
Aldi,Friendly Farms Protein Mixed Berry Greek Yogurt 4-pack,$3.95,,,4 x 5.3 oz,[],,"https://www.instacart.com/image-server/257x257/filters:fill(FFF,true):format(jpg)/d2lnr5mha7bycj.cloudfront.net/product-image/file/large_2792ec40-f251-4099-929b-5625c07f5e42.jpg,"
Aldi,Little Journey Apple Banana Peach Yogurt,$0.95,,,4 oz,['Organic'],,"https://www.instacart.com/image-server/257x257/filters:fill(FFF,true):format(jpg)/d2lnr5mha7bycj.cloudfront.net/product-image/file/large_f45ba741-3347-440e-bd1c-61ab50a128be.jpg,"
Aldi,Friendly Farms Lowfat Peach Yogurt,$0.65,,,6 oz,[],Many in stock,"https://www.instacart.com/image-server/257x257/filters:fill(FFF,true):format(jpg)/d2lnr5mha7bycj.cloudfront.net/product-image/file/large_f2ff65bf-df21-4558-88da-b5c5e05dbb47.jpg,"
Aldi,Friendly Farms Lowfat Strawberry Yogurt,$0.65,,,6 oz,[],,"https://www.instacart.com/image-server/257x257/filters:fill(FFF,true):format(jpg)/d2lnr5mha7bycj.cloudfront.net/product-image/file/large_bcdb6a50-babd-4c53-a823-576b0d0314a9.jpg,"
Aldi,Friendly Farms Nonfat Black Cherry on the Bottom Greek Yogurt,$0.69,,,5.3 oz,[],,"https://www.instacart.com/image-server/257x257/filters:fill(FFF,true):format(jpg)/d2lnr5mha7bycj.cloudfront.net/product-image/file/large_8ae0b464-72d9-46e7-8697-a2c88470d28f.jpg,"
Aldi,Friendly Farms Whole Milk Toasted Coconut Vanilla Greek Yogurt,$0.69,,,5.3 oz,[],Many in stock,"https://www.instacart.com/image-server/257x257/filters:fill(FFF,true):format(jpg)/d2lnr5mha7bycj.cloudfront.net/product-image/file/large_9c6476b8-9078-4259-a735-1850cb9d8e98.jpg,"
Aldi,Friendly Farms Nonfat Strawberry on the Bottom Greek Yogurt,$0.69,,,5.3 oz,[],,"https://www.instacart.com/image-server/257x257/filters:fill(FFF,true):format(jpg)/d2lnr5mha7bycj.cloudfront.net/product-image/file/large_c85fb27f-e38b-4277-9542-98b0c4b12ac6.jpg,"
Aldi,Friendly Farms Whole Milk Key Lime Greek Yogurt,$0.69,,,5.3 oz,[],Many in stock,"https://www.instacart.com/image-server/257x257/filters:fill(FFF,true):format(jpg)/d2lnr5mha7bycj.cloudfront.net/product-image/file/large_4b93deb9-7393-4669-b498-451cd8b5ccf9.jpg,"
Aldi,Friendly Farms Nonfat Blueberry on the Bottom Greek Yogurt,$0.69,,,5.3 oz,[],,"https://www.instacart.com/image-server/257x257/filters:fill(FFF,true):format(jpg)/d2lnr5mha7bycj.cloudfront.net/product-image/file/large_db9aab7e-fe9a-44e7-9c01-a94fc4897f97.jpg,"
Aldi,Friendly Farms Lowfat Cherry Yogurt,$0.65,,,6 oz,[],Many in stock,"https://www.instacart.com/image-server/257x257/filters:fill(FFF,true):format(jpg)/d2lnr5mha7bycj.cloudfront.net/product-image/file/large_34ef78d4-3ade-4c75-bccb-009ef341ea82.jpg,"
Aldi,Friendly Farms Nonfat Vanilla Yogurt,$2.45,,,32 oz,[],,"https://www.instacart.com/image-server/257x257/filters:fill(FFF,true):format(jpg)/d2lnr5mha7bycj.cloudfront.net/product-image/file/large_24d7f52c-cf10-4fc6-9c0f-a03b27ccf4db.jpg,"
Aldi,Friendly Farms 100 Calorie Blueberry Greek Yogurt,$0.69,,,5.3 oz,[],Many in stock,"https://www.instacart.com/image-server/257x257/filters:fill(FFF,true):format(jpg)/d2lnr5mha7bycj.cloudfront.net/product-image/file/large_dbf63ff1-0ebc-4923-a68f-2eb369509c11.jpg,"
Aldi,Friendly Farms Nonfat Raspberry on the Bottom Greek Yogurt,$0.69,,,5.3 oz,[],,"https://www.instacart.com/image-server/257x257/filters:fill(FFF,true):format(jpg)/d2lnr5mha7bycj.cloudfront.net/product-image/file/large_0e1db175-2664-43ee-a007-1d24d2116d72.jpg,"
Aldi,Friendly Farms 100 Calorie Strawberry Greek Yogurt,$0.69,,,5.3 oz,[],,"https://www.instacart.com/image-server/257x257/filters:fill(FFF,true):format(jpg)/d2lnr5mha7bycj.cloudfront.net/product-image/file/large_d16e175c-2102-43e3-be2b-ef84cae6cb33.jpg,"
Aldi,Friendly Farms Nonfat Strawberry Greek Yogurt,$3.85,,,32 oz,[],,"https://www.instacart.com/image-server/257x257/filters:fill(FFF,true):format(jpg)/d2lnr5mha7bycj.cloudfront.net/product-image/file/large_8a32a3c0-ad88-4d79-ad0f-5ebde4c96083.jpg,"
Aldi,Friendly Farms Vanilla Low Sugar Greek Yogurt,$5.45,,,32 oz,[],,"https://www.instacart.com/image-server/257x257/filters:fill(FFF,true):format(jpg)/d2lnr5mha7bycj.cloudfront.net/product-image/file/large_1da6844a-6a2e-4d58-95a4-1b831cc72371.jpg,"
Aldi,Friendly Farms Lowfat Raspberry Yogurt,$0.65,,,6 oz,[],Many in stock,"https://www.instacart.com/image-server/257x257/filters:fill(FFF,true):format(jpg)/d2lnr5mha7bycj.cloudfront.net/product-image/file/large_176ce948-4cae-41f3-b754-3aee72b598cd.jpg,"
Aldi,Friendly Farms Lowfat Strawberry Banana Yogurt,$0.65,,,6 oz,[],,"https://www.instacart.com/image-server/257x257/filters:fill(FFF,true):format(jpg)/d2lnr5mha7bycj.cloudfront.net/product-image/file/large_ba2f2c7c-847d-41e7-bec0-1945bf5d3939.jpg,"
Aldi,Friendly Farms Nonfat Blueberry Yogurt,$0.65,,,6 oz,[],Many in stock,"https://www.instacart.com/image-server/257x257/filters:fill(FFF,true):format(jpg)/d2lnr5mha7bycj.cloudfront.net/product-image/file/large_b656a880-f2e0-4fd4-aaa7-4b55d9a5b362.jpg,"
Aldi,Friendly Farms Low Sugar Vanilla Greek Yogurt 4 pk,$4.15,,,5.3 oz,[],Many in stock,"https://www.instacart.com/image-server/257x257/filters:fill(FFF,true):format(jpg)/d2lnr5mha7bycj.cloudfront.net/product-image/file/large_cc927270-ed6f-4fa4-b19c-4eacefa9cd5b.jpg,"
Aldi,Friendly Farms Low Sugar Strawberry Greek Yogurt 4 pk,$4.15,,,5.3 oz,[],,"https://www.instacart.com/image-server/257x257/filters:fill(FFF,true):format(jpg)/d2lnr5mha7bycj.cloudfront.net/product-image/file/large_79ec25f8-eea8-4109-b6db-966e12331f25.jpg,"
Aldi,Friendly Farms 100 Calorie Tropical Fruit Greek Yogurt,$0.69,,,5.3 oz,[],,"https://www.instacart.com/image-server/257x257/filters:fill(FFF,true):format(jpg)/d2lnr5mha7bycj.cloudfront.net/product-image/file/large_dd9de57f-45b3-43b4-bd83-9884f83db664.jpg,"
Aldi,Friendly Farms Lowfat Blueberry Yogurt,$0.65,,,6 oz,[],,"https://www.instacart.com/image-server/257x257/filters:fill(FFF,true):format(jpg)/d2lnr5mha7bycj.cloudfront.net/product-image/file/large_2bce7768-0ed9-4e05-b442-0ebd7aa11e40.jpg,"
Aldi,Friendly Farms Nonfat Peach Yogurt,$0.65,,,6 oz,[],,"https://www.instacart.com/image-server/257x257/filters:fill(FFF,true):format(jpg)/d2lnr5mha7bycj.cloudfront.net/product-image/file/large_5e3b0498-b2e8-490a-8067-fbc4b3aaf3ac.jpg,"
Aldi,Simply Nature Organic Whole Milk Vanilla Yogurt,$4.19,,,32 oz,['Organic'],,"https://www.instacart.com/image-server/257x257/filters:fill(FFF,true):format(jpg)/d2lnr5mha7bycj.cloudfront.net/product-image/file/large_4bcd0736-e0aa-4dc6-8292-12890d42b163.jpg,"
Aldi,Specially Selected Honey Vanilla Indulgent Greek Yogurt,$4.15,,,32 oz,[],,"https://www.instacart.com/image-server/257x257/filters:fill(FFF,true):format(jpg)/d2lnr5mha7bycj.cloudfront.net/product-image/file/large_2a353d77-e03d-4c4e-a25b-d9cf8d9d411d.jpg,"
Aldi,Friendly Farms Plain Low Sugar Greek Yogurt,$5.45,,,32 oz,[],,"https://www.instacart.com/image-server/257x257/filters:fill(FFF,true):format(jpg)/d2lnr5mha7bycj.cloudfront.net/product-image/file/large_c36644fc-feaa-4917-af28-86d8a90c2feb.jpg,"
Aldi,Friendly Farms Nonfat Vanilla Yogurt,$0.65,,,6 oz,[],,"https://www.instacart.com/image-server/257x257/filters:fill(FFF,true):format(jpg)/d2lnr5mha7bycj.cloudfront.net/product-image/file/large_91bd1790-3060-49c0-9e5d-5f570a6d0e63.jpg,"
Aldi,Specially Selected Honey Indulgent Greek Yogurt,$4.15,,,32 oz,[],,"https://www.instacart.com/image-server/257x257/filters:fill(FFF,true):format(jpg)/d2lnr5mha7bycj.cloudfront.net/product-image/file/large_f5fb1483-78dd-4447-b8dd-e2db6b565df3.jpg,"
Aldi,Friendly Farms 100 Calorie Mixed Berry Greek Yogurt,$0.69,,,5.3 oz,[],,"https://www.instacart.com/image-server/257x257/filters:fill(FFF,true):format(jpg)/d2lnr5mha7bycj.cloudfront.net/product-image/file/large_1506ef57-3761-4508-9770-4a23378ee752.jpg,"
Aldi,Friendly Farms Nonfat Plain Yogurt,$2.45,,,32 oz,[],,"https://www.instacart.com/image-server/257x257/filters:fill(FFF,true):format(jpg)/d2lnr5mha7bycj.cloudfront.net/product-image/file/large_75ba96e2-6159-4825-9e15-575f7e962008.jpg,"
Aldi,Friendly Farms LF Moon Dust Yogurt Blue Raspberry,$2.45,,,4 oz,[],,"https://www.instacart.com/image-server/257x257/filters:fill(FFF,true):format(jpg)/d2lnr5mha7bycj.cloudfront.net/product-image/file/large_8b7dc9d7-6f33-4ff1-ac4d-ccace6287915.jpg,"
Aldi,Goldhen Grade A Large Eggs,$2.15,,,12 oz,[],Many in stock,"https://www.instacart.com/image-server/257x257/filters:fill(FFF,true):format(jpg)/d2lnr5mha7bycj.cloudfront.net/product-image/file/large_3e645361-d924-4485-91dc-d882ec45e3e2.jpg,"
Aldi,"Strawberries, Package",$2.99,,,1 lb,[],,"https://www.instacart.com/image-server/257x257/filters:fill(FFF,true):format(jpg)/d2lnr5mha7bycj.cloudfront.net/product-image/file/large_dae3c8b7-f2dc-45a1-95c8-d83a5c147b6e.jpg,"
Aldi,PurAqua Purified Water,$3.65,,,24 x 16.9 fl oz,[],,"https://www.instacart.com/image-server/257x257/filters:fill(FFF,true):format(jpg)/d2lnr5mha7bycj.cloudfront.net/product-image/file/large_82f87928-91af-4fe6-a44d-579aa13d78a1.jpg,"
Aldi,Friendly Farms Whole Milk,$2.89,,,1 gal,[],Many in stock,"https://www.instacart.com/image-server/257x257/filters:fill(FFF,true):format(jpg)/d2lnr5mha7bycj.cloudfront.net/product-image/file/large_1dffbc49-4d36-470e-986c-eb200db575d7.jpg,"
Aldi,L'oven Fresh White Bread,$1.45,,,20 oz,[],Many in stock,"https://www.instacart.com/image-server/257x257/filters:fill(FFF,true):format(jpg)/d2lnr5mha7bycj.cloudfront.net/product-image/file/large_9bd5df59-77f2-4804-8579-b45611cfdf4a.jpg,"
Aldi,Bananas,$0.16,each (est.),$0.49 / lb,About 0.33 lb each,[],,"https://www.instacart.com/image-server/257x257/filters:fill(FFF,true):format(jpg)/d2lnr5mha7bycj.cloudfront.net/product-image/file/large_e86a7d99-50c9-4c6d-9422-cda91faf2618.jpg,"
Aldi,Sea Queen Fresh Never Frozen Atlantic Salmon,$9.19,/pkg (est.),$9.19 / lb,About 1.0 lb / package,[],,"https://www.instacart.com/image-server/257x257/filters:fill(FFF,true):format(jpg)/d2lnr5mha7bycj.cloudfront.net/product-image/file/large_2da786d4-a453-429f-9811-38affb9d6de1.jpg,"
Aldi,"Boulder 10"" Ultra Heavy Duty Paper Plate",$6.75,,,50 ct,[],Many in stock,"https://www.instacart.com/image-server/257x257/filters:fill(FFF,true):format(jpg)/d2lnr5mha7bycj.cloudfront.net/product-image/file/large_cae5c09b-f7de-4125-921f-b2c3badfd53b.jpg,"
Aldi,Kirkwood Fresh 93% Lean Ground Turkey,$4.75,,,19.2 g,[],,"https://www.instacart.com/image-server/257x257/filters:fill(FFF,true):format(jpg)/d2lnr5mha7bycj.cloudfront.net/product-image/file/large_bc192083-5d0f-4639-9b28-a55cfc13b4ab.jpg,"
Aldi,Little Journey Sensitive Baby Wipes,$6.05,,,192 ct,[],Many in stock,"https://www.instacart.com/image-server/257x257/filters:fill(FFF,true):format(jpg)/d2lnr5mha7bycj.cloudfront.net/product-image/file/large_4e901d47-b62a-48f4-bb97-de126a3d1db2.jpg,"
Aldi,Breakfast Best Breakfast Croissant,$5.49,,,18 oz,[],,"https://www.instacart.com/image-server/257x257/filters:fill(FFF,true):format(jpg)/d2lnr5mha7bycj.cloudfront.net/product-image/file/large_a8aff743-fc17-4a72-9a41-b95a89031b82.jpg,"
Aldi,Nature's Nectar Premium Orange Juice Not From Concentrate No Pulp,$3.65,,,52 fl oz,[],Many in stock,"https://www.instacart.com/image-server/257x257/filters:fill(FFF,true):format(jpg)/d2lnr5mha7bycj.cloudfront.net/product-image/file/large_624c0c31-e341-4bfe-8fc4-6f9bf6cc00a8.jpg,"
Aldi,Boulder Lavender Scent Flex Odor Control Kitchen Bag,$7.25,,,40 ct,[],Many in stock,"https://www.instacart.com/image-server/257x257/filters:fill(FFF,true):format(jpg)/d2lnr5mha7bycj.cloudfront.net/product-image/file/large_9659fc71-daf4-446e-b366-a1111f804063.jpg,"
Aldi,Friendly Farms 2% Milk,$2.89,,,1 gal,[],Many in stock,"https://www.instacart.com/image-server/257x257/filters:fill(FFF,true):format(jpg)/d2lnr5mha7bycj.cloudfront.net/product-image/file/large_8cab9ae7-24e7-450a-869e-ea1e47acb593.jpg,"
Aldi,Radiance Triple Chamber Pacs Ultra Dishwasher,$4.39,,,18 ct,[],Many in stock,"https://www.instacart.com/image-server/257x257/filters:fill(FFF,true):format(jpg)/d2lnr5mha7bycj.cloudfront.net/product-image/file/large_87b114b9-6d15-4a0a-bea8-4d0cfb1a77eb.jpg,"
Aldi,Baker's Treat Glazed Honey Buns,$2.05,,,10.5 oz,[],Many in stock,"https://www.instacart.com/image-server/257x257/filters:fill(FFF,true):format(jpg)/d2lnr5mha7bycj.cloudfront.net/product-image/file/large_d7f68d17-09b3-4366-b361-de7f1ef9ffaf.jpg,"
Aldi,Little Salad Bar Garden Salad,$1.99,,,12 oz,[],,"https://www.instacart.com/image-server/257x257/filters:fill(FFF,true):format(jpg)/d2lnr5mha7bycj.cloudfront.net/product-image/file/large_c0da4158-c406-44f0-94d5-42589650880e.jpg,"
Aldi,Breakfast Best Heat 'N Serve Sausage Links,$1.65,,,6.4 oz,[],Many in stock,"https://www.instacart.com/image-server/257x257/filters:fill(FFF,true):format(jpg)/d2lnr5mha7bycj.cloudfront.net/product-image/file/large_f6afd804-4679-42e6-bcb1-400136170aa6.jpg,"
Aldi,Barissimo Mocha Iced Coffee,$3.65,,,64 fl oz,[],,"https://www.instacart.com/image-server/257x257/filters:fill(FFF,true):format(jpg)/d2lnr5mha7bycj.cloudfront.net/product-image/file/large_70e39cc0-9e9c-498f-beb1-12d724b7c62b.jpg,"
Aldi,Boulder Twin Lock Storage Bags,$2.09,,,40 x 1 gal,[],Many in stock,"https://www.instacart.com/image-server/257x257/filters:fill(FFF,true):format(jpg)/d2lnr5mha7bycj.cloudfront.net/product-image/file/large_1d8fbec7-0640-433e-9841-5f679fdd5988.jpg,"
Aldi,"AriZona Half & Half, Iced Tea, Lemonade, Lite, 12 Pack",$6.05,,,12 x 11.5 fl oz,[],,"https://www.instacart.com/image-server/257x257/filters:fill(FFF,true):format(jpg)/d2lnr5mha7bycj.cloudfront.net/product-image/file/large_8d8a4bd4-33ca-4d02-9509-1d48e2871f78.jpg,"
Aldi,Radiance Lemon Disinfectant Wipes,$3.29,,,75 ct,[],Many in stock,"https://www.instacart.com/image-server/257x257/filters:fill(FFF,true):format(jpg)/d2lnr5mha7bycj.cloudfront.net/product-image/file/large_e6748919-c689-48ee-87ef-a4dee233c79c.jpg,"
Aldi,PurAqua Original Belle Vie Sparkling Flavored Water,$4.15,,,12 fl oz,[],,"https://www.instacart.com/image-server/257x257/filters:fill(FFF,true):format(jpg)/d2lnr5mha7bycj.cloudfront.net/product-image/file/large_3a557633-0f00-4c46-ab0f-b7afa52d2e2a.jpg,"
Aldi,Mama Cozzi's Pizza Kitchen Thin Crust Pepperoni Pizza,$3.25,,,14.3 oz,[],,"https://www.instacart.com/image-server/257x257/filters:fill(FFF,true):format(jpg)/d2lnr5mha7bycj.cloudfront.net/product-image/file/large_0cfe9488-dbbf-4008-a101-4ed4ed178eff.jpg,"
Aldi,"Fresh, Never Frozen Atlantic Salmon Side",$17.98,each (est.),$8.99 / lb,About 2.0 lb each,[],,"https://www.instacart.com/image-server/257x257/filters:fill(FFF,true):format(jpg)/d2lnr5mha7bycj.cloudfront.net/product-image/file/large_35ee2c0f-6f76-462d-8c2f-2c101fb863f2.jpg,"
Aldi,Radiance Heavy Duty Scrub Sponges,$1.75,,,3 ct,[],,"https://www.instacart.com/image-server/257x257/filters:fill(FFF,true):format(jpg)/d2lnr5mha7bycj.cloudfront.net/product-image/file/large_89967c8c-fbb6-4050-a300-9623a1165ed5.jpg,"
Aldi,Little Journey Baby Wipes Bundle,$5.19,,,216 ct,[],Many in stock,"https://www.instacart.com/image-server/257x257/filters:fill(FFF,true):format(jpg)/d2lnr5mha7bycj.cloudfront.net/product-image/file/large_349468ee-2e27-45cf-a269-efbcb707dbc7.jpg,"
Aldi,Simply Nature Organic Grass Fed 85/15 Ground Beef,$5.19,,,1 lb,['Organic'],,"https://www.instacart.com/image-server/257x257/filters:fill(FFF,true):format(jpg)/d2lnr5mha7bycj.cloudfront.net/product-image/file/large_c33b8d98-d1a3-4bba-bf35-7567207532d9.jpg,"
Aldi,L'oven Fresh Honey Wheat Bread,$1.95,,,20 oz,[],Many in stock,"https://www.instacart.com/image-server/257x257/filters:fill(FFF,true):format(jpg)/d2lnr5mha7bycj.cloudfront.net/product-image/file/large_f19d0ca7-133d-49f4-8af1-8d16f8b85dc2.jpg,"
Aldi,Boulder Heavy Duty Coated Paper Plate,$3.75,,,70 ct,[],Many in stock,"https://www.instacart.com/image-server/257x257/filters:fill(FFF,true):format(jpg)/d2lnr5mha7bycj.cloudfront.net/product-image/file/large_58a20b90-8fca-470e-8ede-2146a5778799.jpg,"
