Store,Item Name,Price,Units,Unit Price,Amount,Tags,In Stock,Image
CVS®,Bananas,$0.16,each (est.),$0.49 / lb,About 0.33 lb each,[],,"https://www.instacart.com/image-server/197x197/filters:fill(FFF,true):format(jpg)/d2lnr5mha7bycj.cloudfront.net/product-image/file/large_e86a7d99-50c9-4c6d-9422-cda91faf2618.jpg,"
CVS®,"Strawberries, Package",$2.75,,,1 lb,[],,"https://www.instacart.com/image-server/197x197/filters:fill(FFF,true):format(jpg)/d2lnr5mha7bycj.cloudfront.net/product-image/file/large_dae3c8b7-f2dc-45a1-95c8-d83a5c147b6e.jpg,"
CVS®,Blueberries Package,$3.95,,,1 pint container,[],Many in stock,"https://www.instacart.com/image-server/197x197/filters:fill(FFF,true):format(jpg)/d2lnr5mha7bycj.cloudfront.net/product-image/file/large_e1fb32d6-26b5-42bd-a77d-65644dae5e38.jpg,"
CVS®,"Mandarins, Bag",$3.95,,,3 lb,[],Many in stock,"https://www.instacart.com/image-server/197x197/filters:fill(FFF,true):format(jpg)/d2lnr5mha7bycj.cloudfront.net/product-image/file/large_3a5265d4-7382-4e23-880e-9111f452243e.jpg,"
CVS®,Avocado,$0.79,,,1 each,[],,"https://www.instacart.com/image-server/197x197/filters:fill(FFF,true):format(jpg)/d2lnr5mha7bycj.cloudfront.net/product-image/file/large_97eaa0b2-0e46-45b3-8ab7-539b0e02a514.jpg,"
CVS®,Raspberries Package,$2.85,,,6 oz Container,[],Many in stock,"https://www.instacart.com/image-server/197x197/filters:fill(FFF,true):format(jpg)/d2lnr5mha7bycj.cloudfront.net/product-image/file/large_52b9f93d-be02-4f41-85c1-af415f3411ba.jpg,"
CVS®,Lemons,$4.29,,,2 lb bag,[],Many in stock,"https://www.instacart.com/image-server/197x197/filters:fill(FFF,true):format(jpg)/d2lnr5mha7bycj.cloudfront.net/product-image/file/large_6ca251e5-109b-43c2-9bdf-772a7abffdc3.jpg,"
CVS®,"Mission Mini Avocados, Bag",$2.55,,,6 ct,[],Many in stock,"https://www.instacart.com/image-server/197x197/filters:fill(FFF,true):format(jpg)/d2lnr5mha7bycj.cloudfront.net/product-image/file/large_aeec6904-d31a-4827-a1a3-ad8640affef2.jpg,"
CVS®,Red Grapes,$4.93,/pkg (est.),$2.19 / lb,About 2.25 lb / package,[],,"https://www.instacart.com/image-server/197x197/filters:fill(FFF,true):format(jpg)/d2lnr5mha7bycj.cloudfront.net/product-image/file/large_df21f925-4691-4f9d-97a6-040b0dd79be9.jpg,"
CVS®,Stemilt Honeycrisp Apple Pouch,$3.09,,,2 lb,[],Many in stock,"https://www.instacart.com/image-server/197x197/filters:fill(FFF,true):format(jpg)/d2lnr5mha7bycj.cloudfront.net/product-image/file/large_c159aee7-063d-4fc6-9770-027a41a2ecc5.jpg,"
CVS®,Fresh Prepacked Blackberries,$2.55,,,6 oz container,[],Many in stock,"https://www.instacart.com/image-server/197x197/filters:fill(FFF,true):format(jpg)/d2lnr5mha7bycj.cloudfront.net/product-image/file/large_637ad2dd-fc56-4eb6-bbb1-fad36d8d22b5.jpg,"
CVS®,Pineapple,$1.65,,,1 ct,[],Many in stock,"https://www.instacart.com/image-server/197x197/filters:fill(FFF,true):format(jpg)/d2lnr5mha7bycj.cloudfront.net/product-image/file/large_e06da388-57de-4e8e-a589-2fbc1c372f6d.jpg,"
CVS®,"Limes, Bag",$2.65,,,1 lb,[],Many in stock,"https://www.instacart.com/image-server/197x197/filters:fill(FFF,true):format(jpg)/d2lnr5mha7bycj.cloudfront.net/product-image/file/large_f407f4f6-fc18-4b16-9bc4-48ffc1750cf9.jpg,"
CVS®,Green Grapes,$4.93,/pkg (est.),$2.19 / lb,About 2.25 lb / package,[],,"https://www.instacart.com/image-server/197x197/filters:fill(FFF,true):format(jpg)/d2lnr5mha7bycj.cloudfront.net/product-image/file/large_9fc08a5e-767f-4e46-a027-b1cf613dc323.jpg,"
CVS®,Little Salad Bar Watermelon Spears,$3.85,,,16 oz,[],,"https://www.instacart.com/image-server/197x197/filters:fill(FFF,true):format(jpg)/d2lnr5mha7bycj.cloudfront.net/product-image/file/large_16820eae-dbe5-4f20-9793-711654f373f5.jpg,"
CVS®,Little Salad Bar Pineapple Spears,$3.85,,,16 oz,[],Many in stock,"https://www.instacart.com/image-server/197x197/filters:fill(FFF,true):format(jpg)/d2lnr5mha7bycj.cloudfront.net/product-image/file/large_554b5f20-272f-4915-adcc-526737cef7f2.jpg,"
CVS®,Cantaloupe,$2.75,,,1 each,[],Many in stock,"https://www.instacart.com/image-server/197x197/filters:fill(FFF,true):format(jpg)/d2lnr5mha7bycj.cloudfront.net/product-image/file/large_f4a2554b-a8e6-4fd9-a9cc-40960a5a4dae.jpg,"
CVS®,Organic Bananas,$0.25,each (est.),$0.75 / lb,About 0.33 lb each,"['Organic', 'Non-GMO']",,"https://www.instacart.com/image-server/197x197/filters:fill(FFF,true):format(jpg)/d2lnr5mha7bycj.cloudfront.net/product-image/file/large_fda8c08e-6870-4b50-9835-d9f800d60800.jpg,"
CVS®,Honeycrisp Apple,$5.07,each (est.),$1.69 / lb,About 3.0 lb each,[],,"https://www.instacart.com/image-server/197x197/filters:fill(FFF,true):format(jpg)/d2lnr5mha7bycj.cloudfront.net/product-image/file/large_eb1142eb-18dd-4abd-9462-b51330880a2c.jpg,"
CVS®,"Organic Farms Organic Blueberries, Package",$3.65,,,6 oz,"['Organic', 'Non-GMO']",,"https://www.instacart.com/image-server/197x197/filters:fill(FFF,true):format(jpg)/d2lnr5mha7bycj.cloudfront.net/product-image/file/large_e4cb0c7a-92e1-4ea9-8a3b-c2216b013ed1.jpg,"
CVS®,Organic Avocado Bag,$3.19,,,4 count bag,"['Organic', 'Non-GMO']",,"https://www.instacart.com/image-server/197x197/filters:fill(FFF,true):format(jpg)/d2lnr5mha7bycj.cloudfront.net/product-image/file/large_892d4d83-6407-4323-b1e2-ea294848796c.JPG,"
CVS®,Mango,$1.89,,,1 each,[],,"https://www.instacart.com/image-server/197x197/filters:fill(FFF,true):format(jpg)/d2lnr5mha7bycj.cloudfront.net/product-image/file/large_c02311a1-643f-4019-9305-468fc11adc78.jpg,"
CVS®,Organic Strawberries Package,$5.29,,,1 lb container,"['Organic', 'Non-GMO']",,"https://www.instacart.com/image-server/197x197/filters:fill(FFF,true):format(jpg)/d2lnr5mha7bycj.cloudfront.net/product-image/file/large_bb3ffd84-5952-4a7b-af83-1dc1c3d14238.jpg,"
CVS®,Driscoll's Rainbow Pack Berries,$4.95,,,7 oz,[],Many in stock,"https://www.instacart.com/image-server/197x197/filters:fill(FFF,true):format(jpg)/d2lnr5mha7bycj.cloudfront.net/product-image/file/large_d9fc3a4e-b7d0-47dd-aaf9-d0adc79752cd.jpg,"
CVS®,Green Kiwi Package,$4.75,,,2 lb container,[],Many in stock,"https://www.instacart.com/image-server/197x197/filters:fill(FFF,true):format(jpg)/d2lnr5mha7bycj.cloudfront.net/product-image/file/large_3bf3148a-8927-4bc4-a16a-38e9aa3312f5.jpg,"
CVS®,"Cara Cara Oranges, Bag",$4.95,,,3 lb,[],,"https://www.instacart.com/image-server/197x197/filters:fill(FFF,true):format(jpg)/d2lnr5mha7bycj.cloudfront.net/product-image/file/large_566607f3-1c60-41b3-9429-6af84e2eb2ea.jpg,"
CVS®,Simply Nature Organic Strawberries,$6.95,,,24 oz,"['Organic', 'Non-GMO']",Many in stock,"https://www.instacart.com/image-server/197x197/filters:fill(FFF,true):format(jpg)/d1s8987jlndkbs.cloudfront.net/assets/missing-item-4bbe82b8555e4d1c12626fd482cb2409713e8e30835645ff3650ef66a725d03c.png,"
CVS®,"Organic Raspberries, Package",$3.85,,,6 oz,"['Organic', 'Non-GMO']",,"https://www.instacart.com/image-server/197x197/filters:fill(FFF,true):format(jpg)/d2lnr5mha7bycj.cloudfront.net/product-image/file/large_b59a373a-b6e1-46f9-892a-74dbdf424453.jpg,"
CVS®,Pink Lady (Cripps) Apple Bag,$4.29,,,3 lb bag,[],Many in stock,"https://www.instacart.com/image-server/197x197/filters:fill(FFF,true):format(jpg)/d2lnr5mha7bycj.cloudfront.net/product-image/file/large_a8d53b92-0250-4c76-9fb6-089c3804a869.jpg,"
CVS®,Envy Apple,$1.42,each (est.),$1.89 / lb,About 0.75 lb each,[],,"https://www.instacart.com/image-server/197x197/filters:fill(FFF,true):format(jpg)/d2lnr5mha7bycj.cloudfront.net/product-image/file/large_17a6528f-3e5b-44e8-8ce1-297f3fa78085.jpg,"
CVS®,Gala Apple Bag,$3.09,,,,[],,"https://www.instacart.com/image-server/197x197/filters:fill(FFF,true):format(jpg)/d2lnr5mha7bycj.cloudfront.net/product-image/file/large_6dbf93f9-1a50-4936-a576-11d6532cf3e1.jpg,"
CVS®,Granny Smith Apples,$3.85,,,per lb,[],Many in stock,"https://www.instacart.com/image-server/197x197/filters:fill(FFF,true):format(jpg)/d2lnr5mha7bycj.cloudfront.net/product-image/file/large_49aa1438-4fcf-42b9-9079-f0d2f84b6d3b.jpg,"
CVS®,Organic Gala Apple Bag,$4.75,,,3 lb bag,"['Non-GMO', 'Organic']",,"https://www.instacart.com/image-server/197x197/filters:fill(FFF,true):format(jpg)/d2lnr5mha7bycj.cloudfront.net/product-image/file/large_6b57cc78-0ed8-447c-ae60-bc69c0eb783c.jpg,"
CVS®,Cosmic Crisp Premium Apples,$3.65,,,2 lb bag,[],Many in stock,"https://www.instacart.com/image-server/197x197/filters:fill(FFF,true):format(jpg)/d2lnr5mha7bycj.cloudfront.net/product-image/file/large_d68767ea-1863-440c-87fc-872260a92bce.jpg,"
CVS®,"Sugar Crisp Grapes, Bag (Limit 6)",$6.59,,,2 lb,[],,"https://www.instacart.com/image-server/197x197/filters:fill(FFF,true):format(jpg)/d2lnr5mha7bycj.cloudfront.net/product-image/file/large_ab4e1bfa-768e-4b0a-a4f1-0f99aa4d99ea.jpg,"
CVS®,Mini Watermelon,$4.65,,,,[],,"https://www.instacart.com/image-server/197x197/filters:fill(FFF,true):format(jpg)/d2lnr5mha7bycj.cloudfront.net/product-image/file/large_dd761f4e-1b31-417f-bba3-11322e7a8de5.jpg,"
CVS®,Fuji Apple Bag,$3.65,,,3 lb bag,[],Many in stock,"https://www.instacart.com/image-server/197x197/filters:fill(FFF,true):format(jpg)/d2lnr5mha7bycj.cloudfront.net/product-image/file/large_9fc2e655-41a4-4da0-9e5f-153fd118a854.jpg,"
CVS®,Simply Nature Organic Blueberries,$6.95,,,10 oz,"['Organic', 'Non-GMO']",,"https://www.instacart.com/image-server/197x197/filters:fill(FFF,true):format(jpg)/d2lnr5mha7bycj.cloudfront.net/product-image/file/large_f76a5d60-2388-45ff-8a68-93a563bf0a8e.jpg,"
CVS®,Red Delicious Apple Bag,$3.29,,,3 lb bag,[],Many in stock,"https://www.instacart.com/image-server/197x197/filters:fill(FFF,true):format(jpg)/d2lnr5mha7bycj.cloudfront.net/product-image/file/large_bd2f2d2d-da18-4c32-b0d0-e0804065783d.jpg,"
CVS®,Bartlett Pear,$4.39,,,,[],,"https://www.instacart.com/image-server/197x197/filters:fill(FFF,true):format(jpg)/d2lnr5mha7bycj.cloudfront.net/product-image/file/large_2991fbec-88eb-40f4-b259-a5a0cdfd016b.jpg,"
CVS®,"Multi-Colored Peppers, Package",$2.75,,,3 ct,[],Many in stock,"https://www.instacart.com/image-server/197x197/filters:fill(FFF,true):format(jpg)/d2lnr5mha7bycj.cloudfront.net/product-image/file/large_4544b625-fca5-40c2-8499-f28cdbcf16fd.jpg,"
CVS®,Little Salad Bar Spinach Flat Leaf,$1.65,,,8 oz bag,['In season'],Many in stock,"https://www.instacart.com/image-server/197x197/filters:fill(FFF,true):format(jpg)/d2lnr5mha7bycj.cloudfront.net/product-image/file/large_7b89258b-303e-4814-9423-6eed38db2305.jpg,"
CVS®,Baby Peeled Carrots,$1.45,,,16 oz,[],Many in stock,"https://www.instacart.com/image-server/197x197/filters:fill(FFF,true):format(jpg)/d2lnr5mha7bycj.cloudfront.net/product-image/file/large_f88b9ef7-6844-41ab-8d9e-a6a26bcf973f.jpg,"
CVS®,Yellow Onion Bag,$2.85,,,3 lb bag,[],Many in stock,"https://www.instacart.com/image-server/197x197/filters:fill(FFF,true):format(jpg)/d2lnr5mha7bycj.cloudfront.net/product-image/file/large_90ba0180-67c0-4ab0-99e1-acf368606254.jpg,"
CVS®,"Mini Cucumbers, Package",$1.95,,,1 lb,[],Many in stock,"https://www.instacart.com/image-server/197x197/filters:fill(FFF,true):format(jpg)/d2lnr5mha7bycj.cloudfront.net/product-image/file/large_66d839b1-bc45-4adb-b0d2-fa8b288a8f44.jpg,"
CVS®,Little Salad Bar Shredded Lettuce,$2.09,,,8 oz,[],Many in stock,"https://www.instacart.com/image-server/197x197/filters:fill(FFF,true):format(jpg)/d2lnr5mha7bycj.cloudfront.net/product-image/file/large_827aae14-c752-43d8-8b22-62ccd5556826.jpg,"
CVS®,Broccoli Crowns,$1.89,each (est.),$1.89 / lb,About 1.0 lb each,[],,"https://www.instacart.com/image-server/197x197/filters:fill(FFF,true):format(jpg)/d2lnr5mha7bycj.cloudfront.net/product-image/file/large_0ecedf2d-0cc2-44fc-b218-2ce5259ccae4.jpg,"
CVS®,Iceberg Lettuce,$1.89,,,1 each,[],Many in stock,"https://www.instacart.com/image-server/197x197/filters:fill(FFF,true):format(jpg)/d2lnr5mha7bycj.cloudfront.net/product-image/file/large_5fc53b45-8f3e-4929-b53c-4eb66437cb01.jpg,"
CVS®,Celery Package,$1.35,,,1 lb container,[],Many in stock,"https://www.instacart.com/image-server/197x197/filters:fill(FFF,true):format(jpg)/d2lnr5mha7bycj.cloudfront.net/product-image/file/large_cfbbf4a6-d3ee-4c3a-abcf-98c787114763.jpg,"
CVS®,Green Bell Pepper,$2.19,,,3 count bag,[],Many in stock,"https://www.instacart.com/image-server/197x197/filters:fill(FFF,true):format(jpg)/d2lnr5mha7bycj.cloudfront.net/product-image/file/large_4bf258e5-0fe5-41f3-bffa-5e4f4085b3d0.jpg,"
CVS®,Green Onions (Scallions),$1.05,,,5.5 oz,[],,"https://www.instacart.com/image-server/197x197/filters:fill(FFF,true):format(jpg)/d2lnr5mha7bycj.cloudfront.net/product-image/file/large_4e369aef-6745-4912-ba4e-1b06c5f2f3b4.jpg,"
CVS®,English Seedless Cucumber,$1.05,,,1 ct,[],Many in stock,"https://www.instacart.com/image-server/197x197/filters:fill(FFF,true):format(jpg)/d2lnr5mha7bycj.cloudfront.net/product-image/file/large_b38cb0e2-776f-47c2-bfbb-858b6422edce.jpg,"
CVS®,Red Onion Bag,$2.35,,,2 lb bag,[],Many in stock,"https://www.instacart.com/image-server/197x197/filters:fill(FFF,true):format(jpg)/d2lnr5mha7bycj.cloudfront.net/product-image/file/large_5ee6c486-2962-48ba-9d4d-04e0b78b8772.jpg,"
CVS®,"Monterey Mushrooms White Mushrooms, Sliced",$1.75,,,8 oz container,['In season'],Many in stock,"https://www.instacart.com/image-server/197x197/filters:fill(FFF,true):format(jpg)/d2lnr5mha7bycj.cloudfront.net/product-image/file/large_91f68a9f-c9c7-476f-9a1f-58ff043bc5a8.jpg,"
CVS®,Peeled Organic Baby Carrots Bag,$1.65,,,16 oz,['Non-GMO'],Many in stock,"https://www.instacart.com/image-server/197x197/filters:fill(FFF,true):format(jpg)/d2lnr5mha7bycj.cloudfront.net/product-image/file/large_a66a28fb-3164-4770-928a-bf917537902d.jpg,"
CVS®,Zucchini Squash,$2.18,each (est.),$1.45 / lb,About 1.5 lb each,[],,"https://www.instacart.com/image-server/197x197/filters:fill(FFF,true):format(jpg)/d2lnr5mha7bycj.cloudfront.net/product-image/file/large_d057f919-c925-4b06-865a-3bc079d51839.jpg,"
CVS®,Sweet Potato Bag,$1.95,,,3 lb bag,[],,"https://www.instacart.com/image-server/197x197/filters:fill(FFF,true):format(jpg)/d2lnr5mha7bycj.cloudfront.net/product-image/file/large_aa885e7f-92fe-4e48-b101-0448b199694d.jpg,"
CVS®,"Brussels Sprouts, Package",$2.19,,,1 lb,[],Many in stock,"https://www.instacart.com/image-server/197x197/filters:fill(FFF,true):format(jpg)/d2lnr5mha7bycj.cloudfront.net/product-image/file/large_6e5ea46a-15aa-48af-b544-31de90856c5f.jpg,"
CVS®,Grape Tomatoes,$1.89,,,10.5 oz,[],Many in stock,"https://www.instacart.com/image-server/197x197/filters:fill(FFF,true):format(jpg)/d2lnr5mha7bycj.cloudfront.net/product-image/file/large_19b7b2c8-857a-4855-bd35-56e0b1e7f9c6.jpg,"
CVS®,Tasteful Selections Bag of Potato Medley,$3.65,,,24 oz,[],Many in stock,"https://www.instacart.com/image-server/197x197/filters:fill(FFF,true):format(jpg)/d2lnr5mha7bycj.cloudfront.net/product-image/file/large_d5d78c0e-b241-40da-ba8c-a2f8b8d12a2f.jpg,"
CVS®,Crimini (Brown) Mushroom Package,$1.89,,,8 oz container,['In season'],Many in stock,"https://www.instacart.com/image-server/197x197/filters:fill(FFF,true):format(jpg)/d2lnr5mha7bycj.cloudfront.net/product-image/file/large_08e97643-d81b-4bb8-b9a6-5ce8a4d1d2e8.jpg,"
CVS®,Russet Potato Bag,$4.39,,,10 lb bag,[],Many in stock,"https://www.instacart.com/image-server/197x197/filters:fill(FFF,true):format(jpg)/d2lnr5mha7bycj.cloudfront.net/product-image/file/large_ca7ccab6-b859-4d4b-9bff-76c6725cdfdb.jpg,"
CVS®,Farmer's Promise Russet Potatoes,$3.85,,,5 lb,[],Many in stock,"https://www.instacart.com/image-server/197x197/filters:fill(FFF,true):format(jpg)/d2lnr5mha7bycj.cloudfront.net/product-image/file/large_ff012dbb-cacb-4c13-bccf-a5bb1b968f56.jpg,"
CVS®,"Mini Sweet Peppers, Package",$3.19,,,1 lb,[],Many in stock,"https://www.instacart.com/image-server/197x197/filters:fill(FFF,true):format(jpg)/d2lnr5mha7bycj.cloudfront.net/product-image/file/large_555bdcaa-beaf-483c-9eee-468b4211c982.jpg,"
CVS®,White Mushroom,$1.65,,,8 oz container,['In season'],Many in stock,"https://www.instacart.com/image-server/197x197/filters:fill(FFF,true):format(jpg)/d2lnr5mha7bycj.cloudfront.net/product-image/file/large_5cc68e3c-bd10-4eb1-9ec7-9bf0917b4e89.jpg,"
CVS®,Farmer's Promise Red Potatoes,$3.85,,,5 lb,[],Many in stock,"https://www.instacart.com/image-server/197x197/filters:fill(FFF,true):format(jpg)/d2lnr5mha7bycj.cloudfront.net/product-image/file/large_ec7425f7-def7-4012-9114-997e3ac56833.jpg,"
CVS®,Garlic,$2.19,,,3 count bag,[],Many in stock,"https://www.instacart.com/image-server/197x197/filters:fill(FFF,true):format(jpg)/d2lnr5mha7bycj.cloudfront.net/product-image/file/large_d4213068-0777-40de-be31-cf33b7decf48.jpg,"
CVS®,"Green Beans, Package",$1.95,,,16 oz,[],Many in stock,"https://www.instacart.com/image-server/197x197/filters:fill(FFF,true):format(jpg)/d2lnr5mha7bycj.cloudfront.net/product-image/file/large_8da479f2-f703-444a-bd12-53f6945b714b.jpg,"
CVS®,Cabbage,$2.25,each (est.),$0.75 / lb,About 3.0 lb each,[],,"https://www.instacart.com/image-server/197x197/filters:fill(FFF,true):format(jpg)/d2lnr5mha7bycj.cloudfront.net/product-image/file/large_9b543a0d-9d86-48fa-8e76-4bc4f954f62a.jpg,"
CVS®,Romaine Lettuce Hearts,$3.55,,,3 count bag,[],,"https://www.instacart.com/image-server/197x197/filters:fill(FFF,true):format(jpg)/d2lnr5mha7bycj.cloudfront.net/product-image/file/large_4c0d594a-3496-4e1c-ba85-bbffb340904c.jpg,"
CVS®,NatureSweet Cherubs Heavenly Salad Tomatoes,$2.65,,,10 oz,[],,"https://www.instacart.com/image-server/197x197/filters:fill(FFF,true):format(jpg)/d2lnr5mha7bycj.cloudfront.net/product-image/file/large_675e0375-046e-4a75-8fd9-b8111e492878.jpg,"
CVS®,Yellow Sweet Corn Package,$3.85,,,4 count container,[],,"https://www.instacart.com/image-server/197x197/filters:fill(FFF,true):format(jpg)/d2lnr5mha7bycj.cloudfront.net/product-image/file/large_4ea454f2-e302-4e0e-8dfc-3df85f08e7d7.jpg,"
CVS®,"Beefsteak Tomatoes, Package",$2.65,,,16 oz,[],Many in stock,"https://www.instacart.com/image-server/197x197/filters:fill(FFF,true):format(jpg)/d2lnr5mha7bycj.cloudfront.net/product-image/file/large_b7a913e6-149c-4d6e-836f-00875e28a913.jpg,"
CVS®,Sunset Tomatoes-On-The-Vine,$2.85,,,5 ct,['Non-GMO'],Many in stock,"https://www.instacart.com/image-server/197x197/filters:fill(FFF,true):format(jpg)/d2lnr5mha7bycj.cloudfront.net/product-image/file/large_f7ad4382-e31a-4042-935e-2a0cbd47c298.jpg,"
CVS®,Sugar Snap Peas Package,$2.75,,,8 oz bag,[],Many in stock,"https://www.instacart.com/image-server/197x197/filters:fill(FFF,true):format(jpg)/d2lnr5mha7bycj.cloudfront.net/product-image/file/large_599f3ada-bc42-4509-add1-14bfc0664656.jpg,"
CVS®,"The Little Potato Co Bite Size Yellow Potatoes, Bag",$3.65,,,24 oz,[],,"https://www.instacart.com/image-server/197x197/filters:fill(FFF,true):format(jpg)/d2lnr5mha7bycj.cloudfront.net/product-image/file/large_14d37590-162c-43ad-b546-86cb661a30df.jpg,"
CVS®,Jalapeno Pepper Package,$0.99,,,8 oz container,[],,"https://www.instacart.com/image-server/197x197/filters:fill(FFF,true):format(jpg)/d2lnr5mha7bycj.cloudfront.net/product-image/file/large_fdc898fd-5ceb-44d2-baed-a356ce8addec.jpg,"
CVS®,"Ginger Root, Package",$2.19,,,8 oz,[],,"https://www.instacart.com/image-server/197x197/filters:fill(FFF,true):format(jpg)/d2lnr5mha7bycj.cloudfront.net/product-image/file/large_6fbdf724-7a4e-4b67-9aee-fa88f1b3cd19.jpg,"
CVS®,Radish,$1.35,,,1 lb,[],Many in stock,"https://www.instacart.com/image-server/197x197/filters:fill(FFF,true):format(jpg)/d2lnr5mha7bycj.cloudfront.net/product-image/file/large_bc3878f5-1d1d-419e-bb63-3a163f648dfa.jpg,"
CVS®,Dole Baby Spinach,$3.19,,,5 oz container,"['In season', 'Organic']",Many in stock,"https://www.instacart.com/image-server/197x197/filters:fill(FFF,true):format(jpg)/d2lnr5mha7bycj.cloudfront.net/product-image/file/large_3d9c969c-f9b6-43c8-9aec-925f8491b6c9.jpg,"
CVS®,Goldhen Grade A Large Eggs,$2.29,,,12 oz,[],Many in stock,"https://www.instacart.com/image-server/197x197/filters:fill(FFF,true):format(jpg)/d2lnr5mha7bycj.cloudfront.net/product-image/file/large_3e645361-d924-4485-91dc-d882ec45e3e2.jpg,"
CVS®,"Crest Complete Whitening Toothpaste, Minty Fresh",$4.39,,,5.4 oz,['Whitening'],Many in stock,"https://www.instacart.com/image-server/197x197/filters:fill(FFF,true):format(jpg)/d2lnr5mha7bycj.cloudfront.net/product-image/file/large_4c121ec9-d5df-4077-83a4-589099720ef8.png,"
CVS®,"Dawn Ultra Dishwashing Liquid Dish Soap, Original Scent",$4.69,,,28 fl oz,[],,"https://www.instacart.com/image-server/197x197/filters:fill(FFF,true):format(jpg)/d2lnr5mha7bycj.cloudfront.net/product-image/file/large_68e71bbf-eb08-41ff-a732-4e85949da414.jpg,"
CVS®,PurAqua Purified Water,$3.65,,,24 x 16.9 fl oz,[],Many in stock,"https://www.instacart.com/image-server/197x197/filters:fill(FFF,true):format(jpg)/d2lnr5mha7bycj.cloudfront.net/product-image/file/large_82f87928-91af-4fe6-a44d-579aa13d78a1.jpg,"
CVS®,Countryside Creamery Salted Butter Quarters,$4.09,,,16 oz,[],Many in stock,"https://www.instacart.com/image-server/197x197/filters:fill(FFF,true):format(jpg)/d2lnr5mha7bycj.cloudfront.net/product-image/file/large_3d4ff341-9fff-4831-884b-e5e9e73acece.jpg,"
CVS®,Friendly Farms Whole Milk,$2.89,,,1 gal,[],Many in stock,"https://www.instacart.com/image-server/197x197/filters:fill(FFF,true):format(jpg)/d2lnr5mha7bycj.cloudfront.net/product-image/file/large_1dffbc49-4d36-470e-986c-eb200db575d7.jpg,"
CVS®,"Tide PODS Liquid Laundry Detergent Pacs, Spring Meadow Scent",$14.29,,,42 ct,[],,"https://www.instacart.com/image-server/197x197/filters:fill(FFF,true):format(jpg)/d2lnr5mha7bycj.cloudfront.net/product-image/file/large_a1236aff-7ec2-4029-82a3-5b8fe331ac84.jpg,"
CVS®,"Cheez-It Cheese Crackers, Baked Snack, Original",$2.75,,,7 oz,['Light Sodium'],Many in stock,"https://www.instacart.com/image-server/197x197/filters:fill(FFF,true):format(jpg)/d2lnr5mha7bycj.cloudfront.net/product-image/file/large_cf44a1e7-b197-4311-895b-aa5e3c6fbc2b.jpg,"
CVS®,Friendly Farms Sour Cream,$1.89,,,16 oz,[],Many in stock,"https://www.instacart.com/image-server/197x197/filters:fill(FFF,true):format(jpg)/d2lnr5mha7bycj.cloudfront.net/product-image/file/large_0abbf7be-3bd5-45ad-93e0-f4eaf051cec9.jpg,"
CVS®,Kirkwood Fresh Family Pack Chicken Breasts,$12.45,/pkg (est.),$2.49 / lb,About 5.0 lb / package,['Breast'],,"https://www.instacart.com/image-server/197x197/filters:fill(FFF,true):format(jpg)/d2lnr5mha7bycj.cloudfront.net/product-image/file/large_16a8d1c0-f204-419f-81b6-9f22f0ce0f41.jpg,"
CVS®,Season's Choice Steamable Broccoli Florets,$1.25,,,12 oz,[],,"https://www.instacart.com/image-server/197x197/filters:fill(FFF,true):format(jpg)/d2lnr5mha7bycj.cloudfront.net/product-image/file/large_e167cb4c-3eb2-46fb-8d3a-61652384b242.jpg,"
CVS®,"Gatorade Thirst Quencher, Fruit Punch",$8.69,,,8 x 20 fl oz • 4 options,[],,"https://www.instacart.com/image-server/197x197/filters:fill(FFF,true):format(jpg)/d2lnr5mha7bycj.cloudfront.net/product-image/file/large_b6ce9c74-093b-40c5-bd0d-0ff6d8f733c9.jpg,"
CVS®,Extra Polar Ice Sugar Free Chewing Gum,$1.55,,,15 ct,['Zero Sugar'],,"https://www.instacart.com/image-server/197x197/filters:fill(FFF,true):format(jpg)/d2lnr5mha7bycj.cloudfront.net/product-image/file/large_b7f98d45-f7d5-4bc0-9b53-c7a5d8f4d604.jpg,"
CVS®,Happy Farms Cream Cheese,$1.95,,,8 oz,[],Many in stock,"https://www.instacart.com/image-server/197x197/filters:fill(FFF,true):format(jpg)/d2lnr5mha7bycj.cloudfront.net/product-image/file/large_33c4bc21-183c-4033-ae51-6ae9e9cc9375.jpg,"
CVS®,L'oven Fresh White Bread,$1.45,,,20 oz,[],Many in stock,"https://www.instacart.com/image-server/197x197/filters:fill(FFF,true):format(jpg)/d2lnr5mha7bycj.cloudfront.net/product-image/file/large_9bd5df59-77f2-4804-8579-b45611cfdf4a.jpg,"
CVS®,"Maruchan Ramen Noodle Soup, Chicken Flavor, 12 Pack",$3.95,,,12 x 3 oz,[],Many in stock,"https://www.instacart.com/image-server/197x197/filters:fill(FFF,true):format(jpg)/d2lnr5mha7bycj.cloudfront.net/product-image/file/large_cbcc41cd-4904-4478-854f-5c51017b3c8e.jpg,"
CVS®,"TAMPAX Pearl Tampons, Super",$5.15,,,18 ct,['Super Absorbency'],Many in stock,"https://www.instacart.com/image-server/197x197/filters:fill(FFF,true):format(jpg)/d2lnr5mha7bycj.cloudfront.net/product-image/file/large_e4cae992-fd37-445b-9ca2-633cc376302e.jpg,"
CVS®,NESCAFÉ Clásico Dark Roast Instant Coffee,$7.35,,,7 oz,[],Many in stock,"https://www.instacart.com/image-server/197x197/filters:fill(FFF,true):format(jpg)/d2lnr5mha7bycj.cloudfront.net/product-image/file/large_98b7241d-61e6-4640-9b9f-1b71eef103f1.jpg,"
CVS®,Kirkwood Chicken Breast Nuggets,$5.75,,,29 oz,[],Many in stock,"https://www.instacart.com/image-server/197x197/filters:fill(FFF,true):format(jpg)/d2lnr5mha7bycj.cloudfront.net/product-image/file/large_82eba5a8-7977-4cf5-aecd-f655242da259.jpg,"
CVS®,Appleton Farms Premium Sliced Bacon,$4.69,,,16 oz,[],Many in stock,"https://www.instacart.com/image-server/197x197/filters:fill(FFF,true):format(jpg)/d2lnr5mha7bycj.cloudfront.net/product-image/file/large_d42aa54a-05d6-4657-9c41-c7d3070334bf.jpg,"
CVS®,Breakfast Best Cinnamon French Toast Sticks,$3.29,,,16 oz,[],Many in stock,"https://www.instacart.com/image-server/197x197/filters:fill(FFF,true):format(jpg)/d2lnr5mha7bycj.cloudfront.net/product-image/file/large_135ffcd8-4247-4924-96ac-6bd40ba2bcd0.jpg,"
CVS®,Sea Queen Fresh Never Frozen Atlantic Salmon,$9.19,/pkg (est.),$9.19 / lb,About 1.0 lb / package,[],,"https://www.instacart.com/image-server/197x197/filters:fill(FFF,true):format(jpg)/d2lnr5mha7bycj.cloudfront.net/product-image/file/large_2da786d4-a453-429f-9811-38affb9d6de1.jpg,"
CVS®,Friendly Farms Heavy Whipping Cream,$5.75,,,32 fl oz,[],Many in stock,"https://www.instacart.com/image-server/197x197/filters:fill(FFF,true):format(jpg)/d2lnr5mha7bycj.cloudfront.net/product-image/file/large_356cba4e-3eb5-41c2-9aa7-b49ea68918d2.jpg,"
CVS®,Happy Farms Shredded Mozzarella Cheese,$4.09,,,16 oz,[],Many in stock,"https://www.instacart.com/image-server/197x197/filters:fill(FFF,true):format(jpg)/d2lnr5mha7bycj.cloudfront.net/product-image/file/large_fb7ffcd1-b941-4bdc-ad44-fc89fb8142fe.jpg,"
CVS®,Season's Choice Seasoned French Fries,$3.09,,,32 oz,[],Many in stock,"https://www.instacart.com/image-server/197x197/filters:fill(FFF,true):format(jpg)/d2lnr5mha7bycj.cloudfront.net/product-image/file/large_c4e50270-53a1-4894-adc9-065f9a3e458b.jpg,"
CVS®,Burman's Ketchup,$2.05,,,38 oz,[],Many in stock,"https://www.instacart.com/image-server/197x197/filters:fill(FFF,true):format(jpg)/d2lnr5mha7bycj.cloudfront.net/product-image/file/large_d0065b54-7a48-459d-a5f1-ae08d65ba444.jpg,"
CVS®,L'oven Fresh Hamburger Buns,$1.45,,,11 oz,[],Many in stock,"https://www.instacart.com/image-server/197x197/filters:fill(FFF,true):format(jpg)/d2lnr5mha7bycj.cloudfront.net/product-image/file/large_a0ce76df-663b-4d6a-b5c4-4aa106b6849c.jpg,"
CVS®,Reggano Spaghetti,$2.09,,,32 oz,[],Many in stock,"https://www.instacart.com/image-server/197x197/filters:fill(FFF,true):format(jpg)/d2lnr5mha7bycj.cloudfront.net/product-image/file/large_dfd16e14-09c8-4da5-b62a-5390e73113db.jpg,"
CVS®,Nature's Nectar Premium Orange Juice Not From Concentrate No Pulp,$3.65,,,52 fl oz,[],Many in stock,"https://www.instacart.com/image-server/197x197/filters:fill(FFF,true):format(jpg)/d2lnr5mha7bycj.cloudfront.net/product-image/file/large_31f12a83-62a9-4277-a7e6-fc55001d275c.jpg,"
CVS®,Happy Harvest Whole Kernel Corn,$0.69,,,15.25 oz,[],Many in stock,"https://www.instacart.com/image-server/197x197/filters:fill(FFF,true):format(jpg)/d2lnr5mha7bycj.cloudfront.net/product-image/file/large_fc277434-d241-428e-a103-a8a6e605687c.jpg,"
CVS®,Little Salad Bar Garden Salad,$1.99,,,12 oz,[],Many in stock,"https://www.instacart.com/image-server/197x197/filters:fill(FFF,true):format(jpg)/d2lnr5mha7bycj.cloudfront.net/product-image/file/large_c0da4158-c406-44f0-94d5-42589650880e.jpg,"
CVS®,Clancy's Restaurant Style Tortilla Chips,$2.19,,,13 oz,['Vegan'],Many in stock,"https://www.instacart.com/image-server/197x197/filters:fill(FFF,true):format(jpg)/d2lnr5mha7bycj.cloudfront.net/product-image/file/large_ac22debb-2a8f-442b-a897-cc53ed489f33.jpg,"
CVS®,Baker's Corner 4 lb. Granulated Sugar,$3.45,,,4 lb,[],Many in stock,"https://www.instacart.com/image-server/197x197/filters:fill(FFF,true):format(jpg)/d2lnr5mha7bycj.cloudfront.net/product-image/file/large_d749991c-7839-427e-98e5-110ea4a4ddbd.jpg,"
CVS®,Countryside Creamery Half & Half,$3.09,,,32 fl oz,[],Many in stock,"https://www.instacart.com/image-server/197x197/filters:fill(FFF,true):format(jpg)/d2lnr5mha7bycj.cloudfront.net/product-image/file/large_cff081f1-e26f-4b5e-b58d-59ae66dfee84.jpg,"
CVS®,Appleton Farms Premium Pork Sausage Roll,$2.75,,,16 oz,[],,"https://www.instacart.com/image-server/197x197/filters:fill(FFF,true):format(jpg)/d2lnr5mha7bycj.cloudfront.net/product-image/file/large_2d6c4008-bb7f-4510-a6b2-c65ff7d7a511.jpg,"
CVS®,L'oven Fresh Plain English Muffins,$1.65,,,12 oz,[],Many in stock,"https://www.instacart.com/image-server/197x197/filters:fill(FFF,true):format(jpg)/d2lnr5mha7bycj.cloudfront.net/product-image/file/large_b687293d-1de2-47a3-81d3-dbc86f8fdfd8.jpg,"
CVS®,Clancy's Wavy Potato Chips,$2.45,,,10 oz,"['Gluten-Free', 'Vegan']",Many in stock,"https://www.instacart.com/image-server/197x197/filters:fill(FFF,true):format(jpg)/d2lnr5mha7bycj.cloudfront.net/product-image/file/large_b602ef40-ce7d-4d47-bbe8-b4fc860c1f56.jpg,"
CVS®,"Oreo Double Stuf Chocolate Sandwich Cookies, Party Size",$6.59,,,27 oz,[],,"https://www.instacart.com/image-server/197x197/filters:fill(FFF,true):format(jpg)/d2lnr5mha7bycj.cloudfront.net/product-image/file/large_877067ef-9581-4d08-a406-b2bb5b49529e.jpg,"
CVS®,Baker's Treat Peanut Butter Wafers,$2.05,,,12 oz,[],Many in stock,"https://www.instacart.com/image-server/197x197/filters:fill(FFF,true):format(jpg)/d2lnr5mha7bycj.cloudfront.net/product-image/file/large_b96f376e-c953-48e6-a1fa-2237b8972ba2.jpg,"
CVS®,Clancy's Veggie Straws,$2.99,,,7 oz,"['Gluten-Free', 'Vegan']",Many in stock,"https://www.instacart.com/image-server/197x197/filters:fill(FFF,true):format(jpg)/d2lnr5mha7bycj.cloudfront.net/product-image/file/large_6d77335e-ad12-451b-8d83-dd214bc0f588.jpg,"
CVS®,Baker's Treat Glazed Honey Buns,$2.05,,,10.5 oz,[],Many in stock,"https://www.instacart.com/image-server/197x197/filters:fill(FFF,true):format(jpg)/d2lnr5mha7bycj.cloudfront.net/product-image/file/large_d7f68d17-09b3-4366-b361-de7f1ef9ffaf.jpg,"
CVS®,"Chips Ahoy! Original Chocolate Chip Cookies, Party Size",$6.59,,,25 oz,[],Many in stock,"https://www.instacart.com/image-server/197x197/filters:fill(FFF,true):format(jpg)/d2lnr5mha7bycj.cloudfront.net/product-image/file/large_117bbd2c-f1c4-4d8b-9ba1-9dd4396f39ab.jpg,"
CVS®,Clancy's Snack Combo 18 bags,$8.05,,,18 ct,[],Many in stock,"https://www.instacart.com/image-server/197x197/filters:fill(FFF,true):format(jpg)/d2lnr5mha7bycj.cloudfront.net/product-image/file/large_61352ee9-d46f-4856-b0d2-cc18f7b5b3be.jpg,"
CVS®,Savoritz Cheese Dip and Cracker Sticks,$1.45,,,5 oz,[],Many in stock,"https://www.instacart.com/image-server/197x197/filters:fill(FFF,true):format(jpg)/d2lnr5mha7bycj.cloudfront.net/product-image/file/large_12bbd479-ad62-4371-bf11-49074f1dd271.jpg,"
CVS®,Savoritz Golden Rounds,$2.75,,,13.7 oz,[],Many in stock,"https://www.instacart.com/image-server/197x197/filters:fill(FFF,true):format(jpg)/d2lnr5mha7bycj.cloudfront.net/product-image/file/large_0f53972c-1423-4faa-ab0f-d988e359179a.jpg,"
CVS®,"Frito Lay Snacks, Flavor Mix",$10.99,,,18 each,[],Many in stock,"https://www.instacart.com/image-server/197x197/filters:fill(FFF,true):format(jpg)/d2lnr5mha7bycj.cloudfront.net/product-image/file/large_95a0594d-b15c-401f-b57d-fa3bfa712119.png,"
CVS®,Clancy's White Cheddar Cheese Popcorn,$2.65,,,8.5 oz,[],Many in stock,"https://www.instacart.com/image-server/197x197/filters:fill(FFF,true):format(jpg)/d2lnr5mha7bycj.cloudfront.net/product-image/file/large_b3880f0f-5dc3-4b19-8de2-165b0bb5c4f2.jpg,"
CVS®,Little Debbie Oatmeal Creme Pies,$2.75,,,12 ct,[],Many in stock,"https://www.instacart.com/image-server/197x197/filters:fill(FFF,true):format(jpg)/d2lnr5mha7bycj.cloudfront.net/product-image/file/large_aadcea35-b091-41d0-ada8-dc49723b8ccf.png,"
CVS®,Savoritz Original Saltine Crackers,$1.89,,,16 oz,[],Many in stock,"https://www.instacart.com/image-server/197x197/filters:fill(FFF,true):format(jpg)/d2lnr5mha7bycj.cloudfront.net/product-image/file/large_b09429e7-21e4-435d-99a8-fcfaead58aad.jpg,"
CVS®,"Chips Ahoy! Chewy Chocolate Chip Cookies, Party Size",$6.59,,,26 oz,[],Many in stock,"https://www.instacart.com/image-server/197x197/filters:fill(FFF,true):format(jpg)/d2lnr5mha7bycj.cloudfront.net/product-image/file/large_c3d0bbd9-9883-4994-836f-d0a4558f4f09.jpg,"
CVS®,Clancy's Movie Theater Butter Microwave Popcorn,$5.29,,,2.5 oz,[],Many in stock,"https://www.instacart.com/image-server/197x197/filters:fill(FFF,true):format(jpg)/d2lnr5mha7bycj.cloudfront.net/product-image/file/large_e03e72ee-ffbb-4885-9bac-7af7a42e2e9e.jpg,"
CVS®,Clancy's Cheddar and Sour Cream Ridged Potato Chips,$2.45,,,9 oz,['Gluten-Free'],Many in stock,"https://www.instacart.com/image-server/197x197/filters:fill(FFF,true):format(jpg)/d2lnr5mha7bycj.cloudfront.net/product-image/file/large_44786089-ac49-442d-a992-e8850c363904.jpg,"
CVS®,Clancy's Pretzel Minis,$2.35,,,16 oz,[],Many in stock,"https://www.instacart.com/image-server/197x197/filters:fill(FFF,true):format(jpg)/d2lnr5mha7bycj.cloudfront.net/product-image/file/large_d3037df4-c266-48cd-8bcc-362f0aceb29b.jpg,"
CVS®,Chomps Grass-Fed Original Beef Stick,$2.65,,,1.15 oz,"['Gluten-Free', 'Keto']",Many in stock,"https://www.instacart.com/image-server/197x197/filters:fill(FFF,true):format(jpg)/d2lnr5mha7bycj.cloudfront.net/product-image/file/large_2d6251ee-b288-45e9-b7a1-0a2fc787e1e7.JPG,"
CVS®,Clancy's Pretzel Sticks,$2.35,,,16 oz,[],Many in stock,"https://www.instacart.com/image-server/197x197/filters:fill(FFF,true):format(jpg)/d2lnr5mha7bycj.cloudfront.net/product-image/file/large_685f54e0-a3f4-40c6-9e81-368d1270be01.jpg,"
CVS®,Baker's Treat Swiss Rolls,$2.05,,,13 oz,[],Many in stock,"https://www.instacart.com/image-server/197x197/filters:fill(FFF,true):format(jpg)/d2lnr5mha7bycj.cloudfront.net/product-image/file/large_428f58b5-40d7-43db-b9cf-2037e63c50a1.jpg,"
CVS®,Clancy's Barbecue Potato Chips,$2.45,,,9.5 oz,['Gluten-Free'],Many in stock,"https://www.instacart.com/image-server/197x197/filters:fill(FFF,true):format(jpg)/d2lnr5mha7bycj.cloudfront.net/product-image/file/large_fecbe495-4333-4553-a003-bbb38f47dd61.jpg,"
CVS®,"Oreo Mint Creme Chocolate Sandwich Cookies, Party Size",$6.59,,,26.7 oz,[],,"https://www.instacart.com/image-server/197x197/filters:fill(FFF,true):format(jpg)/d2lnr5mha7bycj.cloudfront.net/product-image/file/large_298891b3-1558-48c4-a454-34cc8d153662.jpg,"
CVS®,Savoritz Clubhouse Crackers,$3.25,,,13.7 oz,[],Many in stock,"https://www.instacart.com/image-server/197x197/filters:fill(FFF,true):format(jpg)/d2lnr5mha7bycj.cloudfront.net/product-image/file/large_37fc8f33-4c6a-4637-a866-bbdc4ac1965b.jpg,"
CVS®,Clancy's Original Kettle Chips,$2.15,,,8 oz,[],Many in stock,"https://www.instacart.com/image-server/197x197/filters:fill(FFF,true):format(jpg)/d2lnr5mha7bycj.cloudfront.net/product-image/file/large_ebda7fcd-f52c-4fb8-9f35-93ffb1f6da56.jpg,"
CVS®,Lunch Buddies Mandarin Fruit Cups in Juice,$2.35,,,4 x 4 oz,['Vegan'],Many in stock,"https://www.instacart.com/image-server/197x197/filters:fill(FFF,true):format(jpg)/d2lnr5mha7bycj.cloudfront.net/product-image/file/large_de25e0c2-c20a-4c51-94bb-e7eb5c97fca5.jpg,"
CVS®,Hostess Twinkies Golden Sponge Cake With Creamy Filling,$3.85,,,10 ct,[],Many in stock,"https://www.instacart.com/image-server/197x197/filters:fill(FFF,true):format(jpg)/d2lnr5mha7bycj.cloudfront.net/product-image/file/large_640a44dc-043b-400e-9bdc-844e07277cd8.jpg,"
CVS®,Simply Nature White Cheddar Puffs,$2.35,,,4 oz,['Gluten-Free'],Many in stock,"https://www.instacart.com/image-server/197x197/filters:fill(FFF,true):format(jpg)/d2lnr5mha7bycj.cloudfront.net/product-image/file/large_036d486f-4d24-4daa-81a2-b6318675b50a.jpg,"
CVS®,Clancy's Ranch Veggie Straws,$2.99,,,7 oz,[],Many in stock,"https://www.instacart.com/image-server/197x197/filters:fill(FFF,true):format(jpg)/d2lnr5mha7bycj.cloudfront.net/product-image/file/large_e1d2b3a0-e0cc-4fd6-ad13-96cf2f89b849.jpg,"
CVS®,Clancy's Big Dipper Tortilla Chips,$2.45,,,10 oz,[],Many in stock,"https://www.instacart.com/image-server/197x197/filters:fill(FFF,true):format(jpg)/d2lnr5mha7bycj.cloudfront.net/product-image/file/large_6d35d3e8-d876-47ee-aced-c2cb7a7fc520.jpg,"
CVS®,Clancy's Original Pretzel Slims,$2.09,,,8 oz,[],Many in stock,"https://www.instacart.com/image-server/197x197/filters:fill(FFF,true):format(jpg)/d2lnr5mha7bycj.cloudfront.net/product-image/file/large_280b02fd-9795-428a-8d0f-f28691124ac6.jpg,"
CVS®,Lunch Buddies Chocolate Pudding Cups,$1.09,,,4 x 3.25 oz,[],Many in stock,"https://www.instacart.com/image-server/197x197/filters:fill(FFF,true):format(jpg)/d2lnr5mha7bycj.cloudfront.net/product-image/file/large_4677bd16-af74-488e-9ccf-55cfd9e3b773.jpg,"
CVS®,Clancy's Nacho Tortilla Chips,$2.65,,,11 oz,[],Many in stock,"https://www.instacart.com/image-server/197x197/filters:fill(FFF,true):format(jpg)/d2lnr5mha7bycj.cloudfront.net/product-image/file/large_efb4d21a-092c-498e-83e7-54fd010e5872.jpg,"
CVS®,Takis Fuego Rolled Tortilla Chips Bag,$3.69,,,9.9 oz,[],Many in stock,"https://www.instacart.com/image-server/197x197/filters:fill(FFF,true):format(jpg)/d2lnr5mha7bycj.cloudfront.net/product-image/file/large_d8547e2b-5ea2-40b2-b2bb-22b9084265fd.jpg,"
CVS®,Clancy's Corn Chips,$1.99,,,9.25 oz,"['Gluten-Free', 'Vegan']",Many in stock,"https://www.instacart.com/image-server/197x197/filters:fill(FFF,true):format(jpg)/d2lnr5mha7bycj.cloudfront.net/product-image/file/large_5a8ea4a4-1236-45af-8c36-c51e70f4f42a.jpg,"
CVS®,Clancy's Jalapeno Kettle Chips,$2.15,,,8 oz,[],Many in stock,"https://www.instacart.com/image-server/197x197/filters:fill(FFF,true):format(jpg)/d2lnr5mha7bycj.cloudfront.net/product-image/file/large_e3674112-6833-40dd-8757-b7080e31a355.jpg,"
CVS®,"Doritos Flavored Tortilla Chips, Nacho Cheese",$4.39,,,9.25 oz,[],Many in stock,"https://www.instacart.com/image-server/197x197/filters:fill(FFF,true):format(jpg)/d2lnr5mha7bycj.cloudfront.net/product-image/file/large_a7a14f9d-77d6-4b3a-a711-c0aef84466d9.jpg,"
CVS®,Extra Gum Spearmint Sugar Free Chewing Gum Single Pack Stick,$1.55,,,15 ct,['Zero Sugar'],,"https://www.instacart.com/image-server/197x197/filters:fill(FFF,true):format(jpg)/d2lnr5mha7bycj.cloudfront.net/product-image/file/large_382803e7-2ac8-49f4-ba64-1c5da00dd75b.jpg,"
CVS®,Specially Selected Sea Salt Pita Chips,$3.09,,,9 oz,[],Many in stock,"https://www.instacart.com/image-server/197x197/filters:fill(FFF,true):format(jpg)/d2lnr5mha7bycj.cloudfront.net/product-image/file/large_5d255459-418a-44de-8ceb-e5778ed78ea0.jpg,"
CVS®,Benton's Peanut Butter Filled Cookies,$2.35,,,9.5 oz,[],Many in stock,"https://www.instacart.com/image-server/197x197/filters:fill(FFF,true):format(jpg)/d2lnr5mha7bycj.cloudfront.net/product-image/file/large_4206a986-83a3-4ac8-bd6a-5731e618a1f5.jpg,"
CVS®,Millville Chocolate Chip Chewy Granola bars,$1.95,,,10 ct,[],Many in stock,"https://www.instacart.com/image-server/197x197/filters:fill(FFF,true):format(jpg)/d2lnr5mha7bycj.cloudfront.net/product-image/file/large_11b2360a-1dc4-412d-a417-a812de123559.jpg,"
CVS®,Simms Turkey Sausage Snack Sticks,$3.75,,,8 oz,[],Many in stock,"https://www.instacart.com/image-server/197x197/filters:fill(FFF,true):format(jpg)/d2lnr5mha7bycj.cloudfront.net/product-image/file/large_36db1808-34a9-4495-b462-b8d390c98f99.jpg,"
CVS®,Benton's Vanilla Wafers,$2.75,,,11 oz,[],Many in stock,"https://www.instacart.com/image-server/197x197/filters:fill(FFF,true):format(jpg)/d2lnr5mha7bycj.cloudfront.net/product-image/file/large_4f804885-b92e-41fa-9bec-b4aac182616e.jpg,"
CVS®,"Chomps Grass-Fed Jalapeno Beef, Medium",$2.65,,,1.15 oz,"['Gluten-Free', 'Keto']",,"https://www.instacart.com/image-server/197x197/filters:fill(FFF,true):format(jpg)/d2lnr5mha7bycj.cloudfront.net/product-image/file/large_4adefbf6-2025-48e5-a203-27fbbc4d7e1b.JPG,"
CVS®,Millville Smores Chewy Granola Bars,$1.95,,,10 ct,[],Many in stock,"https://www.instacart.com/image-server/197x197/filters:fill(FFF,true):format(jpg)/d2lnr5mha7bycj.cloudfront.net/product-image/file/large_0291915d-05ad-4459-9feb-45ed241d27ed.jpg,"
CVS®,Benton's Graham Crackers,$2.45,,,14.4 oz,[],Many in stock,"https://www.instacart.com/image-server/197x197/filters:fill(FFF,true):format(jpg)/d2lnr5mha7bycj.cloudfront.net/product-image/file/large_d4c7c8de-9481-4a87-b949-c200a53e3504.jpg,"
CVS®,Savoritz Wheat Entertainment Crackers,$1.89,,,8 oz,[],Many in stock,"https://www.instacart.com/image-server/197x197/filters:fill(FFF,true):format(jpg)/d2lnr5mha7bycj.cloudfront.net/product-image/file/large_dc6090d8-60a7-4b6d-82c9-c09e08d6264d.jpg,"
CVS®,"Storck Knoppers Hazelnut Wafer Candy, Multipack",$2.99,,,5 x 0.88 oz,[],Many in stock,"https://www.instacart.com/image-server/197x197/filters:fill(FFF,true):format(jpg)/d2lnr5mha7bycj.cloudfront.net/product-image/file/large_faf2c750-ffcd-40b8-87ad-60b4e8f17d58.jpg,"
CVS®,Savoritz Butter Entertainment Crackers,$1.89,,,7 oz,[],Many in stock,"https://www.instacart.com/image-server/197x197/filters:fill(FFF,true):format(jpg)/d2lnr5mha7bycj.cloudfront.net/product-image/file/large_ff17b308-0eda-4027-b345-d8e07f3f8208.jpg,"
CVS®,Mamba Tropics Fruit Chews Chewy Candy,$1.35,,,2.8 oz,[],Many in stock,"https://www.instacart.com/image-server/197x197/filters:fill(FFF,true):format(jpg)/d2lnr5mha7bycj.cloudfront.net/product-image/file/large_c840027e-becb-42ba-a9b9-789c0b2aaa0f.jpg,"
CVS®,Mamba Fruit Chews Chewy Candy,$1.35,,,2.8 oz,[],Many in stock,"https://www.instacart.com/image-server/197x197/filters:fill(FFF,true):format(jpg)/d2lnr5mha7bycj.cloudfront.net/product-image/file/large_273765cd-4677-4c59-a62e-b612ac26d3da.jpg,"
CVS®,Happy Farms Shredded Mexican Cheese,$3.19,,,12 oz,[],Many in stock,"https://www.instacart.com/image-server/197x197/filters:fill(FFF,true):format(jpg)/d2lnr5mha7bycj.cloudfront.net/product-image/file/large_eb0413f1-b931-4134-9b84-6131574c8e7e.jpg,"
CVS®,Happy Farms Deli Sliced Colby Jack Cheese,$2.09,,,7.5 oz,['Keto'],Many in stock,"https://www.instacart.com/image-server/197x197/filters:fill(FFF,true):format(jpg)/d2lnr5mha7bycj.cloudfront.net/product-image/file/large_5bac1e6c-3e28-4d5b-bd9f-08cefb37b178.jpg,"
CVS®,Kraft American Cheese Slices,$5.49,,,24 ct,[],Many in stock,"https://www.instacart.com/image-server/197x197/filters:fill(FFF,true):format(jpg)/d2lnr5mha7bycj.cloudfront.net/product-image/file/large_5bcbafd7-d10a-4701-90c2-325175a8c18c.jpg,"
CVS®,Friendly Farms Regular Cottage Cheese,$2.75,,,24 oz,[],Many in stock,"https://www.instacart.com/image-server/197x197/filters:fill(FFF,true):format(jpg)/d2lnr5mha7bycj.cloudfront.net/product-image/file/large_9b5c473e-cd84-4211-874e-0e7e046d917a.jpg,"
CVS®,Happy Farms American Cheese Singles,$2.15,,,12 oz,[],Many in stock,"https://www.instacart.com/image-server/197x197/filters:fill(FFF,true):format(jpg)/d2lnr5mha7bycj.cloudfront.net/product-image/file/large_1a609531-008a-4d27-a3ca-c6305a82a3a5.jpg,"
CVS®,Happy Farms Shredded Colby Jack Cheese,$3.19,,,12 oz,[],Many in stock,"https://www.instacart.com/image-server/197x197/filters:fill(FFF,true):format(jpg)/d2lnr5mha7bycj.cloudfront.net/product-image/file/large_ef37a7a8-8c69-436c-af1d-467908633a8c.jpg,"
CVS®,Roth Horseradish Havarti Cheese,$3.65,,,6 oz,['Keto'],Many in stock,"https://www.instacart.com/image-server/197x197/filters:fill(FFF,true):format(jpg)/d2lnr5mha7bycj.cloudfront.net/product-image/file/large_baeb14e8-00dc-433c-af3e-e8e8cac1bfd7.jpg,"
CVS®,Happy Farms Shredded Mild Cheddar Cheese,$4.09,,,16 oz,[],Many in stock,"https://www.instacart.com/image-server/197x197/filters:fill(FFF,true):format(jpg)/d2lnr5mha7bycj.cloudfront.net/product-image/file/large_d5d68ced-e634-413e-a3c7-0e9fd40ea77e.jpg,"
CVS®,Happy Farms Deli Sliced Provolone Cheese,$2.09,,,8 oz,['Keto'],Many in stock,"https://www.instacart.com/image-server/197x197/filters:fill(FFF,true):format(jpg)/d2lnr5mha7bycj.cloudfront.net/product-image/file/large_ef55c541-e8c2-44c1-bf37-903c8057927e.jpg,"
CVS®,Emporium Selection Shredded Parmesan Cheese,$2.59,,,5 oz,['Keto'],Many in stock,"https://www.instacart.com/image-server/197x197/filters:fill(FFF,true):format(jpg)/d2lnr5mha7bycj.cloudfront.net/product-image/file/large_63b747f9-4edf-40f3-87d7-9332314274ab.jpg,"
CVS®,Roth French Onion Havarti Cheese,$3.65,,,6 oz,['Keto'],Many in stock,"https://www.instacart.com/image-server/197x197/filters:fill(FFF,true):format(jpg)/d2lnr5mha7bycj.cloudfront.net/product-image/file/large_6abf8708-5b83-4af7-a3b4-50a8b280234e.jpg,"
CVS®,Happy Farms Deli Sliced Pepper Jack Cheese,$2.09,,,7.5 oz,['Keto'],Many in stock,"https://www.instacart.com/image-server/197x197/filters:fill(FFF,true):format(jpg)/d2lnr5mha7bycj.cloudfront.net/product-image/file/large_77a87cf4-9edb-439d-9f49-3f399a295fbf.jpg,"
CVS®,Happy Farms Colby Jack Cheese Block,$2.19,,,8 oz,[],Many in stock,"https://www.instacart.com/image-server/197x197/filters:fill(FFF,true):format(jpg)/d2lnr5mha7bycj.cloudfront.net/product-image/file/large_8b7098c7-c938-4885-969a-2f0a7bcef38e.jpg,"
CVS®,Happy Farms Shredded Sharp Cheddar Cheese,$2.75,,,12 oz,['Keto'],Many in stock,"https://www.instacart.com/image-server/197x197/filters:fill(FFF,true):format(jpg)/d2lnr5mha7bycj.cloudfront.net/product-image/file/large_884ccb9d-9369-416b-aefe-c59bff57e951.jpg,"
CVS®,Reggano Grated Parmesan Cheese,$3.25,,,8 oz,[],Many in stock,"https://www.instacart.com/image-server/197x197/filters:fill(FFF,true):format(jpg)/d2lnr5mha7bycj.cloudfront.net/product-image/file/large_02423bf3-cd28-406b-90a5-7a891f58a5dc.jpg,"
CVS®,Happy Farms Sharp Cheddar Cheese Block,$2.19,,,8 oz,[],Many in stock,"https://www.instacart.com/image-server/197x197/filters:fill(FFF,true):format(jpg)/d2lnr5mha7bycj.cloudfront.net/product-image/file/large_f962eef4-9a46-48ba-bee7-b6150c590d7e.jpg,"
CVS®,Happy Farms Shredded Italian Blend Cheese,$3.19,,,12 oz,[],Many in stock,"https://www.instacart.com/image-server/197x197/filters:fill(FFF,true):format(jpg)/d2lnr5mha7bycj.cloudfront.net/product-image/file/large_1c6f117d-d5f5-42f0-a114-03f8901984c2.jpg,"
CVS®,Friendly Farms Low Fat Cottage Cheese,$2.75,,,24 oz,[],Many in stock,"https://www.instacart.com/image-server/197x197/filters:fill(FFF,true):format(jpg)/d2lnr5mha7bycj.cloudfront.net/product-image/file/large_be59f142-67bd-4ab1-8e61-54e4c2fa60c2.jpg,"
CVS®,Happy Farms Shredded Taco Style Cheese,$3.19,,,12 oz,[],Many in stock,"https://www.instacart.com/image-server/197x197/filters:fill(FFF,true):format(jpg)/d2lnr5mha7bycj.cloudfront.net/product-image/file/large_005c66b1-478c-4115-8703-32254622a84d.jpg,"
CVS®,Babybel Semisoft Cheeses Original,$3.65,,,6 ct,['Keto'],Many in stock,"https://www.instacart.com/image-server/197x197/filters:fill(FFF,true):format(jpg)/d2lnr5mha7bycj.cloudfront.net/product-image/file/large_1b5275e0-4856-4843-864a-7d07b35158ca.png,"
CVS®,Happy Farms Colby Jack Cheese Cubes,$2.45,,,8 oz,[],,"https://www.instacart.com/image-server/197x197/filters:fill(FFF,true):format(jpg)/d2lnr5mha7bycj.cloudfront.net/product-image/file/large_b66041b4-57a3-4572-bb02-090bfe2ae802.jpg,"
CVS®,Happy Farms Deli Sliced Swiss Cheese,$2.09,,,7 oz,['Keto'],Many in stock,"https://www.instacart.com/image-server/197x197/filters:fill(FFF,true):format(jpg)/d2lnr5mha7bycj.cloudfront.net/product-image/file/large_fe606b34-9d5a-4d2c-9b94-454d597aad38.jpg,"
CVS®,Happy Farms Colby Jack Snack Stick,$3.55,,,9 oz,['Keto'],,"https://www.instacart.com/image-server/197x197/filters:fill(FFF,true):format(jpg)/d2lnr5mha7bycj.cloudfront.net/product-image/file/large_f4120f37-261a-4ca2-b91f-27a220d97dcc.jpg,"
CVS®,Happy Farms Deluxe American Cheese Slices,$4.19,,,24 ct,[],Many in stock,"https://www.instacart.com/image-server/197x197/filters:fill(FFF,true):format(jpg)/d2lnr5mha7bycj.cloudfront.net/product-image/file/large_ba9c654b-6290-47af-acd4-354adb93273f.jpg,"
CVS®,Happy Farms Deli Sliced Muenster Cheese,$2.09,,,8 oz,['Keto'],,"https://www.instacart.com/image-server/197x197/filters:fill(FFF,true):format(jpg)/d2lnr5mha7bycj.cloudfront.net/product-image/file/large_fd42bd94-dde3-49d5-b157-b1d6e3c390f0.jpg,"
CVS®,Happy Farms Light String Cheese,$2.85,,,10 oz,[],Many in stock,"https://www.instacart.com/image-server/197x197/filters:fill(FFF,true):format(jpg)/d2lnr5mha7bycj.cloudfront.net/product-image/file/large_b8863880-d4fe-431e-b2e3-6e079ad53c31.jpg,"
CVS®,Clancy's Cheese Melt,$5.49,,,32 oz,[],Many in stock,"https://www.instacart.com/image-server/197x197/filters:fill(FFF,true):format(jpg)/d2lnr5mha7bycj.cloudfront.net/product-image/file/large_89306b97-346a-4647-b09c-87f206497079.jpg,"
CVS®,Happy Farms Mozzarella Cheese Block,$2.19,,,8 oz,[],Many in stock,"https://www.instacart.com/image-server/197x197/filters:fill(FFF,true):format(jpg)/d2lnr5mha7bycj.cloudfront.net/product-image/file/large_c13e9df5-edcb-4cd7-8cc7-e9366587de15.jpg,"
CVS®,Emporium Selection Original Feta Cheese Crumbles,$2.09,,,4 oz,[],Many in stock,"https://www.instacart.com/image-server/197x197/filters:fill(FFF,true):format(jpg)/d2lnr5mha7bycj.cloudfront.net/product-image/file/large_dbde00c2-c387-45d8-97b6-b1cd10beee39.jpg,"
CVS®,Happy Farms Mild Cheddar Cheese Block,$2.19,,,8 oz,['Keto'],Many in stock,"https://www.instacart.com/image-server/197x197/filters:fill(FFF,true):format(jpg)/d2lnr5mha7bycj.cloudfront.net/product-image/file/large_33bdc452-a301-4a54-ba03-506773765b4b.jpg,"
CVS®,Happy Farms Pepper Jack Cheese Block,$2.19,,,8 oz,['Keto'],Many in stock,"https://www.instacart.com/image-server/197x197/filters:fill(FFF,true):format(jpg)/d2lnr5mha7bycj.cloudfront.net/product-image/file/large_bb80d6df-bf10-4cc8-9b07-746c4966f289.jpg,"
CVS®,Simply Nature Shredded Organic Mexican Cheese,$2.59,,,6 oz,"['Organic', 'Keto']",,"https://www.instacart.com/image-server/197x197/filters:fill(FFF,true):format(jpg)/d2lnr5mha7bycj.cloudfront.net/product-image/file/large_648330e8-4d9f-48f7-8421-2fb2c1ba1d41.jpg,"
CVS®,Happy Farms Shredded 2% Milk Mexican Cheese,$3.19,,,11 oz,[],,"https://www.instacart.com/image-server/197x197/filters:fill(FFF,true):format(jpg)/d2lnr5mha7bycj.cloudfront.net/product-image/file/large_3a2fc989-713b-4caf-bfcb-cf0effc1a361.jpg,"
CVS®,Reggano Grated Parmesan and Romano Cheese,$3.25,,,8 oz,[],,"https://www.instacart.com/image-server/197x197/filters:fill(FFF,true):format(jpg)/d2lnr5mha7bycj.cloudfront.net/product-image/file/large_8603cc8a-ac0a-40b9-ac6a-1f2ef4f946b7.jpg,"
CVS®,Happy Farms Deli Sliced Medium Cheddar Cheese,$2.09,,,8 oz,['Keto'],,"https://www.instacart.com/image-server/197x197/filters:fill(FFF,true):format(jpg)/d2lnr5mha7bycj.cloudfront.net/product-image/file/large_46306043-bd83-4b18-85dc-1a32422f9e18.jpg,"
CVS®,Happy Farms Whole Milk Ricotta Cheese,$2.65,,,15 oz,[],Many in stock,"https://www.instacart.com/image-server/197x197/filters:fill(FFF,true):format(jpg)/d2lnr5mha7bycj.cloudfront.net/product-image/file/large_e6029699-9b29-4abc-aba0-cd4809397644.jpg,"
CVS®,Grab & Go Deli Sliced Lacey Swiss Cheese,$4.15,,,8 oz,[],Many in stock,"https://www.instacart.com/image-server/197x197/filters:fill(FFF,true):format(jpg)/d2lnr5mha7bycj.cloudfront.net/product-image/file/large_84707091-50cb-460b-9c4a-031f58f9753b.png,"
CVS®,Emporium Selection Pre-Sliced Fresh Mozzarella Log,$3.69,,,8 oz,[],Many in stock,"https://www.instacart.com/image-server/197x197/filters:fill(FFF,true):format(jpg)/d2lnr5mha7bycj.cloudfront.net/product-image/file/large_a11ff59f-6ae5-4309-81e3-4a29a2220abb.jpg,"
CVS®,Earth Grown Vegan Mozzarella Style Shreds,$4.15,,,8 oz,['Vegan'],Many in stock,"https://www.instacart.com/image-server/197x197/filters:fill(FFF,true):format(jpg)/d2lnr5mha7bycj.cloudfront.net/product-image/file/large_06975370-0911-4486-b9c3-8cdaaa0a9379.jpg,"
CVS®,Emporium Selection Italian Parmesan Cheese Wedge,$4.85,,,8 oz,[],Many in stock,"https://www.instacart.com/image-server/197x197/filters:fill(FFF,true):format(jpg)/d2lnr5mha7bycj.cloudfront.net/product-image/file/large_a1931815-4f16-4a6e-82d5-038fc6472d62.jpg,"
CVS®,Emporium Selection Tomato & Basil Feta Cheese Block,$3.49,,,8 oz,[],Many in stock,"https://www.instacart.com/image-server/197x197/filters:fill(FFF,true):format(jpg)/d2lnr5mha7bycj.cloudfront.net/product-image/file/large_3ac274b7-b81d-4f6d-a02b-671f039a3657.jpg,"
CVS®,Casa Mamita Taco Seasoning Mix,$0.55,,,1 oz,[],Many in stock,"https://www.instacart.com/image-server/197x197/filters:fill(FFF,true):format(jpg)/d2lnr5mha7bycj.cloudfront.net/product-image/file/large_563b27c4-572d-42a1-9f71-d877b0c5df29.jpg,"
CVS®,Casa Mamita Less Sodium Taco Seasoning Mix,$0.55,,,1 oz,[],Many in stock,"https://www.instacart.com/image-server/197x197/filters:fill(FFF,true):format(jpg)/d2lnr5mha7bycj.cloudfront.net/product-image/file/large_f2e34709-c55c-4a49-a8e4-87ccac7f591f.jpg,"
CVS®,Bake House Creations Jumbo Flaky Biscuits,$1.99,,,16 oz,[],Many in stock,"https://www.instacart.com/image-server/197x197/filters:fill(FFF,true):format(jpg)/d2lnr5mha7bycj.cloudfront.net/product-image/file/large_9909f679-b2e9-4fb6-8edf-21501f4aa751.jpg,"
CVS®,Bake House Creations Crescent Rolls,$2.15,,,8 oz,[],Many in stock,"https://www.instacart.com/image-server/197x197/filters:fill(FFF,true):format(jpg)/d2lnr5mha7bycj.cloudfront.net/product-image/file/large_3c6b61e2-e3e9-4205-a73d-e184ce0501dd.jpg,"
CVS®,"""JIFFY"" Corn Muffin Mix",$0.69,,,8.5 oz,[],Many in stock,"https://www.instacart.com/image-server/197x197/filters:fill(FFF,true):format(jpg)/d2lnr5mha7bycj.cloudfront.net/product-image/file/large_89e55083-f649-43cf-a553-f020def185d6.png,"
CVS®,Stonemill Garlic Powder,$1.09,,,3.12 oz,[],Many in stock,"https://www.instacart.com/image-server/197x197/filters:fill(FFF,true):format(jpg)/d2lnr5mha7bycj.cloudfront.net/product-image/file/large_7927d2fe-ec93-4d8c-9264-35f668eed876.jpg,"
CVS®,Baker's Corner All Purpose Flour,$2.59,,,5 lb,[],Many in stock,"https://www.instacart.com/image-server/197x197/filters:fill(FFF,true):format(jpg)/d2lnr5mha7bycj.cloudfront.net/product-image/file/large_1f65909c-38d5-4d99-ac26-81406ae23cd0.jpg,"
CVS®,Millville Original Pancake Syrup,$2.55,,,24 fl oz,[],Many in stock,"https://www.instacart.com/image-server/197x197/filters:fill(FFF,true):format(jpg)/d2lnr5mha7bycj.cloudfront.net/product-image/file/large_0363865e-1d64-455a-97d9-6a09e4542dcb.jpg,"
CVS®,Baker's Corner Fudge Brownie Mix,$1.35,,,18.3 oz,[],Many in stock,"https://www.instacart.com/image-server/197x197/filters:fill(FFF,true):format(jpg)/d2lnr5mha7bycj.cloudfront.net/product-image/file/large_f906aaba-2e08-492f-b3c0-eb19ebd43a8d.jpg,"
CVS®,Carlini Vegetable Oil,$4.25,,,48 fl oz,[],Many in stock,"https://www.instacart.com/image-server/197x197/filters:fill(FFF,true):format(jpg)/d2lnr5mha7bycj.cloudfront.net/product-image/file/large_02a6fc63-8b70-4bb1-90cc-2ec61887508c.jpg,"
CVS®,Stonemill Onion Powder,$1.09,,,2.62 oz,[],Many in stock,"https://www.instacart.com/image-server/197x197/filters:fill(FFF,true):format(jpg)/d2lnr5mha7bycj.cloudfront.net/product-image/file/large_290265ff-9ef4-4b9b-bc34-06cba03f8aa0.jpg,"
CVS®,Bake House Creations Jumbo Buttermilk Biscuits,$1.99,,,16 oz,[],Many in stock,"https://www.instacart.com/image-server/197x197/filters:fill(FFF,true):format(jpg)/d2lnr5mha7bycj.cloudfront.net/product-image/file/large_8ceb6dc3-d679-41c5-8816-721ec16edda0.jpg,"
CVS®,Baker's Corner Baking Soda,$0.99,,,16 oz,[],Many in stock,"https://www.instacart.com/image-server/197x197/filters:fill(FFF,true):format(jpg)/d2lnr5mha7bycj.cloudfront.net/product-image/file/large_72ef8534-0a57-404d-810e-24eacbf0dcaf.jpg,"
CVS®,Baker's Corner Brown Sugar,$2.39,,,32 oz,[],Many in stock,"https://www.instacart.com/image-server/197x197/filters:fill(FFF,true):format(jpg)/d2lnr5mha7bycj.cloudfront.net/product-image/file/large_c3c0519c-8a03-4d2e-bcf3-c97aeeb9995d.jpg,"
CVS®,Stonemill Iodized Table Salt,$0.75,,,26 oz,[],Many in stock,"https://www.instacart.com/image-server/197x197/filters:fill(FFF,true):format(jpg)/d2lnr5mha7bycj.cloudfront.net/product-image/file/large_3182da8d-5f7e-46d9-9ae2-9c450cf0f54d.jpg,"
CVS®,Baker's Corner Sweetened Condensed Milk,$1.95,,,14 oz,[],Many in stock,"https://www.instacart.com/image-server/197x197/filters:fill(FFF,true):format(jpg)/d2lnr5mha7bycj.cloudfront.net/product-image/file/large_e97136c3-468e-4708-95c1-ff3ba5954494.jpg,"
CVS®,Baker's Corner Evaporated Milk,$1.35,,,12 fl oz,[],Many in stock,"https://www.instacart.com/image-server/197x197/filters:fill(FFF,true):format(jpg)/d2lnr5mha7bycj.cloudfront.net/product-image/file/large_acb0a69f-0713-4900-80df-81c14582dc32.jpg,"
CVS®,Stonemill Original Chili Mix,$0.79,,,1.25 oz,[],Many in stock,"https://www.instacart.com/image-server/197x197/filters:fill(FFF,true):format(jpg)/d2lnr5mha7bycj.cloudfront.net/product-image/file/large_be685cb3-6845-4606-abc7-c4ec33be5e21.jpg,"
CVS®,"Tuscan Garden White Vinegar, Distilled, 5% Acidity",$3.69,,,1 gal,[],Many in stock,"https://www.instacart.com/image-server/197x197/filters:fill(FFF,true):format(jpg)/d2lnr5mha7bycj.cloudfront.net/product-image/file/large_214d9c01-3fb9-4938-bf13-728e5b3b2418.jpg,"
CVS®,Baker's Corner Powdered Sugar,$2.39,,,32 oz,[],Many in stock,"https://www.instacart.com/image-server/197x197/filters:fill(FFF,true):format(jpg)/d2lnr5mha7bycj.cloudfront.net/product-image/file/large_dde866ad-81d4-45dc-b4f6-06122c87f29b.jpg,"
CVS®,Carlini Pure Olive Oil,$5.39,,,16.9 fl oz,[],Many in stock,"https://www.instacart.com/image-server/197x197/filters:fill(FFF,true):format(jpg)/d2lnr5mha7bycj.cloudfront.net/product-image/file/large_54a22dc0-e57e-4f49-b487-04911304e5b1.jpg,"
CVS®,Stonemill Italian Seasoning,$1.09,,,0.75 oz,[],Many in stock,"https://www.instacart.com/image-server/197x197/filters:fill(FFF,true):format(jpg)/d2lnr5mha7bycj.cloudfront.net/product-image/file/large_776eeb89-b2dd-4cff-81dd-f4d31a2bd7a0.jpg,"
CVS®,Stonemill Brown Gravy Mix,$0.55,,,0.87 oz,[],Many in stock,"https://www.instacart.com/image-server/197x197/filters:fill(FFF,true):format(jpg)/d2lnr5mha7bycj.cloudfront.net/product-image/file/large_30dd9949-4484-4237-b3fb-689221828c0f.jpg,"
CVS®,Stonemill Ground Black Pepper,$3.29,,,3 oz,[],Many in stock,"https://www.instacart.com/image-server/197x197/filters:fill(FFF,true):format(jpg)/d2lnr5mha7bycj.cloudfront.net/product-image/file/large_a21f6647-70b5-414b-a769-714d3e59fe28.jpg,"
CVS®,Stonemill Chili Mix Reduced Sodium,$0.79,,,1.25 oz,[],Many in stock,"https://www.instacart.com/image-server/197x197/filters:fill(FFF,true):format(jpg)/d2lnr5mha7bycj.cloudfront.net/product-image/file/large_3ea4cc81-3ef5-429e-862e-ec4952abdeb8.jpg,"
CVS®,Stonemill Hot Chili Mix,$0.79,,,1.25 oz,[],Many in stock,"https://www.instacart.com/image-server/197x197/filters:fill(FFF,true):format(jpg)/d2lnr5mha7bycj.cloudfront.net/product-image/file/large_6d501d53-f912-4bcc-81b7-28804ae62235.jpg,"
CVS®,Specially Selected Pure Maple Syrup,$6.05,,,12.5 fl oz,[],Many in stock,"https://www.instacart.com/image-server/197x197/filters:fill(FFF,true):format(jpg)/d2lnr5mha7bycj.cloudfront.net/product-image/file/large_32886129-7825-4759-b8b3-04210231cfc3.jpg,"
CVS®,Fresh Thyme,$1.99,,,0.5 oz,[],,"https://www.instacart.com/image-server/197x197/filters:fill(FFF,true):format(jpg)/d2lnr5mha7bycj.cloudfront.net/product-image/file/large_b7e364c0-1b44-4929-9c7e-5784bc9487cf.jpg,"
CVS®,Millville Butter Flavored Syrup,$2.55,,,24 fl oz,[],,"https://www.instacart.com/image-server/197x197/filters:fill(FFF,true):format(jpg)/d2lnr5mha7bycj.cloudfront.net/product-image/file/large_8224d507-dc9f-4139-853b-3f34a6e14d32.jpg,"
CVS®,Carlini Canola Oil,$4.19,,,48 fl oz,[],Many in stock,"https://www.instacart.com/image-server/197x197/filters:fill(FFF,true):format(jpg)/d2lnr5mha7bycj.cloudfront.net/product-image/file/large_019ddee8-1f23-4cea-aab8-7ad8be538f1d.jpg,"
CVS®,Simply Nature Organic Extra Virgin Olive Oil,$6.39,,,16.9 fl oz,['Organic'],Many in stock,"https://www.instacart.com/image-server/197x197/filters:fill(FFF,true):format(jpg)/d2lnr5mha7bycj.cloudfront.net/product-image/file/large_c832b8b5-955f-4f6e-9cbe-8f8ddc6b2c0b.jpg,"
CVS®,Chef's Cupboard Panko Breadcrumbs,$1.99,,,8 oz,[],Many in stock,"https://www.instacart.com/image-server/197x197/filters:fill(FFF,true):format(jpg)/d2lnr5mha7bycj.cloudfront.net/product-image/file/large_d09ab536-cd0e-4767-a46a-b29cfa3c1515.jpg,"
CVS®,Stonemill Pure Vanilla Extract,$5.49,,,2 fl oz,['Gluten-Free'],Many in stock,"https://www.instacart.com/image-server/197x197/filters:fill(FFF,true):format(jpg)/d2lnr5mha7bycj.cloudfront.net/product-image/file/large_1de199c4-2451-4747-b751-20df4843b302.jpg,"
CVS®,Baker's Corner Semi Sweet Chocolate Morsels,$1.75,,,12 oz,[],Many in stock,"https://www.instacart.com/image-server/197x197/filters:fill(FFF,true):format(jpg)/d2lnr5mha7bycj.cloudfront.net/product-image/file/large_79daa515-1034-49d2-ac21-bb270ab8a278.jpg,"
CVS®,Stonemill Paprika,$1.09,,,2.12 oz,[],Many in stock,"https://www.instacart.com/image-server/197x197/filters:fill(FFF,true):format(jpg)/d2lnr5mha7bycj.cloudfront.net/product-image/file/large_51de0652-cecf-48bf-80dc-3c11edea5dff.jpg,"
CVS®,Baker's Corner Semi Sweet Mini Chocolate Morsels,$2.09,,,12 oz,[],Many in stock,"https://www.instacart.com/image-server/197x197/filters:fill(FFF,true):format(jpg)/d2lnr5mha7bycj.cloudfront.net/product-image/file/large_da2b1298-958f-48b6-ae4d-5df99cf9397c.jpg,"
CVS®,Baker's Corner Milk Chocolate Morsels,$2.09,,,11.5 oz,[],Many in stock,"https://www.instacart.com/image-server/197x197/filters:fill(FFF,true):format(jpg)/d2lnr5mha7bycj.cloudfront.net/product-image/file/large_1a01f4d8-a568-46dc-84e8-922b88dd6db2.jpg,"
CVS®,Priano Balsamic Vinegar,$2.75,,,16.9 oz,[],Many in stock,"https://www.instacart.com/image-server/197x197/filters:fill(FFF,true):format(jpg)/d2lnr5mha7bycj.cloudfront.net/product-image/file/large_3f2914aa-0322-44c6-badf-42310907b516.jpg,"
CVS®,Baker's Corner Chocolate Chip Cookie Mix,$2.45,,,17.5 oz,[],,"https://www.instacart.com/image-server/197x197/filters:fill(FFF,true):format(jpg)/d2lnr5mha7bycj.cloudfront.net/product-image/file/large_939ebc61-e360-4d31-ba50-83e8dc71ac1d.jpg,"
CVS®,Happy Harvest Cut Green Beans,$0.69,,,14.5 oz,[],Many in stock,"https://www.instacart.com/image-server/197x197/filters:fill(FFF,true):format(jpg)/d2lnr5mha7bycj.cloudfront.net/product-image/file/large_860af42a-b5d3-4d8d-9983-b4950714ad5a.jpg,"
CVS®,Dakota's Pride Black Beans,$0.89,,,15 oz,[],Many in stock,"https://www.instacart.com/image-server/197x197/filters:fill(FFF,true):format(jpg)/d2lnr5mha7bycj.cloudfront.net/product-image/file/large_e6e1c734-5619-4ece-926c-2ec6841e9de5.jpg,"
CVS®,Northern Catch Chunk Light Tuna in Water,$0.95,,,5 oz,[],Many in stock,"https://www.instacart.com/image-server/197x197/filters:fill(FFF,true):format(jpg)/d2lnr5mha7bycj.cloudfront.net/product-image/file/large_aefc6be4-e4f2-4cad-b9c5-d83093b7c859.jpg,"
CVS®,Happy Harvest Tomato Sauce,$0.55,,,8 oz,[],Many in stock,"https://www.instacart.com/image-server/197x197/filters:fill(FFF,true):format(jpg)/d2lnr5mha7bycj.cloudfront.net/product-image/file/large_712d489c-fbcb-4c1e-b2bb-a9c629a211ac.jpg,"
CVS®,Casa Mamita Diced Tomatoes with Green Chilies,$1.05,,,10 oz,[],Many in stock,"https://www.instacart.com/image-server/197x197/filters:fill(FFF,true):format(jpg)/d2lnr5mha7bycj.cloudfront.net/product-image/file/large_b881ae76-1466-498b-bc49-7b1653867687.jpg,"
CVS®,Happy Harvest Diced Tomatoes,$0.99,,,14.5 oz,[],Many in stock,"https://www.instacart.com/image-server/197x197/filters:fill(FFF,true):format(jpg)/d2lnr5mha7bycj.cloudfront.net/product-image/file/large_de54203d-6981-4698-9485-ecd8398ac445.jpg,"
CVS®,Brookdale Chunk Chicken Breast,$3.05,,,12.5 oz,[],Many in stock,"https://www.instacart.com/image-server/197x197/filters:fill(FFF,true):format(jpg)/d2lnr5mha7bycj.cloudfront.net/product-image/file/large_b121cb2a-1ab0-4787-ae10-c98a7f7e66c5.jpg,"
CVS®,Happy Harvest Cream Style Corn,$0.69,,,14.75 oz,[],Many in stock,"https://www.instacart.com/image-server/197x197/filters:fill(FFF,true):format(jpg)/d2lnr5mha7bycj.cloudfront.net/product-image/file/large_f0f5bfc7-b305-4e42-a9e7-977d2a165118.jpg,"
CVS®,Dakota's Pride Dark Red Kidney Beans,$0.89,,,15.5 oz,[],Many in stock,"https://www.instacart.com/image-server/197x197/filters:fill(FFF,true):format(jpg)/d2lnr5mha7bycj.cloudfront.net/product-image/file/large_c4b1f23e-808d-4f54-acb3-970faae45362.jpg,"
CVS®,Brookdale Chili No Beans,$2.39,,,15 oz,[],Many in stock,"https://www.instacart.com/image-server/197x197/filters:fill(FFF,true):format(jpg)/d2lnr5mha7bycj.cloudfront.net/product-image/file/large_e3c5f142-bb12-48c9-8205-1204db576f8a.jpg,"
CVS®,Happy Harvest Tomato Paste,$0.95,,,6 oz,[],Many in stock,"https://www.instacart.com/image-server/197x197/filters:fill(FFF,true):format(jpg)/d2lnr5mha7bycj.cloudfront.net/product-image/file/large_63618900-d926-4923-8fc1-40721a4eb4cf.jpg,"
CVS®,Happy Harvest French Green Beans,$0.69,,,14.5 oz,[],Many in stock,"https://www.instacart.com/image-server/197x197/filters:fill(FFF,true):format(jpg)/d2lnr5mha7bycj.cloudfront.net/product-image/file/large_78efb229-9185-4d8d-b009-04aa30ff59f9.jpg,"
CVS®,Dakota's Pride Garbanzo Beans,$0.89,,,15.5 oz,[],Many in stock,"https://www.instacart.com/image-server/197x197/filters:fill(FFF,true):format(jpg)/d2lnr5mha7bycj.cloudfront.net/product-image/file/large_d5509de8-8dfc-47a2-856a-5e4df9c946a0.jpg,"
CVS®,Happy Harvest Medium Sweet Peas,$0.75,,,15 oz,[],Many in stock,"https://www.instacart.com/image-server/197x197/filters:fill(FFF,true):format(jpg)/d2lnr5mha7bycj.cloudfront.net/product-image/file/large_abbd8c55-0a32-4489-b681-eae42825895b.jpg,"
CVS®,Happy Harvest Sliced Carrots,$1.05,,,14.5 oz,[],Many in stock,"https://www.instacart.com/image-server/197x197/filters:fill(FFF,true):format(jpg)/d2lnr5mha7bycj.cloudfront.net/product-image/file/large_8f4113b6-d9b7-42cb-8931-6acf3a1e269e.jpg,"
CVS®,Bon Italia Spaghetti Rings with Meatballs,$1.09,,,15 oz,[],,"https://www.instacart.com/image-server/197x197/filters:fill(FFF,true):format(jpg)/d2lnr5mha7bycj.cloudfront.net/product-image/file/large_2c37a96c-1a54-4166-9465-7a2f7f3745f7.jpg,"
CVS®,Casa Mamita Traditional Refried Beans,$1.09,,,16 oz,[],Many in stock,"https://www.instacart.com/image-server/197x197/filters:fill(FFF,true):format(jpg)/d2lnr5mha7bycj.cloudfront.net/product-image/file/large_2f50b92b-e410-4460-bd3d-a02dc5eabca5.jpg,"
CVS®,Northern Catch Zesty Lemon Pepper Pouch Tuna,$0.79,,,2.5 oz,[],Many in stock,"https://www.instacart.com/image-server/197x197/filters:fill(FFF,true):format(jpg)/d2lnr5mha7bycj.cloudfront.net/product-image/file/large_2fcf2d2d-49fa-4e38-b78c-10abc303ef1e.jpg,"
CVS®,Bookdale Original Chili With Beans,$2.09,,,15 oz,[],Many in stock,"https://www.instacart.com/image-server/197x197/filters:fill(FFF,true):format(jpg)/d2lnr5mha7bycj.cloudfront.net/product-image/file/large_aff80bca-5baf-41d4-a3a2-8392f0d3efbd.jpg,"
CVS®,Lunch Buddies Cinnamon Applesauce Cups,$2.15,,,4 oz,[],Many in stock,"https://www.instacart.com/image-server/197x197/filters:fill(FFF,true):format(jpg)/d2lnr5mha7bycj.cloudfront.net/product-image/file/large_722e7fd3-fae9-4594-80f5-c496f6347442.jpg,"
CVS®,Brookdale Corned Beef,$3.29,,,12 oz,[],Many in stock,"https://www.instacart.com/image-server/197x197/filters:fill(FFF,true):format(jpg)/d2lnr5mha7bycj.cloudfront.net/product-image/file/large_79566f80-045d-4248-94af-98f2058cd1df.jpg,"
CVS®,Lunch Buddies Strawberry Applesauce Cups,$2.15,,,6 x 4 oz,[],Many in stock,"https://www.instacart.com/image-server/197x197/filters:fill(FFF,true):format(jpg)/d2lnr5mha7bycj.cloudfront.net/product-image/file/large_5ca184c6-1c73-48c9-b458-9e9532f15529.jpg,"
CVS®,Northern Catch Chunk Tuna in Oil,$0.95,,,5 oz,[],Many in stock,"https://www.instacart.com/image-server/197x197/filters:fill(FFF,true):format(jpg)/d2lnr5mha7bycj.cloudfront.net/product-image/file/large_a3b71bb6-3926-4eca-9613-49cdeec0485a.jpg,"
CVS®,Happy Harvest Canned Mushrooms,$1.35,,,6.5 oz,[],Many in stock,"https://www.instacart.com/image-server/197x197/filters:fill(FFF,true):format(jpg)/d2lnr5mha7bycj.cloudfront.net/product-image/file/large_b3649940-2aea-497e-a7d7-fc61afed3642.jpg,"
CVS®,Sweet Harvest Mandarin Oranges in Light Syrup,$1.45,,,15 oz,[],Many in stock,"https://www.instacart.com/image-server/197x197/filters:fill(FFF,true):format(jpg)/d2lnr5mha7bycj.cloudfront.net/product-image/file/large_7cc398ee-9886-44fd-bb84-a20cb3d4649f.jpg,"
CVS®,Sweet Harvest Pineapple Chunks in Pineapple Juice,$1.39,,,20 oz,[],Many in stock,"https://www.instacart.com/image-server/197x197/filters:fill(FFF,true):format(jpg)/d2lnr5mha7bycj.cloudfront.net/product-image/file/large_81bd97a8-52d6-4f3a-8f90-f7977f933ba0.jpg,"
CVS®,Northern Catch MSC Pole & Line Tuna,$1.25,,,5 oz,[],,"https://www.instacart.com/image-server/197x197/filters:fill(FFF,true):format(jpg)/d2lnr5mha7bycj.cloudfront.net/product-image/file/large_0facf429-6084-4839-b24e-fa04e6b86d95.jpg,"
CVS®,Pueblo Lindo Chopped Green Chiles,$0.89,,,4 oz,[],Many in stock,"https://www.instacart.com/image-server/197x197/filters:fill(FFF,true):format(jpg)/d2lnr5mha7bycj.cloudfront.net/product-image/file/large_071a95a8-9e58-4540-938f-2c0db9e8630e.jpg,"
CVS®,Happy Harvest Fire Roasted Diced Tomatoes,$1.29,,,14.5 oz,[],Many in stock,"https://www.instacart.com/image-server/197x197/filters:fill(FFF,true):format(jpg)/d2lnr5mha7bycj.cloudfront.net/product-image/file/large_07e41b7c-6eef-497c-8427-44b2cf1ce633.jpg,"
CVS®,Simply Nature Variety Pack Applesauce Squeezies,$6.49,,,3.2 oz,[],Many in stock,"https://www.instacart.com/image-server/197x197/filters:fill(FFF,true):format(jpg)/d2lnr5mha7bycj.cloudfront.net/product-image/file/large_360f8c52-086b-4641-ba89-e8eea0a64b34.jpg,"
CVS®,"Happy Harvest Diced Tomatoes with Basil, Garlic and Oregano",$1.05,,,14.5 oz,[],Many in stock,"https://www.instacart.com/image-server/197x197/filters:fill(FFF,true):format(jpg)/d2lnr5mha7bycj.cloudfront.net/product-image/file/large_be398501-b700-402b-91e2-be5d4d93fdd9.jpg,"
CVS®,Dakota's Pride Mild Chili Beans,$0.89,,,15.5 oz,[],Many in stock,"https://www.instacart.com/image-server/197x197/filters:fill(FFF,true):format(jpg)/d2lnr5mha7bycj.cloudfront.net/product-image/file/large_9992dbef-04dd-4576-9885-93ccaff5fc98.jpg,"
CVS®,Simply Nature Organic Black Beans,$1.09,,,15 oz,['Organic'],Many in stock,"https://www.instacart.com/image-server/197x197/filters:fill(FFF,true):format(jpg)/d2lnr5mha7bycj.cloudfront.net/product-image/file/large_846461ca-a235-4349-a3f4-3f3e79787222.jpg,"
CVS®,Casa Mamita Fat Free Refried Beans,$1.09,,,16 oz,[],Many in stock,"https://www.instacart.com/image-server/197x197/filters:fill(FFF,true):format(jpg)/d2lnr5mha7bycj.cloudfront.net/product-image/file/large_4fec7572-0a6a-4ac8-86dd-7edc5f20fd35.jpg,"
CVS®,Happy Harvest Sliced Potatoes,$1.05,,,15 oz,[],Many in stock,"https://www.instacart.com/image-server/197x197/filters:fill(FFF,true):format(jpg)/d2lnr5mha7bycj.cloudfront.net/product-image/file/large_10ed224f-c05a-4e1c-b066-b8dfc8d24488.jpg,"
CVS®,Baker's Corner Canned Pumpkin,$1.09,,,15 oz,[],Many in stock,"https://www.instacart.com/image-server/197x197/filters:fill(FFF,true):format(jpg)/d2lnr5mha7bycj.cloudfront.net/product-image/file/large_0211b99d-b3f1-49eb-ab27-9c84cd660c49.jpg,"
CVS®,Sweet Harvest Pineapple Slices in Pineapple Juice,$1.39,,,20 oz,[],Many in stock,"https://www.instacart.com/image-server/197x197/filters:fill(FFF,true):format(jpg)/d2lnr5mha7bycj.cloudfront.net/product-image/file/large_97482b37-dcaf-48a9-a99c-225737f285aa.jpg,"
CVS®,Dakota's Pride Original Baked Beans,$2.09,,,28 oz,[],Many in stock,"https://www.instacart.com/image-server/197x197/filters:fill(FFF,true):format(jpg)/d2lnr5mha7bycj.cloudfront.net/product-image/file/large_f00d20c4-b164-40d0-831a-31013dd6eaa3.jpg,"
CVS®,Tuscan Garden Artichokes Quarters in Water,$2.85,,,12 oz,[],Many in stock,"https://www.instacart.com/image-server/197x197/filters:fill(FFF,true):format(jpg)/d2lnr5mha7bycj.cloudfront.net/product-image/file/large_7ae87775-50b5-44a0-a4ce-1aaf9746def2.jpg,"
CVS®,"Reggano Tomato, Basil and Garlic Pasta Sauce",$1.75,,,24 oz,[],Many in stock,"https://www.instacart.com/image-server/197x197/filters:fill(FFF,true):format(jpg)/d2lnr5mha7bycj.cloudfront.net/product-image/file/large_182a68d6-61b8-4f13-8e62-cdcaeb955c32.jpg,"
CVS®,Tuscan Garden Ranch Dressing Mix,$0.55,,,1 oz,[],Many in stock,"https://www.instacart.com/image-server/197x197/filters:fill(FFF,true):format(jpg)/d2lnr5mha7bycj.cloudfront.net/product-image/file/large_a3a6082f-03bc-4360-bffc-d20bdccbab0a.jpg,"
CVS®,Stonemill Minced Garlic in Water,$2.55,,,8 oz,['Vegan'],Many in stock,"https://www.instacart.com/image-server/197x197/filters:fill(FFF,true):format(jpg)/d2lnr5mha7bycj.cloudfront.net/product-image/file/large_5b1277e3-cd10-4b21-97f8-97acf6a921c1.jpg,"
CVS®,Tuscan Garden Ranch Dressing,$2.15,,,16 fl oz,[],Many in stock,"https://www.instacart.com/image-server/197x197/filters:fill(FFF,true):format(jpg)/d2lnr5mha7bycj.cloudfront.net/product-image/file/large_2c49e1c7-1569-45ea-9713-17cf5213c6e1.jpg,"
CVS®,Burman's Real Mayonnaise,$3.65,,,30 fl oz,[],Many in stock,"https://www.instacart.com/image-server/197x197/filters:fill(FFF,true):format(jpg)/d2lnr5mha7bycj.cloudfront.net/product-image/file/large_d3565732-d039-4f1d-9b39-3552ce58640f.jpg,"
CVS®,Priano Creamy Alfredo Sauce,$2.39,,,15 oz,[],Many in stock,"https://www.instacart.com/image-server/197x197/filters:fill(FFF,true):format(jpg)/d2lnr5mha7bycj.cloudfront.net/product-image/file/large_5bcc22f0-3eeb-4e57-a3ce-faabb41acc94.jpg,"
CVS®,Priano Roasted Garlic Alfredo Sauce,$2.39,,,15 oz,[],Many in stock,"https://www.instacart.com/image-server/197x197/filters:fill(FFF,true):format(jpg)/d2lnr5mha7bycj.cloudfront.net/product-image/file/large_21bb5783-2cfd-46a9-8585-723b063f4ff0.jpg,"
CVS®,Tuscan Garden Ranch Dressing and Dip,$3.85,,,36 fl oz,[],Many in stock,"https://www.instacart.com/image-server/197x197/filters:fill(FFF,true):format(jpg)/d2lnr5mha7bycj.cloudfront.net/product-image/file/large_b2e95072-f6a6-41ec-b0f5-b01369115012.jpg,"
CVS®,Burman's Yellow Mustard,$1.05,,,20 oz,['Vegan'],Many in stock,"https://www.instacart.com/image-server/197x197/filters:fill(FFF,true):format(jpg)/d2lnr5mha7bycj.cloudfront.net/product-image/file/large_adb6b247-0466-44d2-8526-8d45690c34e4.jpg,"
CVS®,Great Gherkins Kosher Dill Spears,$2.19,,,24 fl oz,[],Many in stock,"https://www.instacart.com/image-server/197x197/filters:fill(FFF,true):format(jpg)/d2lnr5mha7bycj.cloudfront.net/product-image/file/large_ccce28c1-eabb-4b0a-a819-750b83d7fbcc.jpg,"
CVS®,Great Gherkins Hamburger Dill Pickle Chips,$2.59,,,32 fl oz,[],Many in stock,"https://www.instacart.com/image-server/197x197/filters:fill(FFF,true):format(jpg)/d2lnr5mha7bycj.cloudfront.net/product-image/file/large_f37c1b0c-3920-4c40-bc88-f98ee922bd8e.jpg,"
CVS®,Reggano Marinara Pasta Sauce,$1.75,,,24 oz,['Gluten-Free'],Many in stock,"https://www.instacart.com/image-server/197x197/filters:fill(FFF,true):format(jpg)/d2lnr5mha7bycj.cloudfront.net/product-image/file/large_3737f8fa-2a69-46c9-afbc-054074cd34f2.jpg,"
CVS®,Great Gherkins Kosher Baby Dill Pickles,$1.95,,,16 fl oz,[],Many in stock,"https://www.instacart.com/image-server/197x197/filters:fill(FFF,true):format(jpg)/d2lnr5mha7bycj.cloudfront.net/product-image/file/large_4ddd43f5-2a51-4065-bb2b-7cec7596ece4.jpg,"
CVS®,Reggano Sauces Traditional Pasta Sauce,$1.75,,,24 oz,['Gluten-Free'],Many in stock,"https://www.instacart.com/image-server/197x197/filters:fill(FFF,true):format(jpg)/d2lnr5mha7bycj.cloudfront.net/product-image/file/large_e51d4420-28d8-430a-b931-717fef4522cb.jpg,"
CVS®,Priano Four Cheese Alfredo Sauce,$2.39,,,15 oz,[],Many in stock,"https://www.instacart.com/image-server/197x197/filters:fill(FFF,true):format(jpg)/d2lnr5mha7bycj.cloudfront.net/product-image/file/large_e6167d35-03d2-48b7-8664-ea9a0dcaa235.jpg,"
CVS®,Reggano Meat Pasta Sauce,$1.75,,,24 oz,['Gluten-Free'],Many in stock,"https://www.instacart.com/image-server/197x197/filters:fill(FFF,true):format(jpg)/d2lnr5mha7bycj.cloudfront.net/product-image/file/large_8b55db27-b248-4d9d-8c53-7d9385b33c0f.jpg,"
CVS®,Tuscan Garden Large Ripe Pitted Olives,$1.95,,,6 oz,['Vegan'],Many in stock,"https://www.instacart.com/image-server/197x197/filters:fill(FFF,true):format(jpg)/d2lnr5mha7bycj.cloudfront.net/product-image/file/large_e6761688-dd1a-4653-bb00-36ae37bb6071.jpg,"
CVS®,Burman's Hot Sauce,$2.35,,,12 fl oz,[],Many in stock,"https://www.instacart.com/image-server/197x197/filters:fill(FFF,true):format(jpg)/d2lnr5mha7bycj.cloudfront.net/product-image/file/large_7b72b0b2-58f8-43bb-987a-b3d6cef33a8d.jpg,"
CVS®,OH SNAP! Dill Bites Multipack 6 pack,$5.85,,,6 x 3.25 fl oz,[],Many in stock,"https://www.instacart.com/image-server/197x197/filters:fill(FFF,true):format(jpg)/d2lnr5mha7bycj.cloudfront.net/product-image/file/large_d22585d2-17b2-4462-8f12-afadb33a1eaf.jpg,"
CVS®,Reggano Roasted Garlic Pasta Sauce,$1.75,,,24 oz,[],,"https://www.instacart.com/image-server/197x197/filters:fill(FFF,true):format(jpg)/d2lnr5mha7bycj.cloudfront.net/product-image/file/large_69b5780a-801c-4c88-b365-a5f45e405d1d.jpg,"
CVS®,Casa Mamita Mild Salsa,$2.55,,,24 oz,[],Many in stock,"https://www.instacart.com/image-server/197x197/filters:fill(FFF,true):format(jpg)/d2lnr5mha7bycj.cloudfront.net/product-image/file/large_424798db-ce90-4ca7-b520-69820e820c73.jpg,"
CVS®,Simply Nature Organic Ketchup,$2.15,,,20 oz,['Organic'],Many in stock,"https://www.instacart.com/image-server/197x197/filters:fill(FFF,true):format(jpg)/d2lnr5mha7bycj.cloudfront.net/product-image/file/large_117e90f7-78e5-4667-8823-718d4b9112b7.jpg,"
CVS®,Priano Genovese Pesto,$2.45,,,6.7 oz,[],Many in stock,"https://www.instacart.com/image-server/197x197/filters:fill(FFF,true):format(jpg)/d2lnr5mha7bycj.cloudfront.net/product-image/file/large_b1b79f32-78dc-44c2-96b6-e54d1611ef6a.jpg,"
CVS®,Casa Mamita Salsa Con Queso,$2.19,,,15 oz,[],Many in stock,"https://www.instacart.com/image-server/197x197/filters:fill(FFF,true):format(jpg)/d2lnr5mha7bycj.cloudfront.net/product-image/file/large_74d1e359-c4e5-448d-b9b5-e0f60943414f.jpg,"
CVS®,Hellmann's Mayonnaise Real Mayo,$6.59,,,30 fl oz,[],Many in stock,"https://www.instacart.com/image-server/197x197/filters:fill(FFF,true):format(jpg)/d2lnr5mha7bycj.cloudfront.net/product-image/file/large_37ad1b10-3bff-48d1-a1e1-77c8b47dcdcd.jpg,"
CVS®,Priano Four Cheese Pasta Sauce,$2.35,,,24 oz,[],Many in stock,"https://www.instacart.com/image-server/197x197/filters:fill(FFF,true):format(jpg)/d2lnr5mha7bycj.cloudfront.net/product-image/file/large_f73b16ce-045d-43a3-a4bc-7497e2b1b225.jpg,"
CVS®,Tuscan Garden Buttermilk Ranch Dressing,$2.15,,,16 fl oz,[],Many in stock,"https://www.instacart.com/image-server/197x197/filters:fill(FFF,true):format(jpg)/d2lnr5mha7bycj.cloudfront.net/product-image/file/large_4caa13ce-aa22-436f-98a2-2b2db3e7bdf3.jpg,"
CVS®,Tuscan Garden Pitted Stuffed Olives,$1.75,,,5.75 oz,[],Many in stock,"https://www.instacart.com/image-server/197x197/filters:fill(FFF,true):format(jpg)/d2lnr5mha7bycj.cloudfront.net/product-image/file/large_b1e80799-7d54-4b29-adea-17f54b703ee3.jpg,"
CVS®,Burman's Original BBQ Sauce,$1.65,,,18 oz,[],Many in stock,"https://www.instacart.com/image-server/197x197/filters:fill(FFF,true):format(jpg)/d2lnr5mha7bycj.cloudfront.net/product-image/file/large_d032c181-1db8-44dd-8075-b64e8445ee99.jpg,"
CVS®,Casa Mamita Medium Salsa,$2.55,,,24 oz,[],Many in stock,"https://www.instacart.com/image-server/197x197/filters:fill(FFF,true):format(jpg)/d2lnr5mha7bycj.cloudfront.net/product-image/file/large_b7ef65cf-32e6-46e2-8d6c-6fdb9774b114.jpg,"
CVS®,Tuscan Garden Zesty Italian Dressing,$2.15,,,16 fl oz,[],Many in stock,"https://www.instacart.com/image-server/197x197/filters:fill(FFF,true):format(jpg)/d2lnr5mha7bycj.cloudfront.net/product-image/file/large_7339c364-079e-4501-bab4-eab64a6ca9c7.jpg,"
CVS®,Sweet Baby Ray's Barbecue Sauce,$3.29,,,28 oz,['Gluten-Free'],Many in stock,"https://www.instacart.com/image-server/197x197/filters:fill(FFF,true):format(jpg)/d2lnr5mha7bycj.cloudfront.net/product-image/file/large_5dc5d76e-6c42-4fff-a57f-cc00b825e8f3.png,"
CVS®,Burman's Honey BBQ Sauce,$1.65,,,18 oz,[],,"https://www.instacart.com/image-server/197x197/filters:fill(FFF,true):format(jpg)/d2lnr5mha7bycj.cloudfront.net/product-image/file/large_9497fa5f-f7e3-49f2-9af4-7c31a7f34b9b.jpg,"
CVS®,Rao's Homemade Marinara Sauce,$7.59,,,24 oz,['Vegan'],Many in stock,"https://www.instacart.com/image-server/197x197/filters:fill(FFF,true):format(jpg)/d2lnr5mha7bycj.cloudfront.net/product-image/file/large_aedce7c1-edf8-4407-a36b-d9c1f1f628a4.jpg,"
CVS®,Casa Mamita Restaurant Style Salsa,$2.85,,,16 oz,[],Many in stock,"https://www.instacart.com/image-server/197x197/filters:fill(FFF,true):format(jpg)/d2lnr5mha7bycj.cloudfront.net/product-image/file/large_f8798de1-dcdd-4ba8-a8d9-30bd292fdd5b.jpg,"
CVS®,Tuscan Garden Thousand Island Dressing,$2.15,,,16 fl oz,[],Many in stock,"https://www.instacart.com/image-server/197x197/filters:fill(FFF,true):format(jpg)/d2lnr5mha7bycj.cloudfront.net/product-image/file/large_44f1356e-39ad-4c9b-986e-55c093fdc844.jpg,"
CVS®,Simply Nature Marinara Pasta Sauce,$2.19,,,25 oz,[],Many in stock,"https://www.instacart.com/image-server/197x197/filters:fill(FFF,true):format(jpg)/d2lnr5mha7bycj.cloudfront.net/product-image/file/large_de655e21-76e7-489f-b884-189aedf18474.jpg,"
CVS®,Simply Nature Tomato Basil Pasta Sauce,$2.19,,,23.5 oz,[],,"https://www.instacart.com/image-server/197x197/filters:fill(FFF,true):format(jpg)/d2lnr5mha7bycj.cloudfront.net/product-image/file/large_01b0c3b1-d12c-4ae3-83f3-4244e5184f64.jpg,"
CVS®,"Sweet Baby Ray's Barbecue Sauce, Honey",$3.29,,,28 oz,['Gluten-Free'],Many in stock,"https://www.instacart.com/image-server/197x197/filters:fill(FFF,true):format(jpg)/d2lnr5mha7bycj.cloudfront.net/product-image/file/large_2dde5639-da7d-4cf2-83e7-066cadfa2489.png,"
CVS®,Millville Buttermilk Pancake Mix,$2.15,,,32 oz,[],Many in stock,"https://www.instacart.com/image-server/197x197/filters:fill(FFF,true):format(jpg)/d2lnr5mha7bycj.cloudfront.net/product-image/file/large_80faa41b-3861-441d-a9df-8de63494b170.jpg,"
CVS®,"Millville Fruit Rounds Cereal, Sweetened Mulit-Grain Cereal",$1.85,,,12.2 oz,[],Many in stock,"https://www.instacart.com/image-server/197x197/filters:fill(FFF,true):format(jpg)/d2lnr5mha7bycj.cloudfront.net/product-image/file/large_794cdeb7-7bc1-43c7-903e-485d3f864156.jpg,"
CVS®,Cinnamon Toast Crunch Breakfast Cereal,$4.85,,,16.8 oz,['Whole Grain'],Many in stock,"https://www.instacart.com/image-server/197x197/filters:fill(FFF,true):format(jpg)/d2lnr5mha7bycj.cloudfront.net/product-image/file/large_d0b1f918-3bd9-4f0a-ac55-0e5f3da9ce86.jpg,"
CVS®,Honey Nut Cheerios Heart Healthy Cereal With Happy Heart Shapes,$5.19,,,15.4 oz,"['Gluten-Free', 'Whole Grain']",Many in stock,"https://www.instacart.com/image-server/197x197/filters:fill(FFF,true):format(jpg)/d2lnr5mha7bycj.cloudfront.net/product-image/file/large_4ffcbc4c-d3e5-4fb8-ab4e-79cee0fe0c44.jpg,"
CVS®,Millville Frosted Strawberry Toaster Tarts,$2.15,,,12 ct,[],,"https://www.instacart.com/image-server/197x197/filters:fill(FFF,true):format(jpg)/d2lnr5mha7bycj.cloudfront.net/product-image/file/large_37f80b01-8b80-4266-8dd1-4d28b73afa0b.jpg,"
CVS®,Millville Protein Pancake Mix,$4.39,,,18.5 oz,[],Many in stock,"https://www.instacart.com/image-server/197x197/filters:fill(FFF,true):format(jpg)/d2lnr5mha7bycj.cloudfront.net/product-image/file/large_3fee657f-ea98-4480-a801-b9d5ef0ae9f1.jpg,"
CVS®,"Post Fruity Pebbles Fruity Pebbles Sweetened Rice Cereal Box, Large Size",$4.55,,,15 oz,['Gluten-Free'],Many in stock,"https://www.instacart.com/image-server/197x197/filters:fill(FFF,true):format(jpg)/d2lnr5mha7bycj.cloudfront.net/product-image/file/large_894dc547-96b6-41b2-bfe0-aa19407cf26e.jpg,"
CVS®,Millville Frosted Shredded Wheat 18oz,$2.35,,,18 oz,[],Many in stock,"https://www.instacart.com/image-server/197x197/filters:fill(FFF,true):format(jpg)/d2lnr5mha7bycj.cloudfront.net/product-image/file/large_85cbe3af-cefa-4774-af61-797f3bb704c1.jpg,"
CVS®,Millville Marshmallow and Stars,$2.15,,,11.5 oz,[],Many in stock,"https://www.instacart.com/image-server/197x197/filters:fill(FFF,true):format(jpg)/d2lnr5mha7bycj.cloudfront.net/product-image/file/large_4e134c24-348e-4656-8f77-f98d02e15fe0.jpg,"
CVS®,"Post Cocoa Pebbles Breakfast Cereal Box, Large Size",$4.55,,,15 oz,['Gluten-Free'],Many in stock,"https://www.instacart.com/image-server/197x197/filters:fill(FFF,true):format(jpg)/d2lnr5mha7bycj.cloudfront.net/product-image/file/large_dd9983b4-4a54-4029-83f5-b5c25097436b.jpg,"
CVS®,Millville Honey Graham Squares,$2.49,,,12 oz,[],Many in stock,"https://www.instacart.com/image-server/197x197/filters:fill(FFF,true):format(jpg)/d2lnr5mha7bycj.cloudfront.net/product-image/file/large_4220bb46-4a4f-481c-99a7-e192caaf2796.jpg,"
CVS®,"Millville Honey Nut Flavored Crispy Oats, Family Size",$2.95,,,19.5 oz,[],Many in stock,"https://www.instacart.com/image-server/197x197/filters:fill(FFF,true):format(jpg)/d2lnr5mha7bycj.cloudfront.net/product-image/file/large_e55bdd02-6470-4f10-a5f4-6a97e7d3bef0.jpg,"
CVS®,Millville Cinnamon Crunch Square,$3.09,,,19.3 oz,[],Many in stock,"https://www.instacart.com/image-server/197x197/filters:fill(FFF,true):format(jpg)/d2lnr5mha7bycj.cloudfront.net/product-image/file/large_72ed585a-1fcf-4cca-a45f-f2087e416209.jpg,"
CVS®,"Pop-Tarts Toaster Pastries, Breakfast Foods, Kids Snacks, Frosted Strawberry",$4.35,,,12 ct,[],Many in stock,"https://www.instacart.com/image-server/197x197/filters:fill(FFF,true):format(jpg)/d2lnr5mha7bycj.cloudfront.net/product-image/file/large_8618bc35-7504-45b1-b1b2-90075ae9247b.jpg,"
CVS®,"Millville Berry Kids Krunch, Sweetened Corn & Oat Cereal",$3.55,,,13 oz,[],Many in stock,"https://www.instacart.com/image-server/197x197/filters:fill(FFF,true):format(jpg)/d2lnr5mha7bycj.cloudfront.net/product-image/file/large_95ad5a2e-385a-4ae0-b047-594a383ac4c2.jpg,"
CVS®,Millville Instant Oatmeal Variety Pack,$1.95,,,10 ct,[],Many in stock,"https://www.instacart.com/image-server/197x197/filters:fill(FFF,true):format(jpg)/d2lnr5mha7bycj.cloudfront.net/product-image/file/large_7ac91dbb-f83e-4026-b519-0969dc12b38f.jpg,"
CVS®,Millville Cinnamon Brown Sugar Toaster Toarts,$2.15,,,12 ct,[],,"https://www.instacart.com/image-server/197x197/filters:fill(FFF,true):format(jpg)/d2lnr5mha7bycj.cloudfront.net/product-image/file/large_0ea417e4-5d85-4e38-9875-4321d974cada.jpg,"
CVS®,Millville Family Size Frosted Flakes,$3.85,,,26.8 oz,[],Many in stock,"https://www.instacart.com/image-server/197x197/filters:fill(FFF,true):format(jpg)/d2lnr5mha7bycj.cloudfront.net/product-image/file/large_f1d9c267-57fd-4a64-a9c9-9f782a381ed2.jpg,"
CVS®,Millville Crispy Rice Cereal,$2.15,,,12 oz,['Gluten-Free'],Many in stock,"https://www.instacart.com/image-server/197x197/filters:fill(FFF,true):format(jpg)/d2lnr5mha7bycj.cloudfront.net/product-image/file/large_89d50895-f347-4c36-bbfb-06150e3c3d9f.jpg,"
CVS®,Millville Chocolate Puffs,$2.15,,,11.8 oz,[],Many in stock,"https://www.instacart.com/image-server/197x197/filters:fill(FFF,true):format(jpg)/d2lnr5mha7bycj.cloudfront.net/product-image/file/large_f56f6396-3fed-4cad-a6dd-5caae0828d34.jpg,"
CVS®,Millville Crunchy Granola Raisin Bran Crunch,$2.99,,,18.2 oz,[],Many in stock,"https://www.instacart.com/image-server/197x197/filters:fill(FFF,true):format(jpg)/d2lnr5mha7bycj.cloudfront.net/product-image/file/large_3af4abe9-d9ce-4e92-9de4-b961ac83c310.jpg,"
CVS®,"Pop-Tarts Toaster Pastries, Frosted Brown Sugar Cinnamon",$4.35,,,12 ct,[],Many in stock,"https://www.instacart.com/image-server/197x197/filters:fill(FFF,true):format(jpg)/d2lnr5mha7bycj.cloudfront.net/product-image/file/large_79328393-119b-4c42-9578-222a912f1777.jpg,"
CVS®,Millville Maple and Brown Sugar Instant Oatmeal,$1.95,,,15.1 oz,[],Many in stock,"https://www.instacart.com/image-server/197x197/filters:fill(FFF,true):format(jpg)/d2lnr5mha7bycj.cloudfront.net/product-image/file/large_0d857b99-b119-48cd-be1d-c6ce209f7743.jpg,"
CVS®,Millville Cocoa Peanut Butter Puffs,$3.15,,,13 oz,[],Many in stock,"https://www.instacart.com/image-server/197x197/filters:fill(FFF,true):format(jpg)/d2lnr5mha7bycj.cloudfront.net/product-image/file/large_5145d8c8-ad67-4bb7-93f1-753f272c92a6.jpg,"
CVS®,Millville Honey Crunch 'n Oats Original,$2.85,,,14.5 oz,[],Many in stock,"https://www.instacart.com/image-server/197x197/filters:fill(FFF,true):format(jpg)/d2lnr5mha7bycj.cloudfront.net/product-image/file/large_61faa1b3-34ed-4d4f-a614-e1afdbbe659d.jpg,"
CVS®,"Pop-Tarts Toaster Pastries, Frosted S'Mores",$4.35,,,12 ct,[],,"https://www.instacart.com/image-server/197x197/filters:fill(FFF,true):format(jpg)/d2lnr5mha7bycj.cloudfront.net/product-image/file/large_f28338a5-3f09-40a5-a373-dabcbed3d334.jpg,"
CVS®,Millville Raisin Bran,$2.45,,,16.6 oz,[],Many in stock,"https://www.instacart.com/image-server/197x197/filters:fill(FFF,true):format(jpg)/d2lnr5mha7bycj.cloudfront.net/product-image/file/large_b98c8570-f663-4256-a98c-bdd0d289da64.jpg,"
CVS®,Millville Old Fashioned Oats,$4.35,,,42 oz,[],Many in stock,"https://www.instacart.com/image-server/197x197/filters:fill(FFF,true):format(jpg)/d2lnr5mha7bycj.cloudfront.net/product-image/file/large_2d13b9ed-373e-4c68-94a9-2b3938ded6b6.jpg,"
CVS®,Millville Rice Squares,$3.05,,,12.8 oz,['Gluten-Free'],Many in stock,"https://www.instacart.com/image-server/197x197/filters:fill(FFF,true):format(jpg)/d2lnr5mha7bycj.cloudfront.net/product-image/file/large_fb09a354-f8e2-4e12-8e0c-d34849196a29.jpg,"
CVS®,Millville Honey Wheat Puffs,$2.35,,,15.3 oz,[],Many in stock,"https://www.instacart.com/image-server/197x197/filters:fill(FFF,true):format(jpg)/d2lnr5mha7bycj.cloudfront.net/product-image/file/large_3ca8b655-1e29-477f-8ae7-a7da9d445949.jpg,"
CVS®,Millville Crispy Oats,$1.85,,,12 oz,[],Many in stock,"https://www.instacart.com/image-server/197x197/filters:fill(FFF,true):format(jpg)/d2lnr5mha7bycj.cloudfront.net/product-image/file/large_2c3467f7-b743-4e95-873d-16a5cafd3691.jpg,"
CVS®,Millville Balance Multigrain Squares Cinnamon Flavor,$2.39,,,13 oz,['Multigrain'],,"https://www.instacart.com/image-server/197x197/filters:fill(FFF,true):format(jpg)/d2lnr5mha7bycj.cloudfront.net/product-image/file/large_ffd583c7-bf89-42fc-bc17-7aeaeac73dce.jpg,"
CVS®,Fit & Active Vitality with Red Berries,$2.85,,,11.2 oz,[],Many in stock,"https://www.instacart.com/image-server/197x197/filters:fill(FFF,true):format(jpg)/d2lnr5mha7bycj.cloudfront.net/product-image/file/large_0f15178b-3b80-4ff9-979b-a2f84239e42b.jpg,"
CVS®,Millville Corn Squares,$3.05,,,14 oz,[],Many in stock,"https://www.instacart.com/image-server/197x197/filters:fill(FFF,true):format(jpg)/d2lnr5mha7bycj.cloudfront.net/product-image/file/large_c5881b5a-2ec5-4f49-a394-bca134c5cf48.jpg,"
CVS®,Millville Oats & Honey Protein Crunchy Granola,$2.95,,,11 oz,[],,"https://www.instacart.com/image-server/197x197/filters:fill(FFF,true):format(jpg)/d2lnr5mha7bycj.cloudfront.net/product-image/file/large_d10b33d3-2700-4591-a4bc-0089e0f022e0.jpg,"
CVS®,Millville Bran Flakes,$3.05,,,18 oz,[],Many in stock,"https://www.instacart.com/image-server/197x197/filters:fill(FFF,true):format(jpg)/d2lnr5mha7bycj.cloudfront.net/product-image/file/large_f8421a53-4b90-42eb-a057-90476e09f330.jpg,"
CVS®,Millville Quick Oats,$4.35,,,42 oz,[],Many in stock,"https://www.instacart.com/image-server/197x197/filters:fill(FFF,true):format(jpg)/d2lnr5mha7bycj.cloudfront.net/product-image/file/large_2da52fba-2198-47ae-a383-eb9fcace802a.jpg,"
CVS®,Millville Quick Cook Steel Cut Oats,$3.45,,,25 oz,[],Many in stock,"https://www.instacart.com/image-server/197x197/filters:fill(FFF,true):format(jpg)/d2lnr5mha7bycj.cloudfront.net/product-image/file/large_080f2003-eead-467f-a0cb-ae8351c93236.jpg,"
CVS®,Simplynature Organic Instant Oatmeal Apple Cinnamon,$2.65,,,11.29 oz,['Organic'],,"https://www.instacart.com/image-server/197x197/filters:fill(FFF,true):format(jpg)/d2lnr5mha7bycj.cloudfront.net/product-image/file/large_68bf7127-9984-4bbe-a199-fcb314a0f7c5.jpg,"
CVS®,Simply Nature Organic Oats & Honey Granola,$3.29,,,12 oz,['Organic'],,"https://www.instacart.com/image-server/197x197/filters:fill(FFF,true):format(jpg)/d2lnr5mha7bycj.cloudfront.net/product-image/file/large_d57155ba-9d43-46f6-944b-f02f6e502340.jpg,"
CVS®,Little Salad Bar Caesar Salad ea,$3.09,,,10.5 oz bag,[],Many in stock,"https://www.instacart.com/image-server/197x197/filters:fill(FFF,true):format(jpg)/d2lnr5mha7bycj.cloudfront.net/product-image/file/large_aa01e998-7f42-44e3-8ff8-fa666ea601d1.jpg,"
CVS®,Panera Bread Broccoli Cheddar Soup Cup,$3.55,,,10 oz,[],,"https://www.instacart.com/image-server/197x197/filters:fill(FFF,true):format(jpg)/d2lnr5mha7bycj.cloudfront.net/product-image/file/large_a7ceb1ea-1c55-4015-b2da-b3836281f62b.png,"
CVS®,Little Salad Bar Caesar Chopped Salad Kit,$3.29,,,10.5 oz,[],,"https://www.instacart.com/image-server/197x197/filters:fill(FFF,true):format(jpg)/d2lnr5mha7bycj.cloudfront.net/product-image/file/large_469b29b6-12fb-4406-ad5f-4ae38a250238.jpg,"
CVS®,Little Salad Bar Asian Chopped Salad Kit,$3.29,,,12 oz,[],Many in stock,"https://www.instacart.com/image-server/197x197/filters:fill(FFF,true):format(jpg)/d2lnr5mha7bycj.cloudfront.net/product-image/file/large_72537031-6525-46ee-aa79-c0dbaf4d3fdc.jpg,"
CVS®,Happy Farms Garden Vegetable Cream Cheese Snack Pack,$1.65,,,2.25 oz,[],Many in stock,"https://www.instacart.com/image-server/197x197/filters:fill(FFF,true):format(jpg)/d2lnr5mha7bycj.cloudfront.net/product-image/file/large_d6f38635-79f7-48f3-bb76-637a718c30b2.jpg,"
CVS®,Panera Bread Baked Potato Soup Cup (Gluten Free),$3.55,,,10 oz,[],Many in stock,"https://www.instacart.com/image-server/197x197/filters:fill(FFF,true):format(jpg)/d2lnr5mha7bycj.cloudfront.net/product-image/file/large_937d9410-be5b-4318-ac21-a227c713ee44.png,"
CVS®,Little Salad Bar Sunflower Chopped Salad Kit,$3.29,,,11.1 oz,[],Many in stock,"https://www.instacart.com/image-server/197x197/filters:fill(FFF,true):format(jpg)/d2lnr5mha7bycj.cloudfront.net/product-image/file/large_f656939f-09b9-42fb-9909-28b4a0d6cf72.jpg,"
CVS®,Little Salad Bar Southwest Chopped Salad Kit,$3.29,,,12 oz,[],,"https://www.instacart.com/image-server/197x197/filters:fill(FFF,true):format(jpg)/d2lnr5mha7bycj.cloudfront.net/product-image/file/large_ef41b45c-1c2f-462e-83de-572aa01de152.jpg,"
CVS®,Giorgio Spinach & Artichoke Stuffed Mushrooms,$4.39,,,8.5 oz,[],Many in stock,"https://www.instacart.com/image-server/197x197/filters:fill(FFF,true):format(jpg)/d2lnr5mha7bycj.cloudfront.net/product-image/file/large_37825350-2d1d-431b-b6ca-89a1ad5da719.jpg,"
CVS®,Park Street Deli Macaroni & Cheese,$2.95,,,20 oz,[],,"https://www.instacart.com/image-server/197x197/filters:fill(FFF,true):format(jpg)/d2lnr5mha7bycj.cloudfront.net/product-image/file/large_d7737617-70aa-46db-991b-95bb18beff84.jpg,"
CVS®,Chef's Cupboard Homestyle Butter Mashed Potatoes,$1.05,,,4 oz,[],Many in stock,"https://www.instacart.com/image-server/197x197/filters:fill(FFF,true):format(jpg)/d2lnr5mha7bycj.cloudfront.net/product-image/file/large_a8375c8f-f508-4f8f-93c5-49e765bfb42e.jpg,"
CVS®,Happy Farms Jalapeno Cream Cheese Snack Pack,$1.65,,,2.25 oz,[],Many in stock,"https://www.instacart.com/image-server/197x197/filters:fill(FFF,true):format(jpg)/d2lnr5mha7bycj.cloudfront.net/product-image/file/large_383617b5-5029-4adb-ad53-46e3775635e8.jpg,"
CVS®,Little Salad Bar Sweet Kale Chopped Salad Kit,$3.29,,,12 oz,[],Many in stock,"https://www.instacart.com/image-server/197x197/filters:fill(FFF,true):format(jpg)/d2lnr5mha7bycj.cloudfront.net/product-image/file/large_7b50e4bc-7c48-4c5a-ae1d-0be6725eaf92.jpg,"
CVS®,"Bob Evans Farms Mashed Potatoes, Original",$3.85,,,24 oz,[],,"https://www.instacart.com/image-server/197x197/filters:fill(FFF,true):format(jpg)/d2lnr5mha7bycj.cloudfront.net/product-image/file/large_4b62bf55-4859-489f-ac80-e18e68eb62c1.jpg,"
CVS®,Happy Farms Strawberry Cream Cheese Snack Pack,$1.65,,,2.25 oz,[],,"https://www.instacart.com/image-server/197x197/filters:fill(FFF,true):format(jpg)/d2lnr5mha7bycj.cloudfront.net/product-image/file/large_dfd6f947-44c4-4768-997c-abc210e9af47.jpg,"
CVS®,Happy Farms Party Cheese Tray,$5.39,,,16 oz,[],,"https://www.instacart.com/image-server/197x197/filters:fill(FFF,true):format(jpg)/d2lnr5mha7bycj.cloudfront.net/product-image/file/large_b6f49342-dfcd-49d6-a25f-93ebdc265bf1.jpg,"
CVS®,Little Salad Bar Italian Salad,$2.55,,,9 oz bag,[],Many in stock,"https://www.instacart.com/image-server/197x197/filters:fill(FFF,true):format(jpg)/d2lnr5mha7bycj.cloudfront.net/product-image/file/large_4ccd8ebf-e164-4708-9dc7-22afd4f592e1.jpg,"
CVS®,Park Street Deli Beef Bites with Mild Cheddar,$3.55,,,4.5 oz,[],Many in stock,"https://www.instacart.com/image-server/197x197/filters:fill(FFF,true):format(jpg)/d2lnr5mha7bycj.cloudfront.net/product-image/file/large_be86c71a-e547-4a5b-932a-587f852cea3d.jpg,"
CVS®,"Park Street Deli Sharp White Cheddar, Dried Cranberries and Sea Salt Roasted Almonds",$3.09,,,4.5 oz,[],Many in stock,"https://www.instacart.com/image-server/197x197/filters:fill(FFF,true):format(jpg)/d2lnr5mha7bycj.cloudfront.net/product-image/file/large_bc939ad8-fcc2-428f-981c-636dd67ff6f6.jpg,"
CVS®,Mama Cozzi's Pizza Kitchen Cheesy Breadsticks,$4.85,,,18.75 oz,[],,"https://www.instacart.com/image-server/197x197/filters:fill(FFF,true):format(jpg)/d2lnr5mha7bycj.cloudfront.net/product-image/file/large_a02e6d51-f909-4b7b-a687-f27a4a50de20.jpg,"
CVS®,"Park Street Deli Sharp Yellow Cheddar, Cherry Juice-Infused Dried Cranberries and Sea Salt Roasted Cashew Splits",$3.09,,,3 x 1.5 oz,[],,"https://www.instacart.com/image-server/197x197/filters:fill(FFF,true):format(jpg)/d2lnr5mha7bycj.cloudfront.net/product-image/file/large_ccda3247-2eee-460c-885e-f8b16da58856.jpg,"
CVS®,Little Salad Bar Chicken Caesar Salad Bowl,$3.19,,,5.75 oz,[],,"https://www.instacart.com/image-server/197x197/filters:fill(FFF,true):format(jpg)/d2lnr5mha7bycj.cloudfront.net/product-image/file/large_54025c4b-d7df-492e-a779-30cd537ccf76.jpg,"
CVS®,Bremer Philly Cheesesteak Sand,$4.49,,,10 oz,[],,"https://www.instacart.com/image-server/197x197/filters:fill(FFF,true):format(jpg)/d2lnr5mha7bycj.cloudfront.net/product-image/file/large_e33ef45e-11db-42dc-b22e-a6cb85c23fd5.jpg,"
CVS®,Park Street Deli Classic Chicken Salad,$6.39,,,16 oz,[],Many in stock,"https://www.instacart.com/image-server/197x197/filters:fill(FFF,true):format(jpg)/d2lnr5mha7bycj.cloudfront.net/product-image/file/large_678ee47b-6661-4c68-b86f-32af65c7362f.jpg,"
CVS®,Lunchables Ham & American Cheese Cracker Stackers Kids Lunch Snack Meal Kit with Capri Sun,$3.15,,,9.1 oz,[],Many in stock,"https://www.instacart.com/image-server/197x197/filters:fill(FFF,true):format(jpg)/d2lnr5mha7bycj.cloudfront.net/product-image/file/large_1bec5985-08df-460c-bb11-cc061a536a76.jpg,"
CVS®,Fit & Active Chocolate Chip 100 Calorie Snack Packs,$3.29,,,4.86 oz,[],,"https://www.instacart.com/image-server/197x197/filters:fill(FFF,true):format(jpg)/d2lnr5mha7bycj.cloudfront.net/product-image/file/large_48773672-ee6b-4974-af7a-231e4c04351f.jpg,"
CVS®,Lunchables Pepperoni Pizza Kids Lunch Meal Kit Snack with Capri Sun & Crunch Candy Bar,$3.15,,,4.7 oz,[],Many in stock,"https://www.instacart.com/image-server/197x197/filters:fill(FFF,true):format(jpg)/d2lnr5mha7bycj.cloudfront.net/product-image/file/large_ddd9924e-b1c6-4c74-991a-86199ba30c7e.jpg,"
CVS®,Little Salad Bar Chef Salad Bowl,$3.19,,,6.2 oz,[],,"https://www.instacart.com/image-server/197x197/filters:fill(FFF,true):format(jpg)/d2lnr5mha7bycj.cloudfront.net/product-image/file/large_f46ab597-775e-4be6-ba83-39b4257215e4.jpg,"
CVS®,Lunchables Turkey & American Cheese Cracker Stackers Kids Lunch Snack Meal Kit & Capri Sun,$3.15,,,8.9 oz,[],,"https://www.instacart.com/image-server/197x197/filters:fill(FFF,true):format(jpg)/d2lnr5mha7bycj.cloudfront.net/product-image/file/large_7765f2d5-4452-4c59-a2e5-43d18e719f59.jpg,"
CVS®,"Park Street Deli Apples, Grapes and Cheese with Crackers Snack Tray",$2.59,,,7 oz,[],,"https://www.instacart.com/image-server/197x197/filters:fill(FFF,true):format(jpg)/d2lnr5mha7bycj.cloudfront.net/product-image/file/large_6e308bf5-773b-4e2b-a2c1-cf4347e14552.jpg,"
CVS®,Park Street Deli Cranberry Almond Chicken Salad,$6.39,,,16 oz,[],,"https://www.instacart.com/image-server/197x197/filters:fill(FFF,true):format(jpg)/d2lnr5mha7bycj.cloudfront.net/product-image/file/large_36b00d80-56df-4229-91ef-d298eb2eaa31.jpg,"
CVS®,Taboule Salad,$3.29,,,,[],,"https://www.instacart.com/image-server/197x197/filters:fill(FFF,true):format(jpg)/d1s8987jlndkbs.cloudfront.net/assets/missing-item-4bbe82b8555e4d1c12626fd482cb2409713e8e30835645ff3650ef66a725d03c.png,"
CVS®,"Park Street Deli Sharp Cheddar, Milk Chocolate, Graham Cookies and Cranberries",$3.09,,,4.5 oz,[],,"https://www.instacart.com/image-server/197x197/filters:fill(FFF,true):format(jpg)/d2lnr5mha7bycj.cloudfront.net/product-image/file/large_dc91d7a7-6fe5-4ca0-b05d-293958421631.jpg,"
CVS®,Park Street Deli Cranberry Almond Chicken Salad Singles,$4.95,,,12 oz,[],,"https://www.instacart.com/image-server/197x197/filters:fill(FFF,true):format(jpg)/d2lnr5mha7bycj.cloudfront.net/product-image/file/large_793fc75e-08cc-4c3f-bff0-06979641f2fb.jpg,"
CVS®,brekki Dark Chocolate Ready-to-eat Oats,$2.09,,,150 g,[],,"https://www.instacart.com/image-server/197x197/filters:fill(FFF,true):format(jpg)/d2lnr5mha7bycj.cloudfront.net/product-image/file/large_22484fd7-961e-4f0e-bd56-b89825dd8427.jpeg,"
CVS®,Lunchables Nachos Cheese Dip & Salsa Kids Lunch Snack Meal Kit with Capri Sun & Kit Kat,$3.15,,,10.7 oz,[],Many in stock,"https://www.instacart.com/image-server/197x197/filters:fill(FFF,true):format(jpg)/d2lnr5mha7bycj.cloudfront.net/product-image/file/large_272093f7-7a82-4a1c-b074-58a2c1c75e1c.jpg,"
CVS®,brekki Vanilla Cinnamon Overnight Oats,$2.09,,,150 g,[],,"https://www.instacart.com/image-server/197x197/filters:fill(FFF,true):format(jpg)/d2lnr5mha7bycj.cloudfront.net/product-image/file/large_557604e7-ac86-4a51-8ba9-9d6da6d7880d.jpeg,"
CVS®,Mama Cozzi's Pizza Kitchen Buffalo Chicken Calzone,$2.65,,,6 oz,[],Many in stock,"https://www.instacart.com/image-server/197x197/filters:fill(FFF,true):format(jpg)/d2lnr5mha7bycj.cloudfront.net/product-image/file/large_cc455983-7930-43c6-8177-9d28be08af06.jpg,"
CVS®,Park Street Deli Pork Egg Rolls,$3.29,,,13.5 oz,[],,"https://www.instacart.com/image-server/197x197/filters:fill(FFF,true):format(jpg)/d2lnr5mha7bycj.cloudfront.net/product-image/file/large_35f58295-0cc0-4dd0-8c5e-36c5ac25d3c7.jpg,"
CVS®,Kirkwood Chicken Fries,$5.65,,,24 oz,[],Many in stock,"https://www.instacart.com/image-server/197x197/filters:fill(FFF,true):format(jpg)/d2lnr5mha7bycj.cloudfront.net/product-image/file/large_96b4148f-1482-4b03-a138-75e389c7b104.jpg,"
CVS®,Season's Choice Crinkle Cut Potatoes,$3.09,,,32 oz,[],Many in stock,"https://www.instacart.com/image-server/197x197/filters:fill(FFF,true):format(jpg)/d2lnr5mha7bycj.cloudfront.net/product-image/file/large_211582ed-a936-42c7-8a8f-94f613a2e5e8.jpg,"
CVS®,Bremer Regular Corn Dogs,$3.75,,,16 oz,[],Many in stock,"https://www.instacart.com/image-server/197x197/filters:fill(FFF,true):format(jpg)/d2lnr5mha7bycj.cloudfront.net/product-image/file/large_1e080634-3e37-45e6-aecd-4d7711004321.jpg,"
CVS®,Mamma Cozi Pepperoni Pizza Snacks,$6.95,,,45 oz,[],Many in stock,"https://www.instacart.com/image-server/197x197/filters:fill(FFF,true):format(jpg)/d2lnr5mha7bycj.cloudfront.net/product-image/file/large_cc538246-9c78-4724-9000-5400d8b77c7e.jpg,"
CVS®,Appetitos Mozzarella Sticks,$3.65,,,11 oz,[],,"https://www.instacart.com/image-server/197x197/filters:fill(FFF,true):format(jpg)/d2lnr5mha7bycj.cloudfront.net/product-image/file/large_d2adb813-f896-448b-81df-7cb82f4cc7f4.jpg,"
CVS®,Season's Choice Steak Fries,$3.09,,,28 oz,[],Many in stock,"https://www.instacart.com/image-server/197x197/filters:fill(FFF,true):format(jpg)/d2lnr5mha7bycj.cloudfront.net/product-image/file/large_205ea855-d016-4efa-9409-caf3151a0f22.jpg,"
CVS®,Season's Choice Potato Puffs/Crispy Tots,$3.75,,,32 oz,[],Many in stock,"https://www.instacart.com/image-server/197x197/filters:fill(FFF,true):format(jpg)/d2lnr5mha7bycj.cloudfront.net/product-image/file/large_63f928bd-8f81-424e-b114-1e58796ba46a.jpg,"
CVS®,Appetitos Cream Cheese Stuffed Jalapenos,$3.65,,,11 oz,[],Many in stock,"https://www.instacart.com/image-server/197x197/filters:fill(FFF,true):format(jpg)/d2lnr5mha7bycj.cloudfront.net/product-image/file/large_26e111ba-6c78-40a6-83b4-d3c016501805.jpg,"
CVS®,Fusia Chicken Potstickers,$4.39,,,16 oz,[],Many in stock,"https://www.instacart.com/image-server/197x197/filters:fill(FFF,true):format(jpg)/d2lnr5mha7bycj.cloudfront.net/product-image/file/large_5bd455cc-6e18-4a4b-99a1-d4a34a442bc6.jpg,"
CVS®,Fusia Pork Potstickers,$4.39,,,16 oz,[],Many in stock,"https://www.instacart.com/image-server/197x197/filters:fill(FFF,true):format(jpg)/d2lnr5mha7bycj.cloudfront.net/product-image/file/large_d03dc8ef-731f-4e8a-ac7d-e378a9f4ce40.jpg,"
CVS®,Casa Mamita Chicken & Cheese Taquitos,$5.49,,,20 oz,[],,"https://www.instacart.com/image-server/197x197/filters:fill(FFF,true):format(jpg)/d2lnr5mha7bycj.cloudfront.net/product-image/file/large_89141bc7-bb7e-467b-81de-7597bfbbee7a.jpg,"
CVS®,Fusia Chicken Egg Rolls,$3.25,,,12.55 oz,[],,"https://www.instacart.com/image-server/197x197/filters:fill(FFF,true):format(jpg)/d2lnr5mha7bycj.cloudfront.net/product-image/file/large_5e5e89f8-5edd-4403-90ba-d23cba58bd83.jpg,"
CVS®,Mama Cozzi's Pizza Kitchen Toasted Cheese Ravioli,$4.39,,,16 oz,[],Many in stock,"https://www.instacart.com/image-server/197x197/filters:fill(FFF,true):format(jpg)/d2lnr5mha7bycj.cloudfront.net/product-image/file/large_a5b7099d-d257-4d23-aa00-a0f61a9a441c.jpg,"
CVS®,Mama Cozzi's Pizza Kitchen Three Cheese Mini Pizza Bagels,$6.89,,,28 oz,[],Many in stock,"https://www.instacart.com/image-server/197x197/filters:fill(FFF,true):format(jpg)/d2lnr5mha7bycj.cloudfront.net/product-image/file/large_b62031b2-5fb7-4f45-82ef-efa6e8477857.jpg,"
CVS®,Bremer Loaded Baked Potato Pierogies,$2.99,,,16 oz,[],,"https://www.instacart.com/image-server/197x197/filters:fill(FFF,true):format(jpg)/d2lnr5mha7bycj.cloudfront.net/product-image/file/large_3f34b1c6-3971-4cfc-bf1c-ab526c1961df.jpg,"
CVS®,Fusia Pork Egg Rolls,$3.25,,,12.26 oz,[],,"https://www.instacart.com/image-server/197x197/filters:fill(FFF,true):format(jpg)/d2lnr5mha7bycj.cloudfront.net/product-image/file/large_35166c0d-ddcb-4f5d-9d91-fbc50db11175.jpg,"
CVS®,Park Street Deli Chicken Egg Rolls,$3.29,,,13.5 oz,[],,"https://www.instacart.com/image-server/197x197/filters:fill(FFF,true):format(jpg)/d2lnr5mha7bycj.cloudfront.net/product-image/file/large_63eda6e0-62b8-43c2-be59-5bfa8978ffc5.jpg,"
CVS®,Hot Pockets Hot Pocket Pepperoni Pizza,$3.29,,,2 x 4.5 oz,[],Many in stock,"https://www.instacart.com/image-server/197x197/filters:fill(FFF,true):format(jpg)/d2lnr5mha7bycj.cloudfront.net/product-image/file/large_8d933a9b-4b7a-4072-9909-04e96042e264.jpg,"
CVS®,Simply Nature Sweet Potato Kids Bites,$4.29,,,12 oz,[],,"https://www.instacart.com/image-server/197x197/filters:fill(FFF,true):format(jpg)/d2lnr5mha7bycj.cloudfront.net/product-image/file/large_2331da5a-6ac7-48ae-9028-e6d708890711.jpg,"
CVS®,"Arby's Curly Fries, Seasoned",$4.72,,,22 oz,[],,"https://www.instacart.com/image-server/197x197/filters:fill(FFF,true):format(jpg)/d2lnr5mha7bycj.cloudfront.net/product-image/file/large_90d292ac-c899-494f-b426-4533a3637696.png,"
CVS®,Simply Nature Broccoli Kids Bites,$4.29,,,12 oz box,[],,"https://www.instacart.com/image-server/197x197/filters:fill(FFF,true):format(jpg)/d2lnr5mha7bycj.cloudfront.net/product-image/file/large_f6c28a31-a68f-4487-ac31-5a0b44539860.jpg,"
CVS®,Friendly Farms 2% Milk,$2.89,,,1 gal,[],Many in stock,"https://www.instacart.com/image-server/197x197/filters:fill(FFF,true):format(jpg)/d2lnr5mha7bycj.cloudfront.net/product-image/file/large_8cab9ae7-24e7-450a-869e-ea1e47acb593.jpg,"
CVS®,Friendly Farms Whole Milk,$1.75,,,0.5 gal,[],Many in stock,"https://www.instacart.com/image-server/197x197/filters:fill(FFF,true):format(jpg)/d2lnr5mha7bycj.cloudfront.net/product-image/file/large_8ac0e7b7-9611-473a-9149-0761be8edf88.jpg,"
CVS®,Friendly Farms 2% Milk,$1.75,,,0.5 gal,[],Many in stock,"https://www.instacart.com/image-server/197x197/filters:fill(FFF,true):format(jpg)/d2lnr5mha7bycj.cloudfront.net/product-image/file/large_eb4145ad-1160-4c3e-aca2-944750d6eead.jpg,"
CVS®,Friendly Farms Chocolate Milk,$1.65,,,0.5 gal,[],Many in stock,"https://www.instacart.com/image-server/197x197/filters:fill(FFF,true):format(jpg)/d2lnr5mha7bycj.cloudfront.net/product-image/file/large_c26ddd44-3619-4bf2-a23b-cf5fba93d167.jpg,"
CVS®,Friendly Farms 1% Milk,$2.89,,,1 gal,[],Many in stock,"https://www.instacart.com/image-server/197x197/filters:fill(FFF,true):format(jpg)/d2lnr5mha7bycj.cloudfront.net/product-image/file/large_ad55b9ef-d830-49c8-a827-27962e32f99f.jpg,"
CVS®,Simply Nature Organic Whole Milk,$4.19,,,64 fl oz,['Organic'],Many in stock,"https://www.instacart.com/image-server/197x197/filters:fill(FFF,true):format(jpg)/d2lnr5mha7bycj.cloudfront.net/product-image/file/large_b01db7ff-a935-4b55-b6a8-5c947cfd457b.jpg,"
CVS®,Simply Nature Organic 2% Milk,$4.19,,,64 fl oz,['Organic'],Many in stock,"https://www.instacart.com/image-server/197x197/filters:fill(FFF,true):format(jpg)/d2lnr5mha7bycj.cloudfront.net/product-image/file/large_aeb26f49-0a3e-4958-bf81-dbe931e97c64.jpg,"
CVS®,Friendly Farms Skim Milk,$1.75,,,0.5 gal,[],Many in stock,"https://www.instacart.com/image-server/197x197/filters:fill(FFF,true):format(jpg)/d2lnr5mha7bycj.cloudfront.net/product-image/file/large_0a0dc61e-8933-477f-88f8-e75c752f235e.jpg,"
CVS®,Friendly Farms 2% Lactose Free Milk,$3.55,,,64 fl oz,[],Many in stock,"https://www.instacart.com/image-server/197x197/filters:fill(FFF,true):format(jpg)/d2lnr5mha7bycj.cloudfront.net/product-image/file/large_d52b854a-b3f1-4faa-a00b-57e40e30737a.jpg,"
CVS®,Friendly Farms 1% Milk,$1.75,,,0.5 gal,[],Many in stock,"https://www.instacart.com/image-server/197x197/filters:fill(FFF,true):format(jpg)/d2lnr5mha7bycj.cloudfront.net/product-image/file/large_12465fe5-9647-481e-a08b-e1f7500a5484.jpg,"
CVS®,Friendly Farms Original Oatmmilk,$3.85,,,64 fl oz,[],Many in stock,"https://www.instacart.com/image-server/197x197/filters:fill(FFF,true):format(jpg)/d2lnr5mha7bycj.cloudfront.net/product-image/file/large_5730971d-27c4-4540-a42b-d5bd2326b452.jpg,"
CVS®,Friendly Farms Original Unsweetened Almondmilk,$2.59,,,64 fl oz,[],Many in stock,"https://www.instacart.com/image-server/197x197/filters:fill(FFF,true):format(jpg)/d2lnr5mha7bycj.cloudfront.net/product-image/file/large_df755474-1356-4ea6-9fc8-bdbe67492024.jpg,"
CVS®,Friendly Farms Vanilla Unsweetened Almondmilk,$2.59,,,64 fl oz,[],Many in stock,"https://www.instacart.com/image-server/197x197/filters:fill(FFF,true):format(jpg)/d2lnr5mha7bycj.cloudfront.net/product-image/file/large_3aae4ec3-8f77-45d6-8775-628431b0c0ef.jpg,"
CVS®,Simply Nature Whole Omega-3 Milk,$4.29,,,64 fl oz,['Organic'],,"https://www.instacart.com/image-server/197x197/filters:fill(FFF,true):format(jpg)/d2lnr5mha7bycj.cloudfront.net/product-image/file/large_6164a9ce-c25e-4da9-a89e-4c573b81984a.jpg,"
CVS®,Friendly Farms Lactose Free Whole Milk,$3.55,,,64 fl oz,[],,"https://www.instacart.com/image-server/197x197/filters:fill(FFF,true):format(jpg)/d2lnr5mha7bycj.cloudfront.net/product-image/file/large_b92ddd2c-afe1-40bf-86cc-c4455b2a013c.jpg,"
CVS®,Friendly Farms Original Coconutmilk,$3.29,,,64 fl oz,[],Many in stock,"https://www.instacart.com/image-server/197x197/filters:fill(FFF,true):format(jpg)/d2lnr5mha7bycj.cloudfront.net/product-image/file/large_a6a02216-5c1f-4851-a072-b2f722029f4e.jpg,"
CVS®,Friendly Farms Lactose Free Fat Free Milk,$3.55,,,64 fl oz,[],,"https://www.instacart.com/image-server/197x197/filters:fill(FFF,true):format(jpg)/d2lnr5mha7bycj.cloudfront.net/product-image/file/large_66dc2a93-c331-4be5-b641-760fb39b49d7.jpg,"
CVS®,Friendly Farms Chocolate Almondmilk,$2.59,,,64 fl oz,[],Many in stock,"https://www.instacart.com/image-server/197x197/filters:fill(FFF,true):format(jpg)/d2lnr5mha7bycj.cloudfront.net/product-image/file/large_1de83e16-787c-4c70-980f-7fe530cd00f6.jpg,"
CVS®,Simply Nature Organic Original Unsweetened Almondmilk,$3.55,,,64 fl oz,['Organic'],Many in stock,"https://www.instacart.com/image-server/197x197/filters:fill(FFF,true):format(jpg)/d2lnr5mha7bycj.cloudfront.net/product-image/file/large_2cd953f6-b0e2-406e-839f-1012d7e8bb6c.jpg,"
CVS®,Friendly Farms Original Sweetened Almondmilk,$2.59,,,64 fl oz,[],Many in stock,"https://www.instacart.com/image-server/197x197/filters:fill(FFF,true):format(jpg)/d2lnr5mha7bycj.cloudfront.net/product-image/file/large_227880ba-9f62-45ac-bb22-a8a4dbe99037.jpg,"
CVS®,"fairlife 2% Reduced Fat Ultra-Filtered Milk, Lactose Free",$4.95,,,52 fl oz,[],,"https://www.instacart.com/image-server/197x197/filters:fill(FFF,true):format(jpg)/d2lnr5mha7bycj.cloudfront.net/product-image/file/large_4ec4e45e-4dce-4854-878e-d1369b46cff4.jpg,"
CVS®,Friendly Farms Vanilla Sweetened Almondmilk,$2.59,,,64 fl oz,[],Many in stock,"https://www.instacart.com/image-server/197x197/filters:fill(FFF,true):format(jpg)/d2lnr5mha7bycj.cloudfront.net/product-image/file/large_448bb5c9-4517-4fce-950b-1091a47d4f24.jpg,"
CVS®,Simply Nature Organic Original Soymilk,$2.75,,,64 fl oz,['Organic'],Many in stock,"https://www.instacart.com/image-server/197x197/filters:fill(FFF,true):format(jpg)/d2lnr5mha7bycj.cloudfront.net/product-image/file/large_2bb1f5ba-5ee7-412c-9b43-f59f790ef4a3.jpg,"
CVS®,L'oven Fresh Honey Wheat Bread,$1.95,,,20 oz,[],Many in stock,"https://www.instacart.com/image-server/197x197/filters:fill(FFF,true):format(jpg)/d2lnr5mha7bycj.cloudfront.net/product-image/file/large_f19d0ca7-133d-49f4-8af1-8d16f8b85dc2.jpg,"
CVS®,L'oven Fresh 100% Whole Wheat Bread,$2.05,,,20 oz,[],Many in stock,"https://www.instacart.com/image-server/197x197/filters:fill(FFF,true):format(jpg)/d2lnr5mha7bycj.cloudfront.net/product-image/file/large_a658e7f1-69cf-46dc-b5a5-e4de38ed0e05.jpg,"
CVS®,L'oven Fresh Keto Friendly White Bread,$4.65,,,14 oz,['Keto'],,"https://www.instacart.com/image-server/197x197/filters:fill(FFF,true):format(jpg)/d2lnr5mha7bycj.cloudfront.net/product-image/file/large_413e0a54-5f32-48f5-a1e6-17b22d3638f5.jpg,"
CVS®,L'oven Fresh Italian Bread,$2.39,,,20 oz,[],Many in stock,"https://www.instacart.com/image-server/197x197/filters:fill(FFF,true):format(jpg)/d2lnr5mha7bycj.cloudfront.net/product-image/file/large_c37aeacf-11f3-4e28-a4de-21a80cacfb85.jpg,"
CVS®,L'oven Fresh Split Top Wheat Bread,$1.39,,,20 oz,[],Many in stock,"https://www.instacart.com/image-server/197x197/filters:fill(FFF,true):format(jpg)/d2lnr5mha7bycj.cloudfront.net/product-image/file/large_d7352637-60c7-4d93-92e8-bc3c67e27ee7.jpg,"
CVS®,L'oven Fresh 12 Grain Wide Pan Bread,$2.65,,,24 oz,[],Many in stock,"https://www.instacart.com/image-server/197x197/filters:fill(FFF,true):format(jpg)/d2lnr5mha7bycj.cloudfront.net/product-image/file/large_382dc837-6498-47c0-98f7-2427d0857799.jpg,"
CVS®,Specially Selected French Baguette,$1.75,,,9.5 oz,[],Many in stock,"https://www.instacart.com/image-server/197x197/filters:fill(FFF,true):format(jpg)/d2lnr5mha7bycj.cloudfront.net/product-image/file/large_5c4bb6c8-fe11-4c97-83dd-8f40b1ff5cde.jpg,"
CVS®,L'oven Fresh 100% Whole Wheat Wide Pan Bread,$2.65,,,24 oz,[],Many in stock,"https://www.instacart.com/image-server/197x197/filters:fill(FFF,true):format(jpg)/d2lnr5mha7bycj.cloudfront.net/product-image/file/large_a174e682-309d-4ae6-bee5-dd5d9e21a593.jpg,"
CVS®,L'oven Fresh Keto Friendly Wheat Bread,$4.65,,,14 oz,['Keto'],Many in stock,"https://www.instacart.com/image-server/197x197/filters:fill(FFF,true):format(jpg)/d2lnr5mha7bycj.cloudfront.net/product-image/file/large_91a5ea04-d1a0-4a78-8060-a8b7586dbdf0.jpg,"
CVS®,L'oven Fresh Cinnamon Raisin Bread,$2.59,,,16 oz,[],Many in stock,"https://www.instacart.com/image-server/197x197/filters:fill(FFF,true):format(jpg)/d2lnr5mha7bycj.cloudfront.net/product-image/file/large_3d8d6de7-cb8c-4774-a1cd-0ec8ed3d4ce0.jpg,"
CVS®,L'oven Fresh Multigrain Sandwich Skinnys,$2.19,,,12 oz,[],Many in stock,"https://www.instacart.com/image-server/197x197/filters:fill(FFF,true):format(jpg)/d2lnr5mha7bycj.cloudfront.net/product-image/file/large_06063abd-e6b8-4f92-a2d2-4f34e5f36c50.jpg,"
CVS®,Specially Selected Sourdough Square Loaf,$4.09,,,24 oz,[],Many in stock,"https://www.instacart.com/image-server/197x197/filters:fill(FFF,true):format(jpg)/d2lnr5mha7bycj.cloudfront.net/product-image/file/large_6353dfc9-8581-4553-8d41-159619d07534.jpg,"
CVS®,L'oven Fresh Garlic Herb Bread,$3.19,,,10 oz,[],Many in stock,"https://www.instacart.com/image-server/197x197/filters:fill(FFF,true):format(jpg)/d2lnr5mha7bycj.cloudfront.net/product-image/file/large_cdb9ff8b-09df-40de-b6a6-ae8a950bc854.jpg,"
CVS®,Specially Selected Sliced Sourdough Round,$4.09,,,24 oz,[],Many in stock,"https://www.instacart.com/image-server/197x197/filters:fill(FFF,true):format(jpg)/d2lnr5mha7bycj.cloudfront.net/product-image/file/large_de34002d-99f9-4ebd-8ee2-96ac5a547d10.jpg,"
CVS®,L'oven Fresh 45 Calorie Wheat Bread,$2.19,,,16 oz,[],Many in stock,"https://www.instacart.com/image-server/197x197/filters:fill(FFF,true):format(jpg)/d2lnr5mha7bycj.cloudfront.net/product-image/file/large_bf6a841b-4684-40a2-ba74-e5aedd94da0c.jpg,"
CVS®,Simply Nature Graintastic Organic Thin-Sliced Bread,$4.09,,,20.4 oz,['Organic'],Many in stock,"https://www.instacart.com/image-server/197x197/filters:fill(FFF,true):format(jpg)/d2lnr5mha7bycj.cloudfront.net/product-image/file/large_2e1ef37c-b35f-4cc6-99be-72e278324566.jpg,"
CVS®,L'oven Fresh 100% Whole Wheat Sandwich Skinnys,$2.19,,,12 oz,[],,"https://www.instacart.com/image-server/197x197/filters:fill(FFF,true):format(jpg)/d2lnr5mha7bycj.cloudfront.net/product-image/file/large_a740f722-d216-4c10-b65f-d94cf772904e.jpg,"
CVS®,Specially Selected Italian Bread Loaf,$4.19,,,16 oz,[],,"https://www.instacart.com/image-server/197x197/filters:fill(FFF,true):format(jpg)/d2lnr5mha7bycj.cloudfront.net/product-image/file/large_15e40f7c-9e79-411d-8032-65d00b99f69b.jpg,"
CVS®,Simply Nature Graintastic Organic Bread,$5.19,,,27 oz,['Organic'],Many in stock,"https://www.instacart.com/image-server/197x197/filters:fill(FFF,true):format(jpg)/d2lnr5mha7bycj.cloudfront.net/product-image/file/large_d03ac90b-1815-49a3-b8ef-49d89b507b78.jpg,"
CVS®,Simply Nature Seedtastic Organic Bread,$5.19,,,27 oz,['Organic'],Many in stock,"https://www.instacart.com/image-server/197x197/filters:fill(FFF,true):format(jpg)/d2lnr5mha7bycj.cloudfront.net/product-image/file/large_8db6ce84-ec29-4cf1-9dfc-d3888627c512.jpg,"
CVS®,Simply Nature Seedtastic Organic Thin-Sliced Bread,$4.09,,,20.4 oz,['Organic'],Many in stock,"https://www.instacart.com/image-server/197x197/filters:fill(FFF,true):format(jpg)/d2lnr5mha7bycj.cloudfront.net/product-image/file/large_d24ec9c4-54e5-45da-9d94-dd968e19f7af.jpg,"
CVS®,Turano Pane Panini Bread,$5.49,,,24 oz,[],Many in stock,"https://www.instacart.com/image-server/197x197/filters:fill(FFF,true):format(jpg)/d2lnr5mha7bycj.cloudfront.net/product-image/file/large_db145139-df2c-4aaa-8719-471ee01eb6ac.jpg,"
CVS®,liveGfree Gluten Free Wide Pan Whole Grain Bread,$7.15,,,20 oz,['Gluten-Free'],Many in stock,"https://www.instacart.com/image-server/197x197/filters:fill(FFF,true):format(jpg)/d2lnr5mha7bycj.cloudfront.net/product-image/file/large_095a6c43-be87-4c58-a91a-a550ffb777dc.jpg,"
CVS®,LiveGFree Wide Pan Gluten Free White Bread,$7.15,,,20 oz,['Gluten-Free'],Many in stock,"https://www.instacart.com/image-server/197x197/filters:fill(FFF,true):format(jpg)/d2lnr5mha7bycj.cloudfront.net/product-image/file/large_fb487a11-bdd4-4186-86f8-59d8ae93febe.jpg,"
CVS®,Specially Selected Chocolate Chip Sliced Brioche Loaf,$4.19,,,17.6 oz,[],Many in stock,"https://www.instacart.com/image-server/197x197/filters:fill(FFF,true):format(jpg)/d2lnr5mha7bycj.cloudfront.net/product-image/file/large_84fa59b7-f4da-4c4d-a867-571c5532c54f.jpg,"
CVS®,Simply Nature Sprouted 7 Grain Bread,$4.29,,,16 oz,[],Many in stock,"https://www.instacart.com/image-server/197x197/filters:fill(FFF,true):format(jpg)/d2lnr5mha7bycj.cloudfront.net/product-image/file/large_fa929a3f-dac2-41e6-8ae9-4f2b3d46e00d.jpg,"
CVS®,Simply Nature Low Sodium Sprouted 7 Grain Bread,$4.29,,,16 oz,[],Many in stock,"https://www.instacart.com/image-server/197x197/filters:fill(FFF,true):format(jpg)/d2lnr5mha7bycj.cloudfront.net/product-image/file/large_f5daf366-9889-4d8f-81fa-70595fa20f43.jpg,"
CVS®,Specially Selected Plain Sliced Brioche Loaf,$4.19,,,17.6 oz,[],,"https://www.instacart.com/image-server/197x197/filters:fill(FFF,true):format(jpg)/d2lnr5mha7bycj.cloudfront.net/product-image/file/large_cd08228e-976a-4f53-a70d-391ffa708e7c.jpg,"
CVS®,Specially Selected Italian Loaf,$4.39,,,24 oz,[],Likely out of stock,"https://www.instacart.com/image-server/197x197/filters:fill(FFF,true):format(jpg)/d2lnr5mha7bycj.cloudfront.net/product-image/file/large_eb3d8991-6352-4d7e-bf32-0f52157ba375.jpg,"
CVS®,Kirkwood Fresh Chicken Tenderloins,$7.98,/pkg (est.),$3.99 / lb,About 2.0 lb / package,['Breast'],,"https://www.instacart.com/image-server/197x197/filters:fill(FFF,true):format(jpg)/d2lnr5mha7bycj.cloudfront.net/product-image/file/large_8475b460-c37d-49b0-84b1-81434961e580.jpg,"
CVS®,Kirkwood Fresh 93% Lean Ground Turkey,$4.75,,,19.2 g,[],Many in stock,"https://www.instacart.com/image-server/197x197/filters:fill(FFF,true):format(jpg)/d2lnr5mha7bycj.cloudfront.net/product-image/file/large_bc192083-5d0f-4639-9b28-a55cfc13b4ab.jpg,"
CVS®,Kirkwood Fresh Boneless Skinless Chicken Thighs,$5.53,/pkg (est.),$2.99 / lb,About 1.85 lb / package,['Thigh'],,"https://www.instacart.com/image-server/197x197/filters:fill(FFF,true):format(jpg)/d2lnr5mha7bycj.cloudfront.net/product-image/file/large_6320f767-c9d3-44dd-97ff-5fb825653e3d.jpg,"
CVS®,Kirkwood Fresh Chicken Breasts,$6.11,/pkg (est.),$3.49 / lb,About 1.75 lb / package,['Breast'],,"https://www.instacart.com/image-server/197x197/filters:fill(FFF,true):format(jpg)/d2lnr5mha7bycj.cloudfront.net/product-image/file/large_fd698d69-2cf1-4a7d-b55d-c576781102a2.jpg,"
CVS®,Appleton Farms Turkey Bacon,$3.85,,,12 oz,[],Many in stock,"https://www.instacart.com/image-server/197x197/filters:fill(FFF,true):format(jpg)/d2lnr5mha7bycj.cloudfront.net/product-image/file/large_44ec8981-0ae2-4f1f-8c79-4c81c206d384.jpg,"
CVS®,Kirkwood Fresh Family Pack Chicken Wings,$10.60,each (est.),$2.65 / lb,About 4.0 lb each,['Wing'],,"https://www.instacart.com/image-server/197x197/filters:fill(FFF,true):format(jpg)/d2lnr5mha7bycj.cloudfront.net/product-image/file/large_3b14d13c-99a9-4ef3-85c1-d35bee39f11b.jpg,"
CVS®,Kirkwood Fresh Family Pack Chicken Thighs,$8.19,/pkg (est.),$1.59 / lb,About 5.15 lb / package,['Thigh'],,"https://www.instacart.com/image-server/197x197/filters:fill(FFF,true):format(jpg)/d2lnr5mha7bycj.cloudfront.net/product-image/file/large_a68ad447-8cdd-4fb2-865a-c4bf1ac96d8f.jpg,"
CVS®,Family Pack Antibiotic Free Boneless Skinless Chicken Breasts,$10.82,/pkg (est.),$3.49 / lb,About 3.1 lb / package,['Breast'],,"https://www.instacart.com/image-server/197x197/filters:fill(FFF,true):format(jpg)/d2lnr5mha7bycj.cloudfront.net/product-image/file/large_d9dcb804-0e9c-43f9-a1f7-2854313565f2.jpg,"
CVS®,Kirkwood Fresh Family Pack Chicken Drumsticks,$5.36,/pkg (est.),$1.19 / lb,About 4.5 lb / package,[],,"https://www.instacart.com/image-server/197x197/filters:fill(FFF,true):format(jpg)/d2lnr5mha7bycj.cloudfront.net/product-image/file/large_146641c2-586e-4161-b5e4-ff0fce713b35.jpg,"
CVS®,Kirkwood Fresh Thin Sliced Chicken Breasts,$5.59,/pkg (est.),$3.99 / lb,About 1.4 lb / package,['Breast'],,"https://www.instacart.com/image-server/197x197/filters:fill(FFF,true):format(jpg)/d2lnr5mha7bycj.cloudfront.net/product-image/file/large_1e59c817-baf4-4fd3-8db1-e3f8c0294ee3.jpg,"
CVS®,Kirkwood Fresh Chicken Drumsticks,$6.24,/pkg (est.),$1.89 / lb,About 3.3 lb / package,[],,"https://www.instacart.com/image-server/197x197/filters:fill(FFF,true):format(jpg)/d2lnr5mha7bycj.cloudfront.net/product-image/file/large_98a034b0-d435-4be9-9d2b-aec825926399.jpg,"
CVS®,Kirkwood 85/15 Fresh Ground Turkey,$7.69,,,36 oz,[],Many in stock,"https://www.instacart.com/image-server/197x197/filters:fill(FFF,true):format(jpg)/d2lnr5mha7bycj.cloudfront.net/product-image/file/large_6ccf04bf-44fd-4e39-82dc-97518f9a887a.jpg,"
CVS®,Kirkwood Fresh Chicken Thighs,$6.96,/pkg (est.),$1.99 / lb,About 3.5 lb / package,['Thigh'],,"https://www.instacart.com/image-server/197x197/filters:fill(FFF,true):format(jpg)/d2lnr5mha7bycj.cloudfront.net/product-image/file/large_03008c7a-3014-4a6e-9f48-fe9ddb787e27.jpg,"
CVS®,Fresh Family Pack Boneless Skinless Chicken Thighs,$8.22,each (est.),$2.99 / lb,About 2.75 lb each,['Thigh'],,"https://www.instacart.com/image-server/197x197/filters:fill(FFF,true):format(jpg)/d2lnr5mha7bycj.cloudfront.net/product-image/file/large_7cdc07f1-6150-4f86-870d-4e4993ced102.png,"
CVS®,Fresh Teriyaki Seasoned Chicken,$8.68,each (est.),$5.79 / lb,About 1.5 lb each,['Thigh'],,"https://www.instacart.com/image-server/197x197/filters:fill(FFF,true):format(jpg)/d2lnr5mha7bycj.cloudfront.net/product-image/file/large_7cdc07f1-6150-4f86-870d-4e4993ced102.png,"
CVS®,Kirkwood Fresh Split Chicken Breasts,$5.10,/pkg (est.),$1.89 / lb,About 2.7 lb / package,['Breast'],,"https://www.instacart.com/image-server/197x197/filters:fill(FFF,true):format(jpg)/d2lnr5mha7bycj.cloudfront.net/product-image/file/large_d78c764c-8843-41b2-bca7-895d0ae9fe7c.jpg,"
CVS®,Kirkwood 99% Lean Ground Turkey,$5.49,,,16 oz,[],,"https://www.instacart.com/image-server/197x197/filters:fill(FFF,true):format(jpg)/d2lnr5mha7bycj.cloudfront.net/product-image/file/large_8d2bea6b-4536-4adc-a32c-05d368cd518a.jpg,"
CVS®,Perdue Fresh Antibiotic Free Boneless Skinless Chicken Thighs,$7.36,each (est.),$4.09 / lb,About 1.8 lb each,['Thigh'],,"https://www.instacart.com/image-server/197x197/filters:fill(FFF,true):format(jpg)/d2lnr5mha7bycj.cloudfront.net/product-image/file/large_b2311e16-5af8-471f-8dcc-62e4306a164c.jpg,"
CVS®,Perdue Fresh Antibiotic Free ChickenTenderloin,$5.85,/pkg (est.),$5.85 / lb,About 1.0 lb / package,['Breast'],,"https://www.instacart.com/image-server/197x197/filters:fill(FFF,true):format(jpg)/d2lnr5mha7bycj.cloudfront.net/product-image/file/large_540900be-e2c7-4457-872f-50f6a9479fcd.jpg,"
CVS®,Perdue Fresh Antibiotic Free Boneless Skinless Chicken Breasts,$7.60,each (est.),$4.75 / lb,About 1.6 lb each,['Breast'],,"https://www.instacart.com/image-server/197x197/filters:fill(FFF,true):format(jpg)/d2lnr5mha7bycj.cloudfront.net/product-image/file/large_38e87b52-03af-45ef-a3b7-4d8b4aa92e96.jpg,"
CVS®,Perdue Fresh Antibiotic Free Thin Sliced Chicken Breasts,$6.84,/pkg (est.),$6.05 / lb,About 1.13 lb / package,['Breast'],,"https://www.instacart.com/image-server/197x197/filters:fill(FFF,true):format(jpg)/d2lnr5mha7bycj.cloudfront.net/product-image/file/large_36c473eb-3240-4399-9588-5d38b2ebe5c6.jpg,"
CVS®,Pilgrim’s Chicken Breast,$6.41,each (est.),$2.29 / lb,About 2.8 lb each,['Breast'],,"https://www.instacart.com/image-server/197x197/filters:fill(FFF,true):format(jpg)/d1s8987jlndkbs.cloudfront.net/assets/missing-item-4bbe82b8555e4d1c12626fd482cb2409713e8e30835645ff3650ef66a725d03c.png,"
CVS®,Simply Nature Fresh Organic Chicken Breasts,$6.39,/pkg (est.),$6.39 / lb,About 1.0 lb / package,"['Organic', 'Breast']",,"https://www.instacart.com/image-server/197x197/filters:fill(FFF,true):format(jpg)/d2lnr5mha7bycj.cloudfront.net/product-image/file/large_ae74dab8-993a-47fb-9ee0-3a89ac7b1b12.jpg,"
CVS®,Perdue Fresh Ground Chicken,$3.79,,,1 lb,[],,"https://www.instacart.com/image-server/197x197/filters:fill(FFF,true):format(jpg)/d2lnr5mha7bycj.cloudfront.net/product-image/file/large_01f0fa0c-d60a-4610-b1b9-452c8978c4ee.jpg,"
CVS®,Simply Nature Organic Thin Sliced Chicken Breasts,$9.11,each (est.),$7.29 / lb,About 1.25 lb each,"['Organic', 'Breast']",,"https://www.instacart.com/image-server/197x197/filters:fill(FFF,true):format(jpg)/d2lnr5mha7bycj.cloudfront.net/product-image/file/large_a0c3411c-4f31-47f7-a8e6-e5bf2ec0ed1a.jpg,"
CVS®,Kirkwood Fresh Chicken Leg Quarters,$5.95,/pkg (est.),$1.19 / lb,About 5.0 lb / package,['Leg'],,"https://www.instacart.com/image-server/197x197/filters:fill(FFF,true):format(jpg)/d2lnr5mha7bycj.cloudfront.net/product-image/file/large_a05d1eaf-9ea9-40cc-9dda-5982fbb4be45.jpg,"
CVS®,Kirkwood Cracked Pepper Turkey Tenderloin,$7.69,,,30 oz,[],,"https://www.instacart.com/image-server/197x197/filters:fill(FFF,true):format(jpg)/d2lnr5mha7bycj.cloudfront.net/product-image/file/large_199202dc-19dc-4dc8-8951-9babcdf40bbd.jpg,"
CVS®,Perdue No Antibiotics Ever Whole Young Chicken,$6.89,,,3.75 lb,['Whole'],,"https://www.instacart.com/image-server/197x197/filters:fill(FFF,true):format(jpg)/d2lnr5mha7bycj.cloudfront.net/product-image/file/large_c88c23ba-2fb6-4ab0-855c-fd0e1b718340.jpg,"
CVS®,Simply Nature Fresh Organic Young Bird,$14.51,/pkg (est.),$2.79 / lb,About 5.2 lb / package,"['Organic', 'Whole']",,"https://www.instacart.com/image-server/197x197/filters:fill(FFF,true):format(jpg)/d2lnr5mha7bycj.cloudfront.net/product-image/file/large_19221bcd-6a46-484d-83d4-29c7355ba069.jpg,"
CVS®,Mama Cozzi's Pizza Kitchen Sliced Pepperoni Pizza,$2.75,,,6 oz,[],Many in stock,"https://www.instacart.com/image-server/197x197/filters:fill(FFF,true):format(jpg)/d2lnr5mha7bycj.cloudfront.net/product-image/file/large_03ebb35c-06fa-4a46-bf34-2fbf0117a4e4.jpg,"
CVS®,Aldi Oven Roasted Classic Turkey,$3.55,,,8 oz,[],Many in stock,"https://www.instacart.com/image-server/197x197/filters:fill(FFF,true):format(jpg)/d2lnr5mha7bycj.cloudfront.net/product-image/file/large_ef231d8a-5029-4de6-9c73-36f9b9e187e8.jpg,"
CVS®,Lunch Mate Bologna,$1.75,,,16 oz,[],Many in stock,"https://www.instacart.com/image-server/197x197/filters:fill(FFF,true):format(jpg)/d2lnr5mha7bycj.cloudfront.net/product-image/file/large_94c632c9-9280-4ed7-8717-17d2fbef2f49.jpg,"
CVS®,Lunch Mate Oven Roasted Turkey in Lunch Meat Tub,$6.05,,,16 oz,[],Many in stock,"https://www.instacart.com/image-server/197x197/filters:fill(FFF,true):format(jpg)/d2lnr5mha7bycj.cloudfront.net/product-image/file/large_eb4adb64-19ba-420a-ba9d-45745c0e1a61.jpg,"
CVS®,Deli Sliced Buffalo Chicken,$3.55,,,8 oz,[],Many in stock,"https://www.instacart.com/image-server/197x197/filters:fill(FFF,true):format(jpg)/d2lnr5mha7bycj.cloudfront.net/product-image/file/large_d170ba96-0142-453e-bf70-52d7d970d27c.jpg,"
CVS®,Lunch Mate Family Size Lower Sodium Oven Roasted Turkey in Lunch Meat Tub,$6.05,,,15 oz,[],Many in stock,"https://www.instacart.com/image-server/197x197/filters:fill(FFF,true):format(jpg)/d2lnr5mha7bycj.cloudfront.net/product-image/file/large_96dfb1f5-5949-4426-ab24-d6359d37244e.jpg,"
CVS®,Lunch Mate Hard Salami,$4.35,,,8 oz,[],Many in stock,"https://www.instacart.com/image-server/197x197/filters:fill(FFF,true):format(jpg)/d2lnr5mha7bycj.cloudfront.net/product-image/file/large_703bcc6a-7073-4952-8039-35c7f2bd6624.jpg,"
CVS®,Lunch Mate Black Forest Ham,$3.85,,,16 oz,[],Many in stock,"https://www.instacart.com/image-server/197x197/filters:fill(FFF,true):format(jpg)/d2lnr5mha7bycj.cloudfront.net/product-image/file/large_1487f964-3344-45dd-8bf5-4c2b41a78297.jpg,"
CVS®,Lunch Mate Honey Smoked Turkey Breast in Pillow Pack,$5.29,,,16 oz,[],Many in stock,"https://www.instacart.com/image-server/197x197/filters:fill(FFF,true):format(jpg)/d2lnr5mha7bycj.cloudfront.net/product-image/file/large_eb1b68ff-9661-403d-b965-7ac6c5eef0d4.jpg,"
CVS®,Appleton Farms Prosciutto,$4.19,,,4 oz,[],Many in stock,"https://www.instacart.com/image-server/197x197/filters:fill(FFF,true):format(jpg)/d2lnr5mha7bycj.cloudfront.net/product-image/file/large_6f3f64cd-4ed8-4513-b8ef-0b601f8a79cd.jpg,"
CVS®,Lunch Mate Oven Roasted Turkey Breast,$3.85,,,9 oz,[],Many in stock,"https://www.instacart.com/image-server/197x197/filters:fill(FFF,true):format(jpg)/d2lnr5mha7bycj.cloudfront.net/product-image/file/large_18b46e94-bc68-4046-b06e-a7b9dee713b0.jpg,"
CVS®,Deli Sliced Honey Ham,$3.55,,,8 oz,[],Many in stock,"https://www.instacart.com/image-server/197x197/filters:fill(FFF,true):format(jpg)/d2lnr5mha7bycj.cloudfront.net/product-image/file/large_dbe2c5d8-a0dd-49a4-bfd0-c7c1f0cc01a4.jpg,"
CVS®,Lunch Mate 1lb Honey Ham,$5.25,,,16 oz,[],,"https://www.instacart.com/image-server/197x197/filters:fill(FFF,true):format(jpg)/d2lnr5mha7bycj.cloudfront.net/product-image/file/large_d834782d-29b3-4db0-9f0c-134d5a1cdc7e.jpg,"
CVS®,Lunch Mate Rotisserie Chicken Breast,$3.85,,,9 oz,[],Many in stock,"https://www.instacart.com/image-server/197x197/filters:fill(FFF,true):format(jpg)/d2lnr5mha7bycj.cloudfront.net/product-image/file/large_eaf4ac9b-270a-4bdc-b5a9-ef9dec6cde51.jpg,"
CVS®,Priano Prosciutto Italiano,$3.29,,,3 oz,[],Many in stock,"https://www.instacart.com/image-server/197x197/filters:fill(FFF,true):format(jpg)/d2lnr5mha7bycj.cloudfront.net/product-image/file/large_cd5fe240-7a52-41ef-bcd0-4f56a51e640b.jpg,"
CVS®,Lunch Mate Oven Roasted Turkey Breast in Pillow Pack,$5.29,,,16 oz,[],Many in stock,"https://www.instacart.com/image-server/197x197/filters:fill(FFF,true):format(jpg)/d2lnr5mha7bycj.cloudfront.net/product-image/file/large_a6a33176-187c-422e-a062-4728c18ddb39.jpg,"
CVS®,Appleton Farms Biscuit Ham Slices,$3.75,,,12 oz,[],,"https://www.instacart.com/image-server/197x197/filters:fill(FFF,true):format(jpg)/d2lnr5mha7bycj.cloudfront.net/product-image/file/large_3835c13e-fac8-47d9-ba65-8fa851fdc94b.jpg,"
CVS®,Lunch Mate Roasted Turkey Breast,$3.29,,,14 oz,[],Many in stock,"https://www.instacart.com/image-server/197x197/filters:fill(FFF,true):format(jpg)/d2lnr5mha7bycj.cloudfront.net/product-image/file/large_19c601db-adae-479e-a968-3b45ea858422.jpg,"
CVS®,Lunch Mate Oven Roasted Chicken Breast,$5.29,,,16 oz,[],,"https://www.instacart.com/image-server/197x197/filters:fill(FFF,true):format(jpg)/d2lnr5mha7bycj.cloudfront.net/product-image/file/large_6ce82850-657e-412b-b7dd-0e1ae072c17f.jpg,"
CVS®,Appleton Farms Breakfast Ham Slices,$3.75,,,12 oz,[],Many in stock,"https://www.instacart.com/image-server/197x197/filters:fill(FFF,true):format(jpg)/d2lnr5mha7bycj.cloudfront.net/product-image/file/large_cc059570-ded8-43b5-869c-f1b031e8ad03.jpg,"
CVS®,Lunch Mate Mesquite Turkey Breast,$3.85,,,9 oz,[],Many in stock,"https://www.instacart.com/image-server/197x197/filters:fill(FFF,true):format(jpg)/d2lnr5mha7bycj.cloudfront.net/product-image/file/large_200a890b-a1ad-49b8-b53b-35003958918c.jpg,"
CVS®,Lunch Mate Honey Ham,$5.29,,,16 oz,[],Many in stock,"https://www.instacart.com/image-server/197x197/filters:fill(FFF,true):format(jpg)/d2lnr5mha7bycj.cloudfront.net/product-image/file/large_5921c146-2be7-4fd7-ac8b-5f2544512771.jpg,"
CVS®,Priano Speck Italiano,$3.29,,,3 oz,[],,"https://www.instacart.com/image-server/197x197/filters:fill(FFF,true):format(jpg)/d2lnr5mha7bycj.cloudfront.net/product-image/file/large_bf121f3b-f218-46cf-8251-9f23022a9118.jpg,"
CVS®,Aldi Genoa Salami,$3.55,,,8 oz,[],,"https://www.instacart.com/image-server/197x197/filters:fill(FFF,true):format(jpg)/d2lnr5mha7bycj.cloudfront.net/product-image/file/large_f3829e8d-0777-431c-99ef-d1425ea18e3b.jpg,"
CVS®,Lunch Mate Black Forest Turkey,$3.85,,,16 oz,[],,"https://www.instacart.com/image-server/197x197/filters:fill(FFF,true):format(jpg)/d2lnr5mha7bycj.cloudfront.net/product-image/file/large_d833f7be-e4a4-4329-b6fa-b1abb79d4348.jpg,"
CVS®,Appleton Farms Bite Size Original Salami,$7.15,,,8 oz,[],Many in stock,"https://www.instacart.com/image-server/197x197/filters:fill(FFF,true):format(jpg)/d2lnr5mha7bycj.cloudfront.net/product-image/file/large_de27bce7-2460-4c1c-a122-924d14fabf2e.jpg,"
CVS®,Appleton Farms Original Sliced Salami,$7.69,,,16 oz,[],,"https://www.instacart.com/image-server/197x197/filters:fill(FFF,true):format(jpg)/d2lnr5mha7bycj.cloudfront.net/product-image/file/large_3ae49f63-f431-4536-9caf-528143919397.jpg,"
CVS®,Mama Cozzi's Pizza Kitchen Sliced Turkey Pepperoni,$2.75,,,5 oz,[],Many in stock,"https://www.instacart.com/image-server/197x197/filters:fill(FFF,true):format(jpg)/d2lnr5mha7bycj.cloudfront.net/product-image/file/large_c29a93cc-4cde-45f2-b244-adc986d39478.jpg,"
CVS®,Lunch Mate Sliced Cooked Ham,$3.19,,,14 oz,[],,"https://www.instacart.com/image-server/197x197/filters:fill(FFF,true):format(jpg)/d2lnr5mha7bycj.cloudfront.net/product-image/file/large_f935a173-9514-4bb4-b764-f1e336bda38b.jpg,"
CVS®,Lunch Mate Uncured Smoked Ham,$3.85,,,9 oz,[],Many in stock,"https://www.instacart.com/image-server/197x197/filters:fill(FFF,true):format(jpg)/d2lnr5mha7bycj.cloudfront.net/product-image/file/large_d3cac6c2-f79c-472d-a2e1-0360ff1e66ed.jpg,"
CVS®,Lunch Mate 1lb Smoked Ham,$5.25,,,16 oz,[],Many in stock,"https://www.instacart.com/image-server/197x197/filters:fill(FFF,true):format(jpg)/d2lnr5mha7bycj.cloudfront.net/product-image/file/large_21649d12-ee6e-4a5a-9b69-005424a25a0d.jpg,"
CVS®,Priano Salalme Italiano,$3.29,,,3 oz,[],,"https://www.instacart.com/image-server/197x197/filters:fill(FFF,true):format(jpg)/d2lnr5mha7bycj.cloudfront.net/product-image/file/large_d3471592-0ec7-4428-8cb7-c23294fc2318.jpg,"
CVS®,Simply Nature Organic Oven Roasted Turkey,$5.65,,,6 oz,[],Many in stock,"https://www.instacart.com/image-server/197x197/filters:fill(FFF,true):format(jpg)/d2lnr5mha7bycj.cloudfront.net/product-image/file/large_b886e095-0543-432c-95d7-626bb2f1a602.jpg,"
CVS®,Simply Nature Organic Smoked Turkey,$5.65,,,6 oz,[],Many in stock,"https://www.instacart.com/image-server/197x197/filters:fill(FFF,true):format(jpg)/d2lnr5mha7bycj.cloudfront.net/product-image/file/large_099e5179-8f17-49d4-b718-4b45cffe1f0d.jpg,"
CVS®,Appleton Farms Bite Size Spicy Salami,$7.15,,,8 oz,[],,"https://www.instacart.com/image-server/197x197/filters:fill(FFF,true):format(jpg)/d2lnr5mha7bycj.cloudfront.net/product-image/file/large_ed6d3189-ae91-4c00-a0e1-43d47bf679f0.jpg,"
CVS®,Lunch Mate Family Size Lower Sodium Smoked Honey Ham in Lunch Meat Tub,$6.05,,,16 oz,[],Many in stock,"https://www.instacart.com/image-server/197x197/filters:fill(FFF,true):format(jpg)/d2lnr5mha7bycj.cloudfront.net/product-image/file/large_2fc51b58-5c32-4996-952a-147aacd06e61.jpg,"
CVS®,Lunch Mate Roast Beef,$5.75,,,14 oz,[],Many in stock,"https://www.instacart.com/image-server/197x197/filters:fill(FFF,true):format(jpg)/d2lnr5mha7bycj.cloudfront.net/product-image/file/large_f062cd24-f614-4429-b33b-573ec71da97d.jpg,"
CVS®,Appleton Farms Spicy Sliced Salami,$7.69,,,16 oz,[],,"https://www.instacart.com/image-server/197x197/filters:fill(FFF,true):format(jpg)/d2lnr5mha7bycj.cloudfront.net/product-image/file/large_7372e590-e354-45af-b53e-1f03a2fdd184.jpg,"
CVS®,Park Street Deli Hawaiian Style Chicken,$5.75,,,16 oz,[],,"https://www.instacart.com/image-server/197x197/filters:fill(FFF,true):format(jpg)/d2lnr5mha7bycj.cloudfront.net/product-image/file/large_7e826de4-0b2f-41fa-a92d-077420184d90.jpg,"
CVS®,Lunch Mate Smoked Ham,$5.29,,,16 oz,[],Many in stock,"https://www.instacart.com/image-server/197x197/filters:fill(FFF,true):format(jpg)/d2lnr5mha7bycj.cloudfront.net/product-image/file/large_4c05d8c9-9fad-44e4-84a9-365a8669ce9f.jpg,"
CVS®,80% Lean Ground Beef,$8.18,/pkg (est.),$4.09 / lb,About 2.0 lb / package,[],,"https://www.instacart.com/image-server/197x197/filters:fill(FFF,true):format(jpg)/d2lnr5mha7bycj.cloudfront.net/product-image/file/large_9a45de1a-ed76-466f-be8d-9fe39192823c.jpg,"
CVS®,Simply Nature Organic Grass Fed 85/15 Ground Beef,$5.19,,,1 lb,"['Organic', 'Grass-Fed']",,"https://www.instacart.com/image-server/197x197/filters:fill(FFF,true):format(jpg)/d2lnr5mha7bycj.cloudfront.net/product-image/file/large_c33b8d98-d1a3-4bba-bf35-7567207532d9.jpg,"
CVS®,85% Lean Ground Beef Chub,$4.65,,,16 oz,[],Many in stock,"https://www.instacart.com/image-server/197x197/filters:fill(FFF,true):format(jpg)/d2lnr5mha7bycj.cloudfront.net/product-image/file/large_578c7695-8612-44ed-948e-c966e955cccf.jpg,"
CVS®,93% Ground Beef,$5.89,/pkg (est.),$5.89 / lb,About 1.0 lb / package,[],,"https://www.instacart.com/image-server/197x197/filters:fill(FFF,true):format(jpg)/d2lnr5mha7bycj.cloudfront.net/product-image/file/large_e843b44d-318a-4a3f-a291-23ed9f855813.jpg,"
CVS®,90% Ground Sirloin,$10.98,/pkg (est.),$5.49 / lb,About 2.0 lb / package,[],,"https://www.instacart.com/image-server/197x197/filters:fill(FFF,true):format(jpg)/d2lnr5mha7bycj.cloudfront.net/product-image/file/large_9b6633cb-2ebe-4f41-a478-b49fc0f53221.jpg,"
CVS®,96% Ground Beef,$6.19,/pkg (est.),$6.19 / lb,About 1.0 lb / package,[],,"https://www.instacart.com/image-server/197x197/filters:fill(FFF,true):format(jpg)/d2lnr5mha7bycj.cloudfront.net/product-image/file/large_032e5618-3327-426f-927a-d893f695dfaa.jpg,"
CVS®,85% Ground Beef,$10.78,each (est.),$4.79 / lb,About 2.25 lb each,[],,"https://www.instacart.com/image-server/197x197/filters:fill(FFF,true):format(jpg)/d2lnr5mha7bycj.cloudfront.net/product-image/file/large_00b8a0a0-53af-4a07-a1e9-04a13b90f0e2.jpg,"
CVS®,80% Ground Beef Patties,$6.37,/pkg (est.),$4.79 / lb,About 1.33 lb / package,[],,"https://www.instacart.com/image-server/197x197/filters:fill(FFF,true):format(jpg)/d2lnr5mha7bycj.cloudfront.net/product-image/file/large_51276c15-d2d4-43a0-ad9f-81a5ab92b566.jpg,"
CVS®,Black Angus Choice Beef Stew Meat,$9.16,/pkg (est.),$7.05 / lb,About 1.3 lb / package,[],,"https://www.instacart.com/image-server/197x197/filters:fill(FFF,true):format(jpg)/d2lnr5mha7bycj.cloudfront.net/product-image/file/large_0b36327c-449f-4828-b311-274953b921b2.jpg,"
CVS®,73% Ground Beef,$16.95,/pkg (est.),$3.39 / lb,About 5.0 lb / package,[],,"https://www.instacart.com/image-server/197x197/filters:fill(FFF,true):format(jpg)/d2lnr5mha7bycj.cloudfront.net/product-image/file/large_8ad9e052-0ce4-4477-b317-318c71da49b9.jpg,"
CVS®,Usda Choice Black Angus Choice Chuck Roast,$15.58,/pkg (est.),$6.49 / lb,About 2.4 lb / package,['Roast'],,"https://www.instacart.com/image-server/197x197/filters:fill(FFF,true):format(jpg)/d2lnr5mha7bycj.cloudfront.net/product-image/file/large_b565a6ea-91de-4751-879d-41aa9bea40e0.jpg,"
CVS®,Old Neighborhood Beef Shaved Steak,$6.05,,,14 oz,['Skirt Steak'],,"https://www.instacart.com/image-server/197x197/filters:fill(FFF,true):format(jpg)/d2lnr5mha7bycj.cloudfront.net/product-image/file/large_b32baaff-9574-4d6c-834c-9ce404d7de5d.png,"
CVS®,85% Lean 15% Fat Ground Beef Patties,$13.19,,,3 lb,[],Many in stock,"https://www.instacart.com/image-server/197x197/filters:fill(FFF,true):format(jpg)/d2lnr5mha7bycj.cloudfront.net/product-image/file/large_edafdc5a-141b-40f0-8347-cc41b638060d.jpg,"
CVS®,Thin Sliced Ribeye Steak,$15.73,/pkg (est.),$8.99 / lb,About 1.75 lb / package,[],,"https://www.instacart.com/image-server/197x197/filters:fill(FFF,true):format(jpg)/d2lnr5mha7bycj.cloudfront.net/product-image/file/large_36548f7d-672d-4e35-8294-dcdacdfac5b6.jpg,"
CVS®,Black Angus Choice Top Round Steak,$5.66,/pkg (est.),$6.29 / lb,About 0.9 lb / package,['Round Steak'],,"https://www.instacart.com/image-server/197x197/filters:fill(FFF,true):format(jpg)/d2lnr5mha7bycj.cloudfront.net/product-image/file/large_9946c7de-bc5d-490a-aa67-dd320cb76049.jpg,"
CVS®,Usda Choice Black Angus USDA Choice Beef Eye of Round Steak,$6.39,/pkg (est.),$6.39 / lb,About 1.0 lb / package,['Round Steak'],,"https://www.instacart.com/image-server/197x197/filters:fill(FFF,true):format(jpg)/d2lnr5mha7bycj.cloudfront.net/product-image/file/large_2580b2da-aead-4810-b5bd-b9a8835d37c5.jpg,"
CVS®,Simply Nature Organic Grass Fed 93/07 Ground Beef,$5.85,,,1 lb,"['Organic', 'Grass-Fed']",,"https://www.instacart.com/image-server/197x197/filters:fill(FFF,true):format(jpg)/d2lnr5mha7bycj.cloudfront.net/product-image/file/large_80c6db5b-6556-4ad8-b728-038694da75d7.jpg,"
CVS®,Grass Fed New York Strip Steaks,$17.92,each (est.),$11.49 / lb,About 1.56 lb each,"['Strip Steak', 'Grass-Fed']",,"https://www.instacart.com/image-server/197x197/filters:fill(FFF,true):format(jpg)/d2lnr5mha7bycj.cloudfront.net/product-image/file/large_ebe40d00-8713-43a3-9934-ba88eaf9a709.jpg,"
CVS®,Black Angus Choice Beef Top Sirloin Steak,$15.28,/pkg (est.),$8.49 / lb,About 1.8 lb / package,['Sirloin'],,"https://www.instacart.com/image-server/197x197/filters:fill(FFF,true):format(jpg)/d2lnr5mha7bycj.cloudfront.net/product-image/file/large_64e1ed18-e559-4f3b-ac70-79d5113eaa52.jpg,"
CVS®,Black Angus Choice Beef Petite Sirloin Steaks,$11.04,each (est.),$8.49 / lb,About 1.3 lb each,[],,"https://www.instacart.com/image-server/197x197/filters:fill(FFF,true):format(jpg)/d1s8987jlndkbs.cloudfront.net/assets/missing-item-4bbe82b8555e4d1c12626fd482cb2409713e8e30835645ff3650ef66a725d03c.png,"
CVS®,75% Lean 25% Fat Ground Beef Patties,$12.09,,,3 lb,[],Many in stock,"https://www.instacart.com/image-server/197x197/filters:fill(FFF,true):format(jpg)/d2lnr5mha7bycj.cloudfront.net/product-image/file/large_7e7027f6-dc6c-4da2-a12f-6dfc4cce25dd.jpg,"
CVS®,Usda Choice Black Angus Skirt Steak,$14.24,/pkg (est.),$9.49 / lb,About 1.5 lb / package,['Skirt Steak'],,"https://www.instacart.com/image-server/197x197/filters:fill(FFF,true):format(jpg)/d2lnr5mha7bycj.cloudfront.net/product-image/file/large_bb91d9e6-fa9a-4244-a761-cade4f0a73d9.jpg,"
CVS®,Black Angus USDA Choice Beef Sirloin Tip Roast,$22.76,/pkg (est.),$5.69 / lb,About 4.0 lb / package,['Roast'],,"https://www.instacart.com/image-server/197x197/filters:fill(FFF,true):format(jpg)/d2lnr5mha7bycj.cloudfront.net/product-image/file/large_bd59d6a6-9a35-4d15-81bf-fb4add3c31b6.jpg,"
CVS®,Black Angus Choice Bottom Round Roast,$18.52,/pkg (est.),$5.29 / lb,About 3.5 lb / package,['Roast'],,"https://www.instacart.com/image-server/197x197/filters:fill(FFF,true):format(jpg)/d2lnr5mha7bycj.cloudfront.net/product-image/file/large_6ee18819-83ff-4182-90e8-f2fa4fadce04.jpg,"
CVS®,Kirkwood Rotisserie Turkey Tenderloin,$7.69,,,30 oz,['Roast'],,"https://www.instacart.com/image-server/197x197/filters:fill(FFF,true):format(jpg)/d2lnr5mha7bycj.cloudfront.net/product-image/file/large_0142e099-7387-45b9-9d08-6c3ff4fa4474.jpg,"
CVS®,Usda Choice Black Angus Choice Beef Strip Steak,$9.59,/pkg (est.),$11.99 / lb,About 0.8 lb / package,['Strip Steak'],,"https://www.instacart.com/image-server/197x197/filters:fill(FFF,true):format(jpg)/d2lnr5mha7bycj.cloudfront.net/product-image/file/large_2b7e5063-43ba-4b50-8652-5f24f77cbe42.jpg,"
CVS®,USDA Choice Seasoned Chuck Roast,$14.22,each (est.),$6.05 / lb,About 2.35 lb each,['Roast'],,"https://www.instacart.com/image-server/197x197/filters:fill(FFF,true):format(jpg)/d1s8987jlndkbs.cloudfront.net/assets/missing-item-4bbe82b8555e4d1c12626fd482cb2409713e8e30835645ff3650ef66a725d03c.png,"
CVS®,Usda Choice Black Angus Choice Ribeye Steak,$12.94,/pkg (est.),$13.99 / lb,About 0.93 lb / package,[],,"https://www.instacart.com/image-server/197x197/filters:fill(FFF,true):format(jpg)/d2lnr5mha7bycj.cloudfront.net/product-image/file/large_954ebff5-0a3f-48a2-8ce4-e7737019fbe7.jpg,"
CVS®,Mild Italian Style Meatballs,$4.39,,,16 oz,[],,"https://www.instacart.com/image-server/197x197/filters:fill(FFF,true):format(jpg)/d2lnr5mha7bycj.cloudfront.net/product-image/file/large_9aa2e4de-cb7f-47a5-8f6c-afb73b13c3a1.jpg,"
CVS®,S&P Seasoned Brisket,$17.19,each (est.),$5.29 / lb,About 3.25 lb each,['Brisket'],,"https://www.instacart.com/image-server/197x197/filters:fill(FFF,true):format(jpg)/d1s8987jlndkbs.cloudfront.net/assets/missing-item-4bbe82b8555e4d1c12626fd482cb2409713e8e30835645ff3650ef66a725d03c.png,"
CVS®,Cattlemen's Ranch Bacon Cheddar Beef Burger Patties,$9.35,,,2 lb,[],Many in stock,"https://www.instacart.com/image-server/197x197/filters:fill(FFF,true):format(jpg)/d2lnr5mha7bycj.cloudfront.net/product-image/file/large_b63924ef-9b57-48b9-823b-977f3e5077f7.jpg,"
CVS®,Specially Selected USDA Choice Bone In Ribeye Roast,$52.59,each (est.),$8.99 / lb,About 5.85 lb each,['Roast'],,"https://www.instacart.com/image-server/197x197/filters:fill(FFF,true):format(jpg)/d2lnr5mha7bycj.cloudfront.net/product-image/file/large_ba0aa6a2-b1f1-406b-9b0d-20a9f5e3ead8.jpg,"
CVS®,Cattlemen's Ranch Bacon Wrapped Beef Chuck Tender Filet Twin Pack,$7.15,,,10 oz,[],,"https://www.instacart.com/image-server/197x197/filters:fill(FFF,true):format(jpg)/d1s8987jlndkbs.cloudfront.net/assets/missing-item-4bbe82b8555e4d1c12626fd482cb2409713e8e30835645ff3650ef66a725d03c.png,"
CVS®,Cattlemen's Ranch Choice Flat Cut Corned Beef Brisket,$11.97,/pkg (est.),$3.99 / lb,About 3.0 lb / package,['Roast'],,"https://www.instacart.com/image-server/197x197/filters:fill(FFF,true):format(jpg)/d2lnr5mha7bycj.cloudfront.net/product-image/file/large_e8afd922-8abf-4e00-b598-590dd6e78e60.jpg,"
CVS®,Grass Fed Ribeye Steaks,$13.56,each (est.),$11.49 / lb,About 1.18 lb each,['Grass-Fed'],,"https://www.instacart.com/image-server/197x197/filters:fill(FFF,true):format(jpg)/d2lnr5mha7bycj.cloudfront.net/product-image/file/large_3d193103-3fee-422a-a401-f802783f2b8f.jpg,"
CVS®,Black Angus Choice Beef Cubed Steak,$9.30,/pkg (est.),$6.99 / lb,About 1.33 lb / package,[],,"https://www.instacart.com/image-server/197x197/filters:fill(FFF,true):format(jpg)/d2lnr5mha7bycj.cloudfront.net/product-image/file/large_b45e2bef-de43-4438-94bc-90ce7f0edac7.jpg,"
CVS®,Black Angus USDA Choice Sirloin Tip Steak for Carne Asada,$12.58,/pkg (est.),$6.99 / lb,About 1.8 lb / package,['Sirloin'],,"https://www.instacart.com/image-server/197x197/filters:fill(FFF,true):format(jpg)/d2lnr5mha7bycj.cloudfront.net/product-image/file/large_90113342-6806-4256-b8ce-6a6d7dc6264b.jpg,"
CVS®,Mama Cozzi's Pizza Kitchen Thin Crust Pepperoni Pizza,$3.25,,,14.3 oz,[],Many in stock,"https://www.instacart.com/image-server/197x197/filters:fill(FFF,true):format(jpg)/d2lnr5mha7bycj.cloudfront.net/product-image/file/large_0cfe9488-dbbf-4008-a101-4ed4ed178eff.jpg,"
CVS®,Bremer Chicken Pot Pie,$1.09,,,7 oz,[],Many in stock,"https://www.instacart.com/image-server/197x197/filters:fill(FFF,true):format(jpg)/d2lnr5mha7bycj.cloudfront.net/product-image/file/large_2592441f-e74b-4f61-9875-bce100be9a3f.jpg,"
CVS®,Mama Cozzi's Pizza Kitchen Pepperoni French Bread Pizza,$3.29,,,11.25 oz,[],Many in stock,"https://www.instacart.com/image-server/197x197/filters:fill(FFF,true):format(jpg)/d2lnr5mha7bycj.cloudfront.net/product-image/file/large_167180d3-a39b-4958-8a10-0ed546ce101e.jpg,"
CVS®,Casa Mamita Beef and Bean Burritos,$4.19,,,32 oz,[],Many in stock,"https://www.instacart.com/image-server/197x197/filters:fill(FFF,true):format(jpg)/d2lnr5mha7bycj.cloudfront.net/product-image/file/large_8a157932-8085-4520-9318-d01990cb7a5d.jpg,"
CVS®,"Bremer Garlic Chicken Pasta In A Garlic Sauce With Broccoli, Carrots, Corn And Seasoned White Meat Chicken",$4.65,,,21 oz,[],Many in stock,"https://www.instacart.com/image-server/197x197/filters:fill(FFF,true):format(jpg)/d2lnr5mha7bycj.cloudfront.net/product-image/file/large_06c53ff4-99b8-4c15-aa78-116c9c8fd74a.jpg,"
CVS®,Bremer Potato And Cheddar Pierogies,$2.99,,,16 oz,[],Many in stock,"https://www.instacart.com/image-server/197x197/filters:fill(FFF,true):format(jpg)/d2lnr5mha7bycj.cloudfront.net/product-image/file/large_d56b5dd5-2d4a-49ec-afd0-c7edb06d78e2.jpg,"
CVS®,Whole & Simple Southwestern Style Chicken Quinoa Bowl,$3.45,,,10.5 oz,[],Many in stock,"https://www.instacart.com/image-server/197x197/filters:fill(FFF,true):format(jpg)/d2lnr5mha7bycj.cloudfront.net/product-image/file/large_764e0799-d6bf-46bc-b721-455593288a6a.jpg,"
CVS®,Whole & Simple Mediterranean Chicken Quinoa Bowl,$3.45,,,10.5 oz,[],Many in stock,"https://www.instacart.com/image-server/197x197/filters:fill(FFF,true):format(jpg)/d2lnr5mha7bycj.cloudfront.net/product-image/file/large_5e508241-8a96-47f6-aa26-a4424f58e75e.jpg,"
CVS®,Bremer Chicken Pita Melt,$5.49,,,15 oz,[],,"https://www.instacart.com/image-server/197x197/filters:fill(FFF,true):format(jpg)/d2lnr5mha7bycj.cloudfront.net/product-image/file/large_d5f5d0d4-1269-482d-b715-bc28e9031981.jpg,"
CVS®,Bremer Lasagna with Meat Sauce,$7.15,,,38 oz,[],Many in stock,"https://www.instacart.com/image-server/197x197/filters:fill(FFF,true):format(jpg)/d2lnr5mha7bycj.cloudfront.net/product-image/file/large_19a3d6d8-973d-4e5e-9aa3-2489e92b91ab.jpg,"
CVS®,Mama Cozzi's Pizza Kitchen Original Thin Crust Cheese Pizza,$3.25,,,13.8 oz,[],,"https://www.instacart.com/image-server/197x197/filters:fill(FFF,true):format(jpg)/d2lnr5mha7bycj.cloudfront.net/product-image/file/large_a6815e79-a7e5-4eff-818f-9cdcdfa20006.jpg,"
CVS®,Bremer Alfredo Chicken Skillet,$4.65,,,21 oz,[],,"https://www.instacart.com/image-server/197x197/filters:fill(FFF,true):format(jpg)/d2lnr5mha7bycj.cloudfront.net/product-image/file/large_ebb203f8-d034-4e29-85d4-aa98c0071267.jpg,"
CVS®,Fusia Chicken Fried Rice,$6.15,,,22 oz,[],Many in stock,"https://www.instacart.com/image-server/197x197/filters:fill(FFF,true):format(jpg)/d2lnr5mha7bycj.cloudfront.net/product-image/file/large_e3cd53d3-2625-41eb-b08d-4ed415ab01d8.jpg,"
CVS®,Whole & Simple Chicken Cilantro Lime Burritos,$8.25,,,16 oz,[],Many in stock,"https://www.instacart.com/image-server/197x197/filters:fill(FFF,true):format(jpg)/d2lnr5mha7bycj.cloudfront.net/product-image/file/large_832a0c73-f602-4000-a879-1d27fbdf7007.jpg,"
CVS®,Casa Mamita Beef Chimichangas,$1.35,,,5 oz,[],Many in stock,"https://www.instacart.com/image-server/197x197/filters:fill(FFF,true):format(jpg)/d2lnr5mha7bycj.cloudfront.net/product-image/file/large_4d0f0e4c-18f6-47a3-876a-574b41f6983c.jpg,"
CVS®,Fusia Chicken Lo Mein,$6.15,,,20 oz,[],Many in stock,"https://www.instacart.com/image-server/197x197/filters:fill(FFF,true):format(jpg)/d2lnr5mha7bycj.cloudfront.net/product-image/file/large_f6e78f01-2ae6-40f0-953c-f625df61be26.jpg,"
CVS®,"White Castle Sliders, Classic Cheese",$15.39,,,16 ct,[],Many in stock,"https://www.instacart.com/image-server/197x197/filters:fill(FFF,true):format(jpg)/d2lnr5mha7bycj.cloudfront.net/product-image/file/large_28cefa2b-09eb-45c6-bb2a-32c95c6c0059.jpg,"
CVS®,Mama Cozzi's Pizza Kitchen Original Thin Crust Supreme Pizza,$3.25,,,15.8 oz,[],,"https://www.instacart.com/image-server/197x197/filters:fill(FFF,true):format(jpg)/d2lnr5mha7bycj.cloudfront.net/product-image/file/large_6d2820ca-64cb-461e-b890-cc6622925acd.jpg,"
CVS®,Priano Spinach & Cheese Manicotti,$5.85,,,19 oz,[],,"https://www.instacart.com/image-server/197x197/filters:fill(FFF,true):format(jpg)/d2lnr5mha7bycj.cloudfront.net/product-image/file/large_8845be90-2d55-42d3-b3f2-4d41931e14c5.jpg,"
CVS®,Mama Cozzi's Pizza Kitchen Pepperoni Pizza Bagels,$6.89,,,28 oz,[],Many in stock,"https://www.instacart.com/image-server/197x197/filters:fill(FFF,true):format(jpg)/d2lnr5mha7bycj.cloudfront.net/product-image/file/large_12b0a768-5076-48d4-b456-fa8baa83484a.jpg,"
CVS®,Season's Choice Broccoli Bake,$3.85,,,24 oz,[],,"https://www.instacart.com/image-server/197x197/filters:fill(FFF,true):format(jpg)/d2lnr5mha7bycj.cloudfront.net/product-image/file/large_483d69e0-c5c5-41d8-84ef-c12814532250.jpg,"
CVS®,Mama Cozzi's Pizza Kitchen Original Thin Meat Lover's Pizza,$3.25,,,14.4 oz,[],,"https://www.instacart.com/image-server/197x197/filters:fill(FFF,true):format(jpg)/d2lnr5mha7bycj.cloudfront.net/product-image/file/large_96411b8f-1eaa-4ee4-83d7-e4d6a250e919.jpg,"
CVS®,Mama Cozzi's Pizza Kitchen Pepperoni Cheese Stuffed Crust Pizza,$7.69,,,31.9 oz,[],,"https://www.instacart.com/image-server/197x197/filters:fill(FFF,true):format(jpg)/d2lnr5mha7bycj.cloudfront.net/product-image/file/large_846eb059-ceb0-46bf-9df9-d9ef74455349.jpg,"
CVS®,Mama Cozzi's Pizza Kitchen Original Thin Crust Sausage,$3.25,,,14.9 oz,[],,"https://www.instacart.com/image-server/197x197/filters:fill(FFF,true):format(jpg)/d2lnr5mha7bycj.cloudfront.net/product-image/file/large_6e288d58-07cb-483b-bd67-047adf7fba02.jpg,"
CVS®,Mama Cozzi's Pizza Kitchen Stuffed Crust Chicken Bacon Ranch Pizza,$7.69,,,30.25 oz,[],Many in stock,"https://www.instacart.com/image-server/197x197/filters:fill(FFF,true):format(jpg)/d2lnr5mha7bycj.cloudfront.net/product-image/file/large_87f4aa60-5fea-4f9b-b60a-50c46f18d8cd.jpg,"
CVS®,Casa Mamita Bean and Cheese Burritos,$4.19,,,32 oz,[],,"https://www.instacart.com/image-server/197x197/filters:fill(FFF,true):format(jpg)/d2lnr5mha7bycj.cloudfront.net/product-image/file/large_85e0690f-a3bf-43f7-ba10-9232e04f0c2f.jpg,"
CVS®,Mama Cozzi's Pizza Kitchen Pepperoni Rising Crust Pizza,$4.85,,,29.75 oz,[],Many in stock,"https://www.instacart.com/image-server/197x197/filters:fill(FFF,true):format(jpg)/d2lnr5mha7bycj.cloudfront.net/product-image/file/large_a22f1e80-d8fc-463b-b7ab-082f52adceb6.jpg,"
CVS®,Mama Cozzi's Pizza Kitchen Cheese Rising Crust Pizza,$4.85,,,27.85 oz,[],Many in stock,"https://www.instacart.com/image-server/197x197/filters:fill(FFF,true):format(jpg)/d2lnr5mha7bycj.cloudfront.net/product-image/file/large_2284254a-5e23-4576-999c-2ebbdad2d311.jpg,"
CVS®,"Mama Cozzi's Pizza Kitchen Three Meat Pepperoni, Sausage, Beef Topping Pepperoni Made With Pork, Chicken & Beef, Sausage Made With Pork & Chicken Cheese Stuffed Crust Pizza",$7.69,,,31.9 oz,[],,"https://www.instacart.com/image-server/197x197/filters:fill(FFF,true):format(jpg)/d2lnr5mha7bycj.cloudfront.net/product-image/file/large_81263494-fc92-465b-b35a-a809608738e6.jpg,"
CVS®,"Mama Cozzi's Pizza Kitchen Margherita Cauliflower Crust Pizza With Tomato Sauce, Oregano & Garlic Crust Pizza",$5.95,,,11.64 oz,['Gluten-Free'],Many in stock,"https://www.instacart.com/image-server/197x197/filters:fill(FFF,true):format(jpg)/d2lnr5mha7bycj.cloudfront.net/product-image/file/large_a783cc9d-d93a-4d60-b01e-923dddc96557.jpg,"
CVS®,"Mama Cozzi's Pizza Kitchen Three Cheese Cauliflower Crust Pizza With Tomato Sauce, Oregano & Garlic",$5.95,,,11.64 oz,['Gluten-Free'],Many in stock,"https://www.instacart.com/image-server/197x197/filters:fill(FFF,true):format(jpg)/d2lnr5mha7bycj.cloudfront.net/product-image/file/large_cec095d1-dd3e-48d5-848a-689dea11db45.jpg,"
CVS®,Mama Cozzi's Pizza Kitchen Pepperoni Deli Calzone,$2.65,,,7 oz,[],,"https://www.instacart.com/image-server/197x197/filters:fill(FFF,true):format(jpg)/d2lnr5mha7bycj.cloudfront.net/product-image/file/large_f1900960-7106-433d-963f-8179799901d7.jpg,"
CVS®,Mama Cozzi's Pizza Kitchen Stuffed Crust Cheese Pizza,$7.69,,,30.4 oz,[],,"https://www.instacart.com/image-server/197x197/filters:fill(FFF,true):format(jpg)/d2lnr5mha7bycj.cloudfront.net/product-image/file/large_d9a07882-4141-41db-b848-3d72c0bbcb56.jpg,"
CVS®,Fusia Shrimp & Avocado Roll,$5.49,,,11.5 oz,[],,"https://www.instacart.com/image-server/197x197/filters:fill(FFF,true):format(jpg)/d1s8987jlndkbs.cloudfront.net/assets/missing-item-4bbe82b8555e4d1c12626fd482cb2409713e8e30835645ff3650ef66a725d03c.png,"
CVS®,"Mama Cozzi's Pizza Kitchen 12"" Cauliflower Crust Deli Pepperoni Pizza",$8.79,,,17 oz,[],,"https://www.instacart.com/image-server/197x197/filters:fill(FFF,true):format(jpg)/d2lnr5mha7bycj.cloudfront.net/product-image/file/large_cbdb7bba-6ea1-4c3e-9ac9-8add96df15cd.jpg,"
CVS®,Giovanni Rana Signature Meal Kit Chicken Alfredo,$15.39,,,39 oz,[],,"https://www.instacart.com/image-server/197x197/filters:fill(FFF,true):format(jpg)/d2lnr5mha7bycj.cloudfront.net/product-image/file/large_ededdcd1-a8c1-4439-a194-f7f21378b2e4.jpg,"
CVS®,Mama Cozzi's Pizza Kitchen Cheese Deli Pizza,$6.79,,,16 in,[],Many in stock,"https://www.instacart.com/image-server/197x197/filters:fill(FFF,true):format(jpg)/d1s8987jlndkbs.cloudfront.net/assets/missing-item-4bbe82b8555e4d1c12626fd482cb2409713e8e30835645ff3650ef66a725d03c.png,"
CVS®,"Mama Cozzi's Pizza Kitchen 12"" Veggie Cauliflower Crust Deli Pizza",$8.79,,,17.6 oz,[],,"https://www.instacart.com/image-server/197x197/filters:fill(FFF,true):format(jpg)/d2lnr5mha7bycj.cloudfront.net/product-image/file/large_541d1502-d302-4ba3-b149-f4ca73e2e363.jpg,"
CVS®,"Patak's Indian Lentil and Veggie Tikka Masala Meal, Medium",$3.49,,,10 oz,['Vegan'],,"https://www.instacart.com/image-server/197x197/filters:fill(FFF,true):format(jpg)/d2lnr5mha7bycj.cloudfront.net/product-image/file/large_9b60a189-de83-4c86-a291-cd9d063b4244.jpg,"
CVS®,Mama Cozzi's Pizza Kitchen Pepperoni & Mozzarella Flatbread,$5.25,,,13.1 oz,[],,"https://www.instacart.com/image-server/197x197/filters:fill(FFF,true):format(jpg)/d2lnr5mha7bycj.cloudfront.net/product-image/file/large_54e150f8-c02d-4f4b-af73-e2454222885f.jpg,"
