Store,Item Name,Price,Units,Unit Price,Amount,Tags,In Stock,Image
CVS®,"Kirkland Signature Purified Drinking Water, 16.9 fl oz, 40-count",$4.96,,,40 ct,[],,"https://www.instacart.com/image-server/197x197/filters:fill(FFF,true):format(jpg)/d2lnr5mha7bycj.cloudfront.net/product-image/file/large_952fb0b5-0ca2-4433-b5ad-b86d71b209e7.jpeg,"
CVS®,"Bananas, 3 lbs",$1.85,,,,[],,"https://www.instacart.com/image-server/197x197/filters:fill(FFF,true):format(jpg)/d2lnr5mha7bycj.cloudfront.net/product-image/file/large_ca678f73-584f-4716-814d-4cd0602b4adb.jpeg,"
CVS®,"Kirkland Signature Bath Tissue, 2-Ply, 380 Sheets, 30 Rolls",$24.25,,,,[],Many in stock,"https://www.instacart.com/image-server/197x197/filters:fill(FFF,true):format(jpg)/d2lnr5mha7bycj.cloudfront.net/product-image/file/large_7ce9b522-ac6f-41e2-b417-09797c609a58.jpeg,"
CVS®,"Tide Pods with Ultra Oxi HE Laundry Detergent Pods, 104-count",$33.08,,,"★★★★★
★★★★★
(188)",[],Many in stock,"https://www.instacart.com/image-server/197x197/filters:fill(FFF,true):format(jpg)/d2lnr5mha7bycj.cloudfront.net/product-image/file/large_f3077e05-1faf-42a4-9a9d-5171fb792d15.jpeg,"
CVS®,"Crest 3D White Advanced Whitening Toothpaste, 5.2 oz, 5-count",$19.89,,,,['Whitening'],Many in stock,"https://www.instacart.com/image-server/197x197/filters:fill(FFF,true):format(jpg)/d2lnr5mha7bycj.cloudfront.net/product-image/file/large_03afde50-b32d-4970-8a31-be95ef3001f1.jpeg,"
CVS®,Kirkland Signature Rotisserie Chicken,$6.21,,,1 each,[],,"https://www.instacart.com/image-server/197x197/filters:fill(FFF,true):format(jpg)/d2lnr5mha7bycj.cloudfront.net/product-image/file/large_5a325f60-61d7-4434-ba19-f040a69fc5ac.jpeg,"
CVS®,"Kirkland Signature Paper Towels, 2-Ply, 160 Sheets, 12 Individually Wrapped Rolls",$24.25,,,12 ct,[],Many in stock,"https://www.instacart.com/image-server/197x197/filters:fill(FFF,true):format(jpg)/d2lnr5mha7bycj.cloudfront.net/product-image/file/large_23706cbf-9843-450d-a6f2-c3413ae718bb.jpeg,"
CVS®,"Kirkland Signature Eggs, Large, 24-count",$5.96,,,,['Cage-Free'],Many in stock,"https://www.instacart.com/image-server/197x197/filters:fill(FFF,true):format(jpg)/d2lnr5mha7bycj.cloudfront.net/product-image/file/large_d7bc8378-a833-40c8-ba3c-4eedd2f677dd.jpeg,"
CVS®,"Downy Ultra Concentrated HE Fabric Softener, April Fresh, 251 Loads, 170 fl oz",$17.15,,,170 fl oz,['Fresh'],,"https://www.instacart.com/image-server/197x197/filters:fill(FFF,true):format(jpg)/d2lnr5mha7bycj.cloudfront.net/product-image/file/large_68597bcf-c08a-46d2-9007-b7c8934e6dd8.jpeg,"
CVS®,"Always Ultra Thin Advanced Overnight Pads, 76-count",$19.27,,,"★★★★★
★★★★★
(887)","['Maximum Absorbency', 'Thin']",Many in stock,"https://www.instacart.com/image-server/197x197/filters:fill(FFF,true):format(jpg)/d2lnr5mha7bycj.cloudfront.net/product-image/file/large_75322cd3-a6e6-4ceb-b197-7bbbf918a26d.jpeg,"
CVS®,"Kirkland Signature Baby Wipes Fragrance Free, 900-count",$24.87,,,,[],Many in stock,"https://www.instacart.com/image-server/197x197/filters:fill(FFF,true):format(jpg)/d2lnr5mha7bycj.cloudfront.net/product-image/file/large_3a5f1c83-7659-4112-b6b6-fee8e5558cb6.jpeg,"
CVS®,"Kirkland Signature Butter Croissants, 12-count",$7.45,,,,[],Many in stock,"https://www.instacart.com/image-server/197x197/filters:fill(FFF,true):format(jpg)/d2lnr5mha7bycj.cloudfront.net/product-image/file/large_4ce482c1-5509-4122-9dcf-5c70f6b702e2.jpeg,"
CVS®,"Organic Baby Spinach, 1 lb",$5.34,,,1 each,"['In season', 'Organic']",Many in stock,"https://www.instacart.com/image-server/197x197/filters:fill(FFF,true):format(jpg)/d2lnr5mha7bycj.cloudfront.net/product-image/file/large_b937ac32-0a90-4ab7-a03d-901d5382e5f3.jpeg,"
CVS®,"Liquid I.V. Sugar-Free Hydration Multiplier, Lemon Lime, 24-count",$36.06,,,,['Zero Sugar'],Many in stock,"https://www.instacart.com/image-server/197x197/filters:fill(FFF,true):format(jpg)/d2lnr5mha7bycj.cloudfront.net/product-image/file/large_250d6968-ae0d-4318-9795-ee91e75f958e.jpeg,"
CVS®,"Liquid I.V. Hydration Multiplier 30 Individual Serving Stick Packs in Resealable Pouch, Golden",$36.06,,,,[],Many in stock,"https://www.instacart.com/image-server/197x197/filters:fill(FFF,true):format(jpg)/d2lnr5mha7bycj.cloudfront.net/product-image/file/large_4981a992-826c-43ff-9ac8-57ea587ae2c8.jpeg,"
CVS®,"Kirkland Signature Flex-Tech 13-Gallon Kitchen Trash Bag, 200-count",$20.89,,,200 ct,[],Many in stock,"https://www.instacart.com/image-server/197x197/filters:fill(FFF,true):format(jpg)/d2lnr5mha7bycj.cloudfront.net/product-image/file/large_e83604e3-a2fc-477b-b01c-8df84d66bff1.jpeg,"
CVS®,"Kirkland Signature Mini Chocolate Chip Cookies, 60-count",$12.43,,,,[],Many in stock,"https://www.instacart.com/image-server/197x197/filters:fill(FFF,true):format(jpg)/d2lnr5mha7bycj.cloudfront.net/product-image/file/large_9849d9f8-b25f-40fb-b554-ee820e95ffef.jpeg,"
CVS®,"Kirkland Signature, Organic Applesauce, 3.17 oz, 24-Count",$12.43,,,24 ct,['Organic'],Many in stock,"https://www.instacart.com/image-server/197x197/filters:fill(FFF,true):format(jpg)/d2lnr5mha7bycj.cloudfront.net/product-image/file/large_0500ff28-c23f-4f8a-8b00-536316413a05.jpeg,"
CVS®,"Downy Fresh Protect In-Wash Odor Defense Scent Beads, April Fresh, 34 oz",$21.00,,,"★★★★★
★★★★★
(1.83K)",[],Many in stock,"https://www.instacart.com/image-server/197x197/filters:fill(FFF,true):format(jpg)/d2lnr5mha7bycj.cloudfront.net/product-image/file/large_abfb8f53-a5d2-4c2b-b8cb-1a067e18b8ff.jpeg,"
CVS®,"Neutrogena Makeup Remover & Hydro Boost Ultra-Soft Cleansing Towelettes, 139-count",$27.36,,,,[],Many in stock,"https://www.instacart.com/image-server/197x197/filters:fill(FFF,true):format(jpg)/d2lnr5mha7bycj.cloudfront.net/product-image/file/large_7983ae88-735b-49fb-b332-aa4879b78887.jpeg,"
CVS®,"Kirkland Signature Organic Pure Maple Syrup, 33.8 oz",$14.92,,,,"['Organic', 'Gluten-Free']",Many in stock,"https://www.instacart.com/image-server/197x197/filters:fill(FFF,true):format(jpg)/d2lnr5mha7bycj.cloudfront.net/product-image/file/large_50c59baf-581b-43f6-b24c-368f1aedf875.jpeg,"
CVS®,"Kirkland Signature Grass-Fed Butter, 8 oz, 4-count",$12.43,,,4 ct,[],Many in stock,"https://www.instacart.com/image-server/197x197/filters:fill(FFF,true):format(jpg)/d2lnr5mha7bycj.cloudfront.net/product-image/file/large_a6ee0093-0175-4d19-987b-520ce06c67d7.jpeg,"
CVS®,"Kirkland Signature Chicken Street Tacos, 12-count",$18.07,/pkg (est.),$6.21 / lb,About 2.91 lb / package,[],,"https://www.instacart.com/image-server/197x197/filters:fill(FFF,true):format(jpg)/d2lnr5mha7bycj.cloudfront.net/product-image/file/large_cb949295-3be5-4112-b26c-72120f61b20f.jpeg,"
CVS®,"Perfect Bar Refrigerated Organic Protein Bar, Variety, 12-count",$24.87,,,,[],Many in stock,"https://www.instacart.com/image-server/197x197/filters:fill(FFF,true):format(jpg)/d2lnr5mha7bycj.cloudfront.net/product-image/file/large_dd1105da-0af2-4044-a191-6226a1fd29bc.jpeg,"
CVS®,"Finish Jet-Dry Ultra Dishwasher Rinse Aid, 32 fl oz",$14.29,,,,[],Many in stock,"https://www.instacart.com/image-server/197x197/filters:fill(FFF,true):format(jpg)/d2lnr5mha7bycj.cloudfront.net/product-image/file/large_dff43acb-5b86-4207-acca-0d6c147639dd.jpeg,"
CVS®,"Kirkland Signature Fully-Cooked Bacon, Hickory Wood Smoked, 1 lb",$18.65,,,,[],Many in stock,"https://www.instacart.com/image-server/197x197/filters:fill(FFF,true):format(jpg)/d2lnr5mha7bycj.cloudfront.net/product-image/file/large_717dbc88-a693-4b39-b778-ce9a518433e3.jpeg,"
CVS®,"Kirkland Signature, Organic Fruit and Vegetable Pouches, Variety Pack, 3.17 oz, 24-count",$14.92,,,,"['Organic', 'Gluten-Free']",Many in stock,"https://www.instacart.com/image-server/197x197/filters:fill(FFF,true):format(jpg)/d2lnr5mha7bycj.cloudfront.net/product-image/file/large_d485d0e5-3e79-43a5-ab62-7d0aed47077e.jpeg,"
CVS®,"Kirkland Signature Organic Broccoli Florets, 1 lb, 4-count",$11.18,,,4 ct,['Organic'],Many in stock,"https://www.instacart.com/image-server/197x197/filters:fill(FFF,true):format(jpg)/d2lnr5mha7bycj.cloudfront.net/product-image/file/large_c9dcb130-b27e-46f3-966f-048b2d3ed440.jpeg,"
CVS®,"Dawn Platinum Advanced Power Liquid Dish Soap, 90 fl oz",$14.92,,,90 fl oz,[],,"https://www.instacart.com/image-server/197x197/filters:fill(FFF,true):format(jpg)/d2lnr5mha7bycj.cloudfront.net/product-image/file/large_e8e8e131-3429-42aa-8059-3c6ca90ac6fa.jpeg,"
CVS®,Amara Organic Yogurt Smoothie Melts 4 (1 oz.) Bags Per Box,$17.40,,,4 ct,['Organic'],Many in stock,"https://www.instacart.com/image-server/197x197/filters:fill(FFF,true):format(jpg)/d2lnr5mha7bycj.cloudfront.net/product-image/file/large_d289f945-7591-4133-a051-a4334721b43a.jpeg,"
CVS®,"Kirkland Signature Organic Greek Yogurt, 48 oz",$7.45,,,,['Organic'],Many in stock,"https://www.instacart.com/image-server/197x197/filters:fill(FFF,true):format(jpg)/d2lnr5mha7bycj.cloudfront.net/product-image/file/large_999918cc-5d71-4b48-9bc9-f0fd5725bf1d.jpeg,"
CVS®,"King's Hawaiian, Hawaiian Sweet Rolls, 2 Pack, 16-count",$8.07,,,,[],Many in stock,"https://www.instacart.com/image-server/197x197/filters:fill(FFF,true):format(jpg)/d2lnr5mha7bycj.cloudfront.net/product-image/file/large_64a245a4-58a1-4ecd-b12a-0be605853856.jpeg,"
CVS®,"Kirkland Signature Sparkling Water, Variety Pack, 12 fl oz, 35-count",$13.67,,,12 fl oz,[],Many in stock,"https://www.instacart.com/image-server/197x197/filters:fill(FFF,true):format(jpg)/d2lnr5mha7bycj.cloudfront.net/product-image/file/large_3bf8a46e-1aff-42e0-91ec-49867072fb2e.jpeg,"
CVS®,"Lysol HE Laundry Sanitizer, Crisp Linen, 150 fl oz",$21.01,,,,['Linen'],Many in stock,"https://www.instacart.com/image-server/197x197/filters:fill(FFF,true):format(jpg)/d2lnr5mha7bycj.cloudfront.net/product-image/file/large_370c6bcb-7794-4ce8-84fa-52331215febc.jpeg,"
CVS®,"Oral-B Glide Complete with Scope Outlast Dental Floss Picks, Mint",$12.43,,,300 ct,[],Many in stock,"https://www.instacart.com/image-server/197x197/filters:fill(FFF,true):format(jpg)/d2lnr5mha7bycj.cloudfront.net/product-image/file/large_ae33764a-b27a-4eab-a83d-9faca515bc2b.jpeg,"
CVS®,"Dixie Ultra 8-1/2"" Paper Plate, 240-count",$22.38,,,,[],Many in stock,"https://www.instacart.com/image-server/197x197/filters:fill(FFF,true):format(jpg)/d2lnr5mha7bycj.cloudfront.net/product-image/file/large_9129817f-faa6-4b13-9032-5aa64c082aae.jpeg,"
CVS®,"Sabatasso's Pizza Singles, Variety Pack, 12-count",$15.54,,,12 ct,[],Many in stock,"https://www.instacart.com/image-server/197x197/filters:fill(FFF,true):format(jpg)/d2lnr5mha7bycj.cloudfront.net/product-image/file/large_dbff28f0-5277-40ad-8c34-d2c626159523.jpeg,"
CVS®,"Kirkland Signature, Organic Coconut Water, 11.1 fl oz, 12-count",$13.67,,,11.1 fl oz,['Organic'],Many in stock,"https://www.instacart.com/image-server/197x197/filters:fill(FFF,true):format(jpg)/d2lnr5mha7bycj.cloudfront.net/product-image/file/large_044be793-9071-4fb6-97e5-639ecc67c689.jpeg,"
CVS®,"S&W, Organic Black Beans, 15 oz, 8-Count",$10.56,,,8 ct,['Organic'],Many in stock,"https://www.instacart.com/image-server/197x197/filters:fill(FFF,true):format(jpg)/d2lnr5mha7bycj.cloudfront.net/product-image/file/large_25320162-aa06-4cb6-970b-94c5ecf99c8d.jpeg,"
CVS®,"Kodiak Cakes Power Cakes Flapjack and Waffle Mix, 72 oz",$15.91,,,,['Whole Grain'],Many in stock,"https://www.instacart.com/image-server/197x197/filters:fill(FFF,true):format(jpg)/d2lnr5mha7bycj.cloudfront.net/product-image/file/large_dcd4b1f5-54ce-404b-ab60-f9ff8f6236bb.jpg,"
CVS®,"Kirkland Signature Organic Peanut Butter, 28 oz, 2-count",$13.67,,,2 ct,['Organic'],Many in stock,"https://www.instacart.com/image-server/197x197/filters:fill(FFF,true):format(jpg)/d2lnr5mha7bycj.cloudfront.net/product-image/file/large_10a64634-0bc8-4750-9466-7e58110450a8.jpeg,"
CVS®,"Kirkland Signature Lightly Breaded Chicken Breast Chunks, 4 lbs",$17.40,,,,[],Many in stock,"https://www.instacart.com/image-server/197x197/filters:fill(FFF,true):format(jpg)/d2lnr5mha7bycj.cloudfront.net/product-image/file/large_0be14333-6261-4ae6-be63-7daa41769c24.jpeg,"
CVS®,"Kirkland Signature, Organic Chicken Stock, 32 fl oz, 6-Count",$12.43,,,6 ct,['Organic'],Many in stock,"https://www.instacart.com/image-server/197x197/filters:fill(FFF,true):format(jpg)/d2lnr5mha7bycj.cloudfront.net/product-image/file/large_e7da2921-ff7e-4745-96c0-acb7a02e08af.jpeg,"
CVS®,"Air Wick Scented Oils, 1 Warmer + 9 Refills",$22.38,,,1 Set,[],Many in stock,"https://www.instacart.com/image-server/197x197/filters:fill(FFF,true):format(jpg)/d2lnr5mha7bycj.cloudfront.net/product-image/file/large_80efee43-d20e-4841-8f90-336c0ee9b9c0.jpeg,"
CVS®,"Tampax Pearl Advanced Grip Tampons Regular, 96-count",$20.51,,,"★★★★★
★★★★★
(4.84K)",['Regular Absorbency'],Many in stock,"https://www.instacart.com/image-server/197x197/filters:fill(FFF,true):format(jpg)/d2lnr5mha7bycj.cloudfront.net/product-image/file/large_e78a155a-1832-41dc-8ed6-4e64993a5fd9.jpeg,"
CVS®,"Starbucks Bacon & Cheese Egg Bites, 21 oz",$18.40,,,,[],Many in stock,"https://www.instacart.com/image-server/197x197/filters:fill(FFF,true):format(jpg)/d2lnr5mha7bycj.cloudfront.net/product-image/file/large_ab332fea-54a0-42d2-845f-10d24c7c3312.jpeg,"
CVS®,"Kirkland Signature ""Air-Chilled"" Fresh Boneless Skinless Chicken Breasts",$33.44,/pkg (est.),$3.72 / lb,About 8.99 lb / package,['Breast'],,"https://www.instacart.com/image-server/197x197/filters:fill(FFF,true):format(jpg)/d2lnr5mha7bycj.cloudfront.net/product-image/file/large_e8d7c592-f04a-4e0f-b564-9bb73cffd67f.jpeg,"
CVS®,"Kirkland Signature Shredded Mexican Style Blend Cheese, 2.5 lbs, 2-count",$16.78,,,2 ct,['Keto'],Many in stock,"https://www.instacart.com/image-server/197x197/filters:fill(FFF,true):format(jpg)/d2lnr5mha7bycj.cloudfront.net/product-image/file/large_bf0d8c4d-4f83-4e1d-8a9b-02c7c860376b.jpeg,"
CVS®,Pantene Multi-Tasker 10 Shampoo 38.2 fl oz,$17.40,,,,[],Many in stock,"https://www.instacart.com/image-server/197x197/filters:fill(FFF,true):format(jpg)/d2lnr5mha7bycj.cloudfront.net/product-image/file/large_e2324011-4387-4c5b-befc-30a1585443e6.jpeg,"
CVS®,"Lubriderm Daily Moisture Lotion, Fragrance Free 24 fl oz, 2-count + 6 fl oz Travel Size",$21.14,,,24 fl oz,[],Many in stock,"https://www.instacart.com/image-server/197x197/filters:fill(FFF,true):format(jpg)/d2lnr5mha7bycj.cloudfront.net/product-image/file/large_541aa0da-3a06-4016-9d1c-c75e7508f3fa.jpeg,"
CVS®,"Mush Overnight Oats Variety, 5 fl oz, 8-count",$12.43,,,,[],Many in stock,"https://www.instacart.com/image-server/197x197/filters:fill(FFF,true):format(jpg)/d2lnr5mha7bycj.cloudfront.net/product-image/file/large_52a1269b-b4f5-4f1b-ae55-456a95f88e9c.jpeg,"
CVS®,"Ling Ling All Natural Potstickers, Chicken & Vegetable, 4.2 lbs",$15.91,,,,[],Many in stock,"https://www.instacart.com/image-server/197x197/filters:fill(FFF,true):format(jpg)/d2lnr5mha7bycj.cloudfront.net/product-image/file/large_44e7ffeb-4464-479b-8e6a-8fc958ed3264.jpeg,"
CVS®,"Kellogg's Eggo Waffles, Homestyle, 72-count",$14.79,,,6 ct,[],,"https://www.instacart.com/image-server/197x197/filters:fill(FFF,true):format(jpg)/d2lnr5mha7bycj.cloudfront.net/product-image/file/large_b3f116a7-8c09-4997-985a-04f2191d09eb.jpeg,"
CVS®,"Febreze Air Refresher, Variety Pack, 8.8 oz, 4-count",$12.43,,,,[],Many in stock,"https://www.instacart.com/image-server/197x197/filters:fill(FFF,true):format(jpg)/d2lnr5mha7bycj.cloudfront.net/product-image/file/large_086e3379-a70a-4ebf-b448-8199d19f5b3b.jpeg,"
CVS®,"Vanity Fair Everyday Napkin, 2-Ply, 110-count, 6-pack",$14.67,,,"★★★★★
★★★★★
(124)",[],Many in stock,"https://www.instacart.com/image-server/197x197/filters:fill(FFF,true):format(jpg)/d2lnr5mha7bycj.cloudfront.net/product-image/file/large_0a6b79c9-f5c8-4169-8678-3cc4f453aaae.jpeg,"
CVS®,"Listerine UltraClean Coolmint Mouthwash, 1.5 Liter, 2-count",$18.03,,,2 ct,['Whitening'],,"https://www.instacart.com/image-server/197x197/filters:fill(FFF,true):format(jpg)/d2lnr5mha7bycj.cloudfront.net/product-image/file/large_7f865250-f3e5-4289-8ef0-e260c2391a05.jpeg,"
CVS®,"Children's Motrin Dye-Free Berry Flavor Suspension, 12 Ounces",$16.16,,,"★★★★★
★★★★★
(492)",[],Many in stock,"https://www.instacart.com/image-server/197x197/filters:fill(FFF,true):format(jpg)/d2lnr5mha7bycj.cloudfront.net/product-image/file/large_00456126-04aa-42af-9ed0-55c67a06c64d.jpeg,"
CVS®,"Reynolds Wrap Aluminum Foil, 2 x 250 sq ft",$28.48,,,,[],Many in stock,"https://www.instacart.com/image-server/197x197/filters:fill(FFF,true):format(jpg)/d2lnr5mha7bycj.cloudfront.net/product-image/file/large_1d9912a6-def3-4dac-8057-19bd5882c9fb.jpeg,"
CVS®,"Chosen Foods Avocado Oil Classic Mayo, 32 fl oz",$11.81,,,,[],Many in stock,"https://www.instacart.com/image-server/197x197/filters:fill(FFF,true):format(jpg)/d2lnr5mha7bycj.cloudfront.net/product-image/file/large_96909e1f-9123-4cdf-ab95-33158624376a.jpeg,"
CVS®,"Sargento Baklanced Breaks Balanced Breaks Cheese & Crackers, 12 x 1.5 oz",$13.42,,,12 ct,[],Many in stock,"https://www.instacart.com/image-server/197x197/filters:fill(FFF,true):format(jpg)/d2lnr5mha7bycj.cloudfront.net/product-image/file/large_67a24eea-13ff-4518-bb3a-214ba84b619c.jpeg,"
CVS®,"Gatorade Thirst Quencher, Fruit Punch + Berry/Glacier Freeze/Blue Cherry",$19.52,,,12 fl oz,[],Many in stock,"https://www.instacart.com/image-server/197x197/filters:fill(FFF,true):format(jpg)/d2lnr5mha7bycj.cloudfront.net/product-image/file/large_e6444f4e-c801-4dd4-b5d0-42edb4f68e3a.jpeg,"
CVS®,"Nescafé Taster's Choice Instant Coffee, House Blend, 14 oz",$19.77,,,"★★★★★
★★★★★
(141)",[],Many in stock,"https://www.instacart.com/image-server/197x197/filters:fill(FFF,true):format(jpg)/d2lnr5mha7bycj.cloudfront.net/product-image/file/large_63d5a945-85b5-454c-beda-919c021e7d88.jpeg,"
CVS®,"MadeGood Granola Minis, Variety Pack, 0.85 oz, 24-count",$14.92,,,,"['Organic', 'Gluten-Free']",Many in stock,"https://www.instacart.com/image-server/197x197/filters:fill(FFF,true):format(jpg)/d2lnr5mha7bycj.cloudfront.net/product-image/file/large_8855b4fe-e889-4686-b521-bd231a16cb98.jpeg,"
CVS®,"Thomas' Original Nooks and Crannies English Muffin, 18 ct",$8.70,,,2 ct,[],Many in stock,"https://www.instacart.com/image-server/197x197/filters:fill(FFF,true):format(jpg)/d2lnr5mha7bycj.cloudfront.net/product-image/file/large_0e6b9178-f6af-4a73-95d1-32030f703a4a.jpeg,"
CVS®,"OxiClean HE Powder Versatile Stain Remover, Max Efficiency, 9.28 lbs",$24.74,,,,[],Many in stock,"https://www.instacart.com/image-server/197x197/filters:fill(FFF,true):format(jpg)/d2lnr5mha7bycj.cloudfront.net/product-image/file/large_5112774d-486a-42ad-b70b-b9dbf65eb5a2.jpeg,"
CVS®,"Frito Lay Classic Mix, 1 oz, Variety Pack, 54-count",$24.74,,,,[],Many in stock,"https://www.instacart.com/image-server/197x197/filters:fill(FFF,true):format(jpg)/d2lnr5mha7bycj.cloudfront.net/product-image/file/large_228db2f3-2d02-4531-9996-5c2186a10c26.jpeg,"
CVS®,"La Boulangere French Brioche Sliced Bread, 15.87 oz, 2-count",$13.05,,,2 ct,[],,"https://www.instacart.com/image-server/197x197/filters:fill(FFF,true):format(jpg)/d2lnr5mha7bycj.cloudfront.net/product-image/file/large_11d70002-5dab-4b80-952a-346c1eb34cfd.jpeg,"
CVS®,"Post, Honey Bunches of Oats with Almonds Cereal, 50 oz",$9.94,,,,[],Many in stock,"https://www.instacart.com/image-server/197x197/filters:fill(FFF,true):format(jpg)/d2lnr5mha7bycj.cloudfront.net/product-image/file/large_355680b1-23a6-4f80-9224-b4b88ce4cf24.jpeg,"
CVS®,"La Boulangere Chocolate Croissants, 25.4 oz",$10.93,,,,[],Many in stock,"https://www.instacart.com/image-server/197x197/filters:fill(FFF,true):format(jpg)/d2lnr5mha7bycj.cloudfront.net/product-image/file/large_c8248d58-3f4e-4bd9-afde-86973827fe1c.jpeg,"
CVS®,"Strawberries, 2 lbs",$4.71,,,,[],,"https://www.instacart.com/image-server/197x197/filters:fill(FFF,true):format(jpg)/d2lnr5mha7bycj.cloudfront.net/product-image/file/large_3ee55aaf-cf54-45d8-be5a-3cf6625211f0.jpeg,"
CVS®,"Organic Bananas, 3 lbs",$2.48,,,,"['Organic', 'Non-GMO']",Many in stock,"https://www.instacart.com/image-server/197x197/filters:fill(FFF,true):format(jpg)/d2lnr5mha7bycj.cloudfront.net/product-image/file/large_5d61e1f1-9bfb-4bdd-8d54-8f585933ea66.jpeg,"
CVS®,"Tru Fru Strawberries and Cream, 16 oz",$12.43,,,,[],,"https://www.instacart.com/image-server/197x197/filters:fill(FFF,true):format(jpg)/d2lnr5mha7bycj.cloudfront.net/product-image/file/large_f1525367-f891-4118-a545-e42e7abc10a7.jpeg,"
CVS®,"Blueberries, 18 oz",$6.83,,,,[],Many in stock,"https://www.instacart.com/image-server/197x197/filters:fill(FFF,true):format(jpg)/d2lnr5mha7bycj.cloudfront.net/product-image/file/large_e719e25d-d7aa-4511-a4a6-53cf669c2a94.jpeg,"
CVS®,"Avocado Hass Variety, 6-count",$8.32,,,,[],Many in stock,"https://www.instacart.com/image-server/197x197/filters:fill(FFF,true):format(jpg)/d2lnr5mha7bycj.cloudfront.net/product-image/file/large_b231c1a8-f653-4bdc-a84f-52e80f1b8dd8.jpeg,"
CVS®,"Clementines, 5 lbs",$8.70,,,3 each,['Non-GMO'],Many in stock,"https://www.instacart.com/image-server/197x197/filters:fill(FFF,true):format(jpg)/d2lnr5mha7bycj.cloudfront.net/product-image/file/large_7ef170af-17a5-453b-a27d-0b8b1379d206.jpeg,"
CVS®,"Raspberries, 12 oz",$7.08,,,,[],Many in stock,"https://www.instacart.com/image-server/197x197/filters:fill(FFF,true):format(jpg)/d2lnr5mha7bycj.cloudfront.net/product-image/file/large_5e14d88e-f91d-4df9-baf2-eb1dd468d6f0.jpeg,"
CVS®,"Organic Blueberries, 18 oz",$11.18,,,,"['Organic', 'Non-GMO']",Many in stock,"https://www.instacart.com/image-server/197x197/filters:fill(FFF,true):format(jpg)/d2lnr5mha7bycj.cloudfront.net/product-image/file/large_60dc7617-2c51-41f0-baed-eb4fcd9155cb.jpeg,"
CVS®,"Disney Organic Apples Galas, 3 lbs",$5.59,,,,"['Non-GMO', 'Organic']",Many in stock,"https://www.instacart.com/image-server/197x197/filters:fill(FFF,true):format(jpg)/d2lnr5mha7bycj.cloudfront.net/product-image/file/large_ca1dfc1d-de00-4664-944a-e9677b988c40.jpeg,"
CVS®,Golden Pineapple,$2.48,,,,[],Many in stock,"https://www.instacart.com/image-server/197x197/filters:fill(FFF,true):format(jpg)/d2lnr5mha7bycj.cloudfront.net/product-image/file/large_5fd92fe5-eddf-4610-b2cb-649636f6e926.jpeg,"
CVS®,"Blackberries, 12 oz",$3.72,,,,[],Many in stock,"https://www.instacart.com/image-server/197x197/filters:fill(FFF,true):format(jpg)/d2lnr5mha7bycj.cloudfront.net/product-image/file/large_97e3ca32-739e-46be-9465-074e40598be2.jpeg,"
CVS®,"Mini Watermelon Seedless, 2-count",$9.94,,,,[],Many in stock,"https://www.instacart.com/image-server/197x197/filters:fill(FFF,true):format(jpg)/d2lnr5mha7bycj.cloudfront.net/product-image/file/large_0ebeb793-8e5c-41f2-aceb-056855c31d05.jpeg,"
CVS®,"Organic Limes, 3 lbs",$8.70,,,,"['Organic', 'Non-GMO']",Many in stock,"https://www.instacart.com/image-server/197x197/filters:fill(FFF,true):format(jpg)/d2lnr5mha7bycj.cloudfront.net/product-image/file/large_101f1dc2-df3d-4a2d-b2a9-d2f09f4f3ab0.jpeg,"
CVS®,"Plums, 3 lbs",$7.20,,,"★★★★★
★★★★★
(583)",[],Many in stock,"https://www.instacart.com/image-server/197x197/filters:fill(FFF,true):format(jpg)/d2lnr5mha7bycj.cloudfront.net/product-image/file/large_488f7dad-277f-41bd-8aa6-09a2410816f0.jpeg,"
CVS®,"Honey Crisp Apples, 4 lbs",$7.33,,,,"['Non-GMO', 'Organic']",Many in stock,"https://www.instacart.com/image-server/197x197/filters:fill(FFF,true):format(jpg)/d2lnr5mha7bycj.cloudfront.net/product-image/file/large_f4bbadd5-55ab-4a14-ac2c-8799980befe7.jpeg,"
CVS®,"Fresh Cut Fruit Bowl, 3 lbs",$14.92,,,,[],,"https://www.instacart.com/image-server/197x197/filters:fill(FFF,true):format(jpg)/d2lnr5mha7bycj.cloudfront.net/product-image/file/large_9b86ffb4-da27-4c70-920a-ebbd3b0363cb.jpeg,"
CVS®,"Seedless Lemons, 5 lbs",$11.18,,,,['Non-GMO'],Many in stock,"https://www.instacart.com/image-server/197x197/filters:fill(FFF,true):format(jpg)/d2lnr5mha7bycj.cloudfront.net/product-image/file/large_e3d1ebb9-243b-4848-9081-3db04f84e900.jpeg,"
CVS®,"Yellow Nectarines, 3 lbs",$8.70,,,,[],Many in stock,"https://www.instacart.com/image-server/197x197/filters:fill(FFF,true):format(jpg)/d2lnr5mha7bycj.cloudfront.net/product-image/file/large_1b3e8953-626d-446b-bb83-ccf60120382d.jpeg,"
CVS®,"Organic Fuji Apples, 4 lbs",$7.95,,,,"['Non-GMO', 'Organic']",Many in stock,"https://www.instacart.com/image-server/197x197/filters:fill(FFF,true):format(jpg)/d2lnr5mha7bycj.cloudfront.net/product-image/file/large_c44b1bea-503c-45a5-8054-731b9ea8dab9.jpeg,"
CVS®,"Cara cara Oranges, 5 lbs",$7.45,,,,[],Many in stock,"https://www.instacart.com/image-server/197x197/filters:fill(FFF,true):format(jpg)/d2lnr5mha7bycj.cloudfront.net/product-image/file/large_878b97b9-3bf8-4b46-91d1-12b732bbb784.jpeg,"
CVS®,"Imported Naval Oranges, 8 lbs",$11.18,,,,[],Many in stock,"https://www.instacart.com/image-server/197x197/filters:fill(FFF,true):format(jpg)/d2lnr5mha7bycj.cloudfront.net/product-image/file/large_d913891a-db9c-4700-baed-ca7aff41053b.jpeg,"
CVS®,"Wildtwist Apples, 4 lbs",$7.33,,,,[],Many in stock,"https://www.instacart.com/image-server/197x197/filters:fill(FFF,true):format(jpg)/d2lnr5mha7bycj.cloudfront.net/product-image/file/large_81efcc99-088b-4d62-9083-293761e8e4fb.jpeg,"
CVS®,"D'Anjou Pears, 4 lbs",$6.21,,,,[],Many in stock,"https://www.instacart.com/image-server/197x197/filters:fill(FFF,true):format(jpg)/d2lnr5mha7bycj.cloudfront.net/product-image/file/large_d6c37a88-c0dc-46d9-b5a2-a319ec7534d9.jpeg,"
CVS®,"Organic Green Kiwi, 4 lbs",$13.67,,,,['Organic'],Many in stock,"https://www.instacart.com/image-server/197x197/filters:fill(FFF,true):format(jpg)/d2lnr5mha7bycj.cloudfront.net/product-image/file/large_f7be1a5e-87bf-4690-b52e-6a6bd2c28c5f.jpeg,"
CVS®,Golden Hami Melon,$7.45,,,,[],,"https://www.instacart.com/image-server/197x197/filters:fill(FFF,true):format(jpg)/d2lnr5mha7bycj.cloudfront.net/product-image/file/large_5762d7bf-6d73-4010-ab46-59e353bc369f.jpeg,"
CVS®,"Grapefruit, 5 lbs",$6.83,,,,[],Many in stock,"https://www.instacart.com/image-server/197x197/filters:fill(FFF,true):format(jpg)/d2lnr5mha7bycj.cloudfront.net/product-image/file/large_d9bdf06f-75c7-478b-8df0-4e6b461d3b68.jpeg,"
CVS®,"Envy Apples, 4 lbs",$7.09,,,,[],Many in stock,"https://www.instacart.com/image-server/197x197/filters:fill(FFF,true):format(jpg)/d2lnr5mha7bycj.cloudfront.net/product-image/file/large_b2b91181-f828-445e-87f3-2f4061b1a519.jpeg,"
CVS®,"Kirkland Signature Organic Tortilla Chips, 40 oz",$7.45,,,,"['Gluten-Free', 'Organic']",Many in stock,"https://www.instacart.com/image-server/197x197/filters:fill(FFF,true):format(jpg)/d2lnr5mha7bycj.cloudfront.net/product-image/file/large_ce97c589-38bd-4af4-bbd3-f0b3af1f8e1b.jpeg,"
CVS®,"Nature's Bakery Fig Bar, Variety Pack, 2 oz, 40-count",$19.89,,,,[],Many in stock,"https://www.instacart.com/image-server/197x197/filters:fill(FFF,true):format(jpg)/d2lnr5mha7bycj.cloudfront.net/product-image/file/large_f428b76b-34d8-4300-a05e-663330de4890.jpeg,"
CVS®,"Kind Mini Bars, Variety Pack, 0.7 oz, 36 count",$21.14,,,36 ct,[],Many in stock,"https://www.instacart.com/image-server/197x197/filters:fill(FFF,true):format(jpg)/d2lnr5mha7bycj.cloudfront.net/product-image/file/large_d82717db-bffd-4a0d-90b4-630c9353cd7f.jpeg,"
CVS®,"That's it Mini Fruit Bars, 24-count",$17.40,,,,[],Many in stock,"https://www.instacart.com/image-server/197x197/filters:fill(FFF,true):format(jpg)/d2lnr5mha7bycj.cloudfront.net/product-image/file/large_7d68bbbd-a899-48f4-b011-2d457cf240b5.jpeg,"
CVS®,"SunChips Whole Grain, Variety, 1.5 oz, 30-count",$22.38,,,30 ct,[],Many in stock,"https://www.instacart.com/image-server/197x197/filters:fill(FFF,true):format(jpg)/d2lnr5mha7bycj.cloudfront.net/product-image/file/large_fdb9c224-c722-4266-bcc0-646ac19f6653.jpeg,"
CVS®,"Chomps Original Beef Sticks, Mild, 12 Individually Wrapped Sticks",$21.14,,,12 ct,"['Gluten-Free', 'Keto']",Many in stock,"https://www.instacart.com/image-server/197x197/filters:fill(FFF,true):format(jpg)/d2lnr5mha7bycj.cloudfront.net/product-image/file/large_2b3915ba-7643-415d-8c59-81c12f1bfa6c.jpeg,"
CVS®,"Hippeas Vegan White Cheddar Organic Chickpea Puffs, 18 oz",$9.94,,,,"['Gluten-Free', 'Organic']",Many in stock,"https://www.instacart.com/image-server/197x197/filters:fill(FFF,true):format(jpg)/d2lnr5mha7bycj.cloudfront.net/product-image/file/large_e62aebdf-6944-46b3-97fc-bbc09d161718.jpeg,"
CVS®,"Pirate's Booty Aged White Cheddar Snack, 0.5 oz, 40 count",$16.04,,,40 ct,['Gluten-Free'],,"https://www.instacart.com/image-server/197x197/filters:fill(FFF,true):format(jpg)/d2lnr5mha7bycj.cloudfront.net/product-image/file/large_abf83d7d-fc4b-454b-a187-a1ead83bf8d1.jpeg,"
CVS®,Country Archer Jerky & Meat Snacks Country Archer Minis,$20.64,,,"★★★★★
★★★★★
(1.25K)","['Gluten-Free', 'Grass-Fed']",Many in stock,"https://www.instacart.com/image-server/197x197/filters:fill(FFF,true):format(jpg)/d2lnr5mha7bycj.cloudfront.net/product-image/file/large_b0203d52-6449-4e75-80d4-53f8fa8a3cb8.jpeg,"
CVS®,"Wilde Protein Chips Nashville Hot Chicken, 7 oz",$11.06,,,,['Gluten-Free'],Many in stock,"https://www.instacart.com/image-server/197x197/filters:fill(FFF,true):format(jpg)/d2lnr5mha7bycj.cloudfront.net/product-image/file/large_5a9f6c86-3980-4422-be9d-67ff48452c67.jpeg,"
CVS®,"Kirkland Signature Kettle Himalayan Salt Potato Chips, 32 oz",$7.45,,,,"['Gluten-Free', 'Vegan']",Many in stock,"https://www.instacart.com/image-server/197x197/filters:fill(FFF,true):format(jpg)/d2lnr5mha7bycj.cloudfront.net/product-image/file/large_2ba13555-75f2-4926-a11b-d0e2f7ad7fbf.jpeg,"
CVS®,"Kirkland Signature Soft & Chewy Granola Bars, 0.85 oz, 64-count",$11.81,,,64 ct,[],Many in stock,"https://www.instacart.com/image-server/197x197/filters:fill(FFF,true):format(jpg)/d2lnr5mha7bycj.cloudfront.net/product-image/file/large_7191c6d0-9383-4068-aa9b-85b5419cb5f4.jpeg,"
CVS®,"Kellogg's Rice Krispies Treats, 0.78 oz, 60-count",$16.16,,,60 ct,[],,"https://www.instacart.com/image-server/197x197/filters:fill(FFF,true):format(jpg)/d2lnr5mha7bycj.cloudfront.net/product-image/file/large_9e4b187e-039c-4613-b619-dbba241dbd30.jpeg,"
CVS®,"Frito Lay Oven Baked Mix, Variety Pack, 30-count",$22.38,,,,['Gluten-Free'],Many in stock,"https://www.instacart.com/image-server/197x197/filters:fill(FFF,true):format(jpg)/d2lnr5mha7bycj.cloudfront.net/product-image/file/large_23b6affc-0c5e-4c73-a181-555d28a4c2d2.jpeg,"
CVS®,"Pure Organic Layered Fruit Bars, Variety Pack, 0.63 oz, 28-count",$16.16,,,"★★★★★
★★★★★
(12)",['Organic'],,"https://www.instacart.com/image-server/197x197/filters:fill(FFF,true):format(jpg)/d2lnr5mha7bycj.cloudfront.net/product-image/file/large_03f646f4-348e-4068-b18e-048843ff2163.jpeg,"
CVS®,"Welch’s Fruit Snacks, .8 oz, 90 count",$17.03,,,"★★★★★
★★★★★
(1.06K)",[],Many in stock,"https://www.instacart.com/image-server/197x197/filters:fill(FFF,true):format(jpg)/d2lnr5mha7bycj.cloudfront.net/product-image/file/large_4d056f44-fb5e-42e6-a70d-3e0f3181d0c9.jpeg,"
CVS®,"E&C's Heavenly Hunks Organic Oatmeal Dark Chocolate Cookies, 22 oz",$12.43,,,22 ct,"['Organic', 'Gluten-Free']",Many in stock,"https://www.instacart.com/image-server/197x197/filters:fill(FFF,true):format(jpg)/d2lnr5mha7bycj.cloudfront.net/product-image/file/large_bb551430-49b2-467e-b159-d401713fff20.jpeg,"
CVS®,"Kettle Cooked Sweet Potato Chips, 16 oz",$7.33,,,,"['Gluten-Free', 'Vegan']",Many in stock,"https://www.instacart.com/image-server/197x197/filters:fill(FFF,true):format(jpg)/d2lnr5mha7bycj.cloudfront.net/product-image/file/large_4a0fc4f2-75c2-45a4-9e81-14e402b019be.jpeg,"
CVS®,"Mott's Fruit Snacks, Assorted Fruit, 0.8 oz, 90-count",$14.92,,,"★★★★★
★★★★★
(2.14K)",['Gluten-Free'],Many in stock,"https://www.instacart.com/image-server/197x197/filters:fill(FFF,true):format(jpg)/d2lnr5mha7bycj.cloudfront.net/product-image/file/large_e0e09ac9-862d-4b3f-9e03-b2d77ff4fae7.jpeg,"
CVS®,Nabisco Ritz Original Crackers,$11.57,,,"★★★★★
★★★★★
(105)",[],Many in stock,"https://www.instacart.com/image-server/197x197/filters:fill(FFF,true):format(jpg)/d2lnr5mha7bycj.cloudfront.net/product-image/file/large_1840922b-098d-4b69-a28b-342aa5f85247.jpeg,"
CVS®,"PopCorners Popped Corn Snacks Variety Pack, 1 oz, 30-Count",$19.52,,,,[],Many in stock,"https://www.instacart.com/image-server/197x197/filters:fill(FFF,true):format(jpg)/d2lnr5mha7bycj.cloudfront.net/product-image/file/large_759c267c-5f67-4bcd-b9d9-492bc90313af.jpeg,"
CVS®,"Entenmann's Little Bites Blueberry Muffins, 20-count",$14.54,,,,[],Many in stock,"https://www.instacart.com/image-server/197x197/filters:fill(FFF,true):format(jpg)/d2lnr5mha7bycj.cloudfront.net/product-image/file/large_f5120e40-9b29-439a-a907-d4fc0d7f6b0e.jpeg,"
CVS®,"Snack Factory Organic Original Pretzel Crisps, 28 oz",$11.18,,,"★★★★★
★★★★★
(1.1K)","['Organic', 'Vegan']",Many in stock,"https://www.instacart.com/image-server/197x197/filters:fill(FFF,true):format(jpg)/d2lnr5mha7bycj.cloudfront.net/product-image/file/large_758baf40-ed05-4863-b782-49857a7a0a38.jpeg,"
CVS®,"Angie's BoomChickaPop, Sweet & Salty Kettle Corn, 25 oz",$7.45,,,"★★★★★
★★★★★
(220)","['Gluten-Free', 'Vegan']",Many in stock,"https://www.instacart.com/image-server/197x197/filters:fill(FFF,true):format(jpg)/d2lnr5mha7bycj.cloudfront.net/product-image/file/large_1fb8024b-dafc-4c37-9d64-e02da40b52de.jpeg,"
CVS®,Entenmann's Little Bites Chocolate Chip Muffins,$14.54,,,20 each,[],Many in stock,"https://www.instacart.com/image-server/197x197/filters:fill(FFF,true):format(jpg)/d2lnr5mha7bycj.cloudfront.net/product-image/file/large_03b0da9b-5d73-4b3e-b451-3c2c5a1d3f11.jpeg,"
CVS®,"Pepperidge Farm Goldfish Crackers, Cheddar, 1 oz, 45-count",$14.92,,,45 ct,[],,"https://www.instacart.com/image-server/197x197/filters:fill(FFF,true):format(jpg)/d2lnr5mha7bycj.cloudfront.net/product-image/file/large_3180fa8a-7928-41a0-84fd-18be438d6db5.jpeg,"
CVS®,"Kirkland Signature Microwave Popcorn, 3.3 oz, 44-count",$18.65,,,44 ct,['Gluten-Free'],Many in stock,"https://www.instacart.com/image-server/197x197/filters:fill(FFF,true):format(jpg)/d2lnr5mha7bycj.cloudfront.net/product-image/file/large_63380f5f-039c-4e5a-a246-dec2402506ec.jpeg,"
CVS®,"Skinny Pop Organic Popcorn, 14 oz",$8.70,,,,"['Organic', 'Gluten-Free']",Many in stock,"https://www.instacart.com/image-server/197x197/filters:fill(FFF,true):format(jpg)/d2lnr5mha7bycj.cloudfront.net/product-image/file/large_c1ffd9a6-0033-4d9c-8c66-4e6aa1b41b3b.jpeg,"
CVS®,"Greenridge Farm Beef Snack Stick, 36 oz",$18.65,,,,[],Many in stock,"https://www.instacart.com/image-server/197x197/filters:fill(FFF,true):format(jpg)/d2lnr5mha7bycj.cloudfront.net/product-image/file/large_e4b89a95-448a-4e84-a130-17cdc53be05e.jpeg,"
CVS®,"Skinny Pop Popcorn, 0.65 oz, 28-count",$19.52,,,28 ct,"['Gluten-Free', 'Vegan']",,"https://www.instacart.com/image-server/197x197/filters:fill(FFF,true):format(jpg)/d2lnr5mha7bycj.cloudfront.net/product-image/file/large_24f653b6-390a-44a2-9d38-041ba2fa85f4.jpeg,"
CVS®,"Cheez-It Crackers, Cheddar, 1.5 oz, 45-count",$18.40,,,"★★★★★
★★★★★
(824)",['Light Sodium'],Many in stock,"https://www.instacart.com/image-server/197x197/filters:fill(FFF,true):format(jpg)/d2lnr5mha7bycj.cloudfront.net/product-image/file/large_ffe96ec9-a93b-4f94-9ac5-00f20231940d.jpeg,"
CVS®,"Kirkland Signature Peanut Butter Filled Pretzel Nuggets, 55 oz",$12.43,,,,[],Many in stock,"https://www.instacart.com/image-server/197x197/filters:fill(FFF,true):format(jpg)/d2lnr5mha7bycj.cloudfront.net/product-image/file/large_ade8112b-9ca4-42dc-9256-fe6c5b7fb68a.jpeg,"
CVS®,"Kirkland Signature Tortilla Strips, 3 lbs",$7.45,,,,[],Many in stock,"https://www.instacart.com/image-server/197x197/filters:fill(FFF,true):format(jpg)/d2lnr5mha7bycj.cloudfront.net/product-image/file/large_6a9ce4de-55f6-4282-8ad4-8e38f519a86b.jpeg,"
CVS®,"Unreal Dark Chocolate Coconut Minis, 15.3 oz",$12.43,,,,"['Gluten-Free', 'Vegan']",Many in stock,"https://www.instacart.com/image-server/197x197/filters:fill(FFF,true):format(jpg)/d2lnr5mha7bycj.cloudfront.net/product-image/file/large_6d162026-e5b0-4846-b5e8-65c402bb08c2.jpeg,"
CVS®,"Doritos Nacho Cheese Chips, 30 oz",$8.70,,,"★★★★★
★★★★★
(6.32K)",[],Many in stock,"https://www.instacart.com/image-server/197x197/filters:fill(FFF,true):format(jpg)/d2lnr5mha7bycj.cloudfront.net/product-image/file/large_8a86d7b4-2bc0-4c8b-9bb6-e61dc2b3dc1f.jpeg,"
CVS®,"Munchies Cheese Fix Snack Mix, 38 oz",$11.93,,,,[],Many in stock,"https://www.instacart.com/image-server/197x197/filters:fill(FFF,true):format(jpg)/d2lnr5mha7bycj.cloudfront.net/product-image/file/large_c4238573-d920-4dd6-a4eb-4b20a14c141e.jpeg,"
CVS®,Simple Mills Fine Ground Sea Salt Almond Flour Crackers,$12.30,,,,"['Gluten-Free', 'Vegan']",Many in stock,"https://www.instacart.com/image-server/197x197/filters:fill(FFF,true):format(jpg)/d2lnr5mha7bycj.cloudfront.net/product-image/file/large_01744fac-779e-423a-b8e3-93916e8d1328.jpeg,"
CVS®,"Country Archer Mango Habanero Beef Jerky, 16 oz",$21.16,,,"★★★★★
★★★★★
(178)","['Gluten-Free', 'Grass-Fed']",Many in stock,"https://www.instacart.com/image-server/197x197/filters:fill(FFF,true):format(jpg)/d2lnr5mha7bycj.cloudfront.net/product-image/file/large_39a85b51-d259-4daa-b31b-9c444c00e870.jpeg,"
CVS®,"Stacy's Organic Simply Naked Pita Chips, 28 oz",$9.94,,,,['Organic'],Many in stock,"https://www.instacart.com/image-server/197x197/filters:fill(FFF,true):format(jpg)/d2lnr5mha7bycj.cloudfront.net/product-image/file/large_49c41955-b7fc-4952-ac0b-f7bd478581cb.jpeg,"
CVS®,"Undercover Chocolate Dark Chocolate Quinoa Crisps, 15.3 oz",$11.18,,,,[],Many in stock,"https://www.instacart.com/image-server/197x197/filters:fill(FFF,true):format(jpg)/d2lnr5mha7bycj.cloudfront.net/product-image/file/large_2042391c-e25d-417c-bf5c-9449b14714a2.jpeg,"
CVS®,Universal Bakery Organic Aussie Bites,$13.67,,,,['Organic'],Many in stock,"https://www.instacart.com/image-server/197x197/filters:fill(FFF,true):format(jpg)/d2lnr5mha7bycj.cloudfront.net/product-image/file/large_8782f3c4-bcea-4b1b-87ec-807c756304d9.jpeg,"
CVS®,"BelVita Breakfast Biscuit, Cinnamon Brown Sugar, 1.76 oz, 30-count",$18.52,,,30 ct,[],,"https://www.instacart.com/image-server/197x197/filters:fill(FFF,true):format(jpg)/d2lnr5mha7bycj.cloudfront.net/product-image/file/large_e4309b8a-7f41-4ffc-86c9-73963cf28666.jpeg,"
CVS®,"Jack Link's Big Beef Jerky Stick, Original, 0.92 oz, 20-count",$17.40,,,,[],Many in stock,"https://www.instacart.com/image-server/197x197/filters:fill(FFF,true):format(jpg)/d2lnr5mha7bycj.cloudfront.net/product-image/file/large_b878d469-2274-48a1-b384-1b2be5ef5f16.jpeg,"
CVS®,"Kirkland Signature Mini Chocolate Chip Cookies, 1 oz, 30-count",$13.67,,,30 ct,[],Many in stock,"https://www.instacart.com/image-server/197x197/filters:fill(FFF,true):format(jpg)/d2lnr5mha7bycj.cloudfront.net/product-image/file/large_bca516e9-369f-4abb-a12e-e10d9598d7da.jpeg,"
CVS®,"Pringles Grab & Go Potato Crisps, Variety, 36-count",$24.87,,,36 ct,[],,"https://www.instacart.com/image-server/197x197/filters:fill(FFF,true):format(jpg)/d2lnr5mha7bycj.cloudfront.net/product-image/file/large_47761554-b61b-4d73-81a2-b4f7d4653dbb.jpeg,"
CVS®,"You Need This Plant-Based Churro Puffs, Cinnamon, 17 oz",$4.96,,,,[],Many in stock,"https://www.instacart.com/image-server/197x197/filters:fill(FFF,true):format(jpg)/d2lnr5mha7bycj.cloudfront.net/product-image/file/large_f2ce1427-ff66-4199-a430-0ffd1bbfc08c.jpeg,"
CVS®,"Cheetos Cheese Flavored Snacks, Crunchy, 28.8 oz",$8.70,,,"★★★★★
★★★★★
(1.66K)",['Gluten-Free'],Many in stock,"https://www.instacart.com/image-server/197x197/filters:fill(FFF,true):format(jpg)/d2lnr5mha7bycj.cloudfront.net/product-image/file/large_3eef5e89-236a-41a5-8553-3e730044b3d6.jpeg,"
CVS®,"Ruffles Potato Chips, Original, 28 oz",$9.82,,,,"['Gluten-Free', 'Vegan']",Many in stock,"https://www.instacart.com/image-server/197x197/filters:fill(FFF,true):format(jpg)/d2lnr5mha7bycj.cloudfront.net/product-image/file/large_61e3e9b5-a7db-4c1e-b51e-ed3926a434cf.jpeg,"
CVS®,"Kellog's Cracker Collection, Variety Pack, 13 Stacks",$16.04,,,4 ct,[],Many in stock,"https://www.instacart.com/image-server/197x197/filters:fill(FFF,true):format(jpg)/d2lnr5mha7bycj.cloudfront.net/product-image/file/large_c9720c83-4312-45fc-9512-4196e0e7ce35.jpeg,"
CVS®,"Kellogg's Club Crackers, Original, 13.7 oz, 4 Count",$11.18,,,4 ct,[],,"https://www.instacart.com/image-server/197x197/filters:fill(FFF,true):format(jpg)/d2lnr5mha7bycj.cloudfront.net/product-image/file/large_d6bf59bd-fe99-4d0f-bc27-d327a2a8f993.jpeg,"
CVS®,"Organic English Cucumbers, Greenhouse Grown, 3-count",$7.45,,,,"['Organic', 'Non-GMO']",Many in stock,"https://www.instacart.com/image-server/197x197/filters:fill(FFF,true):format(jpg)/d2lnr5mha7bycj.cloudfront.net/product-image/file/large_a65fc013-8bb8-493f-a092-fe5b502f79c3.jpeg,"
CVS®,"Mixed Bell Peppers, 6-count",$7.33,,,6 ct,[],Many in stock,"https://www.instacart.com/image-server/197x197/filters:fill(FFF,true):format(jpg)/d2lnr5mha7bycj.cloudfront.net/product-image/file/large_99f05da7-1610-415c-8a57-931bce3649bf.jpeg,"
CVS®,"Cocktail Cucumber, Greenhouse Grown, 1.5 lbs",$7.45,,,,[],Many in stock,"https://www.instacart.com/image-server/197x197/filters:fill(FFF,true):format(jpg)/d2lnr5mha7bycj.cloudfront.net/product-image/file/large_252308da-ded8-4b3f-a251-53d87b471e7e.jpeg,"
CVS®,"Organic Peeled Carrots, 2 lbs, 2-count",$6.83,,,2 ct,"['Non-GMO', 'Organic']",Many in stock,"https://www.instacart.com/image-server/197x197/filters:fill(FFF,true):format(jpg)/d2lnr5mha7bycj.cloudfront.net/product-image/file/large_bfd4bed1-8de0-42dd-b9c2-c8d3be92852d.jpeg,"
CVS®,"Grape Tomatoes, 2 lbs",$7.08,,,,[],Many in stock,"https://www.instacart.com/image-server/197x197/filters:fill(FFF,true):format(jpg)/d2lnr5mha7bycj.cloudfront.net/product-image/file/large_943ea196-3c1b-4a07-8c44-5773f42c9c31.jpeg,"
CVS®,"Super Sweet Corn, 8-count",$7.45,,,,[],Many in stock,"https://www.instacart.com/image-server/197x197/filters:fill(FFF,true):format(jpg)/d2lnr5mha7bycj.cloudfront.net/product-image/file/large_955dbbc8-d857-48a9-ba80-6e585c0aacec.jpeg,"
CVS®,"Gold Potatoes, 10 lbs",$6.21,,,,[],Many in stock,"https://www.instacart.com/image-server/197x197/filters:fill(FFF,true):format(jpg)/d2lnr5mha7bycj.cloudfront.net/product-image/file/large_ec93887a-a47b-4311-aee5-ef1d5b0b28b7.jpeg,"
CVS®,"Organic Spring Mix, 1 lb",$5.34,,,,"['Organic', 'Non-GMO']",Many in stock,"https://www.instacart.com/image-server/197x197/filters:fill(FFF,true):format(jpg)/d2lnr5mha7bycj.cloudfront.net/product-image/file/large_38257820-1d5c-45bd-b327-78b3c6e00165.jpeg,"
CVS®,"Organic Crimini Mushrooms, 24 oz",$7.45,,,24 oz,"['In season', 'Organic']",Many in stock,"https://www.instacart.com/image-server/197x197/filters:fill(FFF,true):format(jpg)/d2lnr5mha7bycj.cloudfront.net/product-image/file/large_651374de-7cf7-4c51-98f4-46c32fa4814a.jpeg,"
CVS®,"Tomatoes on the Vine, Greenhouse Grown, 4 lbs",$8.57,,,,[],Many in stock,"https://www.instacart.com/image-server/197x197/filters:fill(FFF,true):format(jpg)/d2lnr5mha7bycj.cloudfront.net/product-image/file/large_7c7a9cb4-9442-4114-8e50-18e07450a07e.jpeg,"
CVS®,"Organic Celery Sticks, 2.5 lbs",$7.45,,,,"['Organic', 'Non-GMO']",Many in stock,"https://www.instacart.com/image-server/197x197/filters:fill(FFF,true):format(jpg)/d2lnr5mha7bycj.cloudfront.net/product-image/file/large_02a446cf-8b17-49af-ae11-f7db4fbf1d86.jpeg,"
CVS®,"Organic Broccoli Florets, 2 lbs",$7.45,,,,['Organic'],Many in stock,"https://www.instacart.com/image-server/197x197/filters:fill(FFF,true):format(jpg)/d2lnr5mha7bycj.cloudfront.net/product-image/file/large_4d84a794-f39b-4bd2-9959-57a2d56902e8.jpeg,"
CVS®,"Artisan Romaine Hearts, 5-count",$6.83,,,,[],Many in stock,"https://www.instacart.com/image-server/197x197/filters:fill(FFF,true):format(jpg)/d2lnr5mha7bycj.cloudfront.net/product-image/file/large_c3ed4964-ee85-4908-a454-e234d0eaedeb.jpeg,"
CVS®,"Mini Peppers, 1.5 lbs",$5.59,,,,[],Many in stock,"https://www.instacart.com/image-server/197x197/filters:fill(FFF,true):format(jpg)/d2lnr5mha7bycj.cloudfront.net/product-image/file/large_308d96db-f596-4984-82b1-0ea18b45c79d.jpeg,"
CVS®,"Romaine Hearts, 6-count",$6.83,,,2 each,[],Many in stock,"https://www.instacart.com/image-server/197x197/filters:fill(FFF,true):format(jpg)/d2lnr5mha7bycj.cloudfront.net/product-image/file/large_7b4df74a-41c8-4afc-a428-bbc6777fa2b9.jpeg,"
CVS®,"Gourmet Tomato Medley, Greenhouse Grown, 2 lbs",$8.20,,,,[],Many in stock,"https://www.instacart.com/image-server/197x197/filters:fill(FFF,true):format(jpg)/d2lnr5mha7bycj.cloudfront.net/product-image/file/large_5e1c7a51-94c2-462e-9d27-264467bc554f.jpeg,"
CVS®,"Baking Potatoes, 10 lbs",$5.83,,,,[],Many in stock,"https://www.instacart.com/image-server/197x197/filters:fill(FFF,true):format(jpg)/d2lnr5mha7bycj.cloudfront.net/product-image/file/large_5c6041c7-aa27-4a16-8329-f719afc4a1f8.jpeg,"
CVS®,"Gourmet Creamer Potato, 5 lbs",$8.07,,,,[],Many in stock,"https://www.instacart.com/image-server/197x197/filters:fill(FFF,true):format(jpg)/d2lnr5mha7bycj.cloudfront.net/product-image/file/large_6c67c487-b925-475b-9ec4-676cf6845316.jpeg,"
CVS®,"Organic Green Beans, 2 lbs",$7.45,,,,"['Organic', 'Non-GMO']",Many in stock,"https://www.instacart.com/image-server/197x197/filters:fill(FFF,true):format(jpg)/d2lnr5mha7bycj.cloudfront.net/product-image/file/large_f604e43d-cb08-4d39-b825-66c5af41892f.jpeg,"
CVS®,"Organic Carrots, 6 lbs",$5.83,,,,"['Non-GMO', 'Organic']",Many in stock,"https://www.instacart.com/image-server/197x197/filters:fill(FFF,true):format(jpg)/d2lnr5mha7bycj.cloudfront.net/product-image/file/large_d44abd38-c83b-4924-860e-3202452bcb20.jpeg,"
CVS®,"Organic White Mushrooms, 24 oz",$6.21,,,,"['In season', 'Organic']",Many in stock,"https://www.instacart.com/image-server/197x197/filters:fill(FFF,true):format(jpg)/d2lnr5mha7bycj.cloudfront.net/product-image/file/large_876ebd75-3b8f-4dd5-b43d-e218c4ac309d.jpeg,"
CVS®,"Yellow Jumbo Onions, 10 lbs",$10.31,,,,[],Many in stock,"https://www.instacart.com/image-server/197x197/filters:fill(FFF,true):format(jpg)/d2lnr5mha7bycj.cloudfront.net/product-image/file/large_4f1eee5d-b0ae-44d2-bd1e-11d715ce1344.jpeg,"
CVS®,"Asparagus, 2.25 lbs",$7.45,,,,['In season'],Many in stock,"https://www.instacart.com/image-server/197x197/filters:fill(FFF,true):format(jpg)/d2lnr5mha7bycj.cloudfront.net/product-image/file/large_bc2cd48d-1a6b-4fdb-8aa6-f8127262d7ec.jpeg,"
CVS®,"Eat Smart Sweet Kale Chopped Salad Kit, 14 oz, 2-count",$8.70,,,,[],Many in stock,"https://www.instacart.com/image-server/197x197/filters:fill(FFF,true):format(jpg)/d2lnr5mha7bycj.cloudfront.net/product-image/file/large_aa0fb81c-637c-4475-a44d-00321cc94834.jpeg,"
CVS®,"Colossal Garlic, 2 lbs",$7.08,,,,[],Many in stock,"https://www.instacart.com/image-server/197x197/filters:fill(FFF,true):format(jpg)/d2lnr5mha7bycj.cloudfront.net/product-image/file/large_2196f25a-fee4-4691-9926-5dd467825b9b.jpeg,"
CVS®,"Sweet Potatoes, 6.5 lbs",$6.21,,,,[],Many in stock,"https://www.instacart.com/image-server/197x197/filters:fill(FFF,true):format(jpg)/d2lnr5mha7bycj.cloudfront.net/product-image/file/large_c25cd607-e9f6-42cc-8395-0c37977b2ca0.jpeg,"
CVS®,"Campari Tomatoes, 2 lbs",$6.08,,,,[],Many in stock,"https://www.instacart.com/image-server/197x197/filters:fill(FFF,true):format(jpg)/d2lnr5mha7bycj.cloudfront.net/product-image/file/large_cb93598d-4fb8-47fb-9744-93444ca14565.jpeg,"
CVS®,"Organic Squash, 3.5 lbs",$11.18,,,,"['Organic', 'Non-GMO']",Many in stock,"https://www.instacart.com/image-server/197x197/filters:fill(FFF,true):format(jpg)/d2lnr5mha7bycj.cloudfront.net/product-image/file/large_2862423e-b7a4-47e7-90fe-5dbf526b39bb.jpeg,"
CVS®,"Sweet Onions, 5 lbs",$6.21,,,,[],Many in stock,"https://www.instacart.com/image-server/197x197/filters:fill(FFF,true):format(jpg)/d2lnr5mha7bycj.cloudfront.net/product-image/file/large_19093efe-8e36-46cc-8758-924800cd28da.jpeg,"
CVS®,"Organic Power Greens, 1.5 lbs",$8.70,,,,"['Organic', 'Non-GMO']",Many in stock,"https://www.instacart.com/image-server/197x197/filters:fill(FFF,true):format(jpg)/d2lnr5mha7bycj.cloudfront.net/product-image/file/large_7d61aec1-8119-4dff-b8a7-f1e1f11ec52b.jpeg,"
CVS®,"Small Red Potatoes, 10 lbs",$4.96,,,,[],Many in stock,"https://www.instacart.com/image-server/197x197/filters:fill(FFF,true):format(jpg)/d2lnr5mha7bycj.cloudfront.net/product-image/file/large_fd420ca9-36ef-46db-8975-5678a40249f1.jpeg,"
CVS®,"Southwest Sweet onions, 5 lbs",$6.21,,,,[],Many in stock,"https://www.instacart.com/image-server/197x197/filters:fill(FFF,true):format(jpg)/d2lnr5mha7bycj.cloudfront.net/product-image/file/large_57046b54-6702-4ad9-8e1b-41194840277f.jpeg,"
CVS®,"Polar Foods Organic Black Garlic, 20 oz",$21.14,,,,"['Organic', 'Non-GMO']",Many in stock,"https://www.instacart.com/image-server/197x197/filters:fill(FFF,true):format(jpg)/d2lnr5mha7bycj.cloudfront.net/product-image/file/large_5eb39b4a-7f20-4c3a-ac6e-7e49f99e1d20.jpeg,"
CVS®,"Vegetable Tri-Pack, 14 oz, 3-count",$12.43,,,,[],Many in stock,"https://www.instacart.com/image-server/197x197/filters:fill(FFF,true):format(jpg)/d2lnr5mha7bycj.cloudfront.net/product-image/file/large_513d48fd-928f-4152-b0a7-c3bb5c839ac8.jpeg,"
CVS®,"Festival Sliced Organic Mushrooms, 4 oz, 12-count",$16.16,,,12 ct,"['In season', 'Organic']",Many in stock,"https://www.instacart.com/image-server/197x197/filters:fill(FFF,true):format(jpg)/d2lnr5mha7bycj.cloudfront.net/product-image/file/large_7c39e9c1-c5d8-4d23-be6a-3edc0e5af49a.jpeg,"
CVS®,"Cherry on the Vine Tomatoes, 1.5 lbs",$9.57,,,,[],Many in stock,"https://www.instacart.com/image-server/197x197/filters:fill(FFF,true):format(jpg)/d2lnr5mha7bycj.cloudfront.net/product-image/file/large_dd11138b-dd12-461d-baa8-5dd4812ce33d.jpeg,"
CVS®,"Organic Specialty Mushroom Blend, 16 oz",$13.67,,,,['Organic'],Many in stock,"https://www.instacart.com/image-server/197x197/filters:fill(FFF,true):format(jpg)/d2lnr5mha7bycj.cloudfront.net/product-image/file/large_a7f3d407-0c68-47f0-a364-046b2c0c8c79.jpeg,"
CVS®,"Organic Brussels Sprouts, 2 lbs",$8.07,,,,"['Organic', 'Non-GMO']",Likely out of stock,"https://www.instacart.com/image-server/197x197/filters:fill(FFF,true):format(jpg)/d2lnr5mha7bycj.cloudfront.net/product-image/file/large_7082863d-39ee-4aab-acad-6d254c97337d.jpeg,"
CVS®,"Downy Unstopables In-Wash Scent Booster Beads, Fresh, 34 oz",$22.26,,,"★★★★★
★★★★★
(432)",[],Many in stock,"https://www.instacart.com/image-server/197x197/filters:fill(FFF,true):format(jpg)/d2lnr5mha7bycj.cloudfront.net/product-image/file/large_e9c5cfb1-b208-428a-9c33-539cbca21540.jpeg,"
CVS®,"Kirkland Signature Organic A2 Whole Milk, Half Gallon, 3-count",$17.03,,,3 ct,['Organic'],Many in stock,"https://www.instacart.com/image-server/197x197/filters:fill(FFF,true):format(jpg)/d2lnr5mha7bycj.cloudfront.net/product-image/file/large_bb186f98-c738-43dc-a8da-2453549fec36.jpeg,"
CVS®,"Dixie Ultra Ultra Paper Plate, ""10 1/16"", 186 ct",$24.74,,,"★★★★★
★★★★★
(898)",[],Many in stock,"https://www.instacart.com/image-server/197x197/filters:fill(FFF,true):format(jpg)/d2lnr5mha7bycj.cloudfront.net/product-image/file/large_3896998a-a075-4ac1-8a34-4fa7f0350c6d.jpeg,"
CVS®,"Orgain Plant-Based Protein Shake Chocolate 11 fl oz, 18-pack",$36.06,,,18 ct,[],Many in stock,"https://www.instacart.com/image-server/197x197/filters:fill(FFF,true):format(jpg)/d2lnr5mha7bycj.cloudfront.net/product-image/file/large_6bceee17-1db7-486b-9887-97955ee76e1f.jpeg,"
CVS®,"Kirkland Signature Colombian Cold Brew Coffee, 11 fl oz, 12-count",$19.27,,,11 fl oz,[],Many in stock,"https://www.instacart.com/image-server/197x197/filters:fill(FFF,true):format(jpg)/d2lnr5mha7bycj.cloudfront.net/product-image/file/large_68028274-3c66-48e4-9417-8c1a45da34a7.jpeg,"
CVS®,"Kirkland Signature Breakfast Sandwich, 4.82 oz, 8-count",$19.89,,,,[],Many in stock,"https://www.instacart.com/image-server/197x197/filters:fill(FFF,true):format(jpg)/d2lnr5mha7bycj.cloudfront.net/product-image/file/large_361efab1-86bd-46cf-afe3-8cd530d6f291.jpeg,"
CVS®,Premium Floral Bouquet,$21.14,,,1 each,[],Many in stock,"https://www.instacart.com/image-server/197x197/filters:fill(FFF,true):format(jpg)/d2lnr5mha7bycj.cloudfront.net/product-image/file/large_afb23777-3ffa-40d4-9d99-95bd6f26fc3b.jpeg,"
CVS®,"2 Dozen Premium Roses Rainforest Alliance Certified, Assorted Colors",$23.62,,,,[],Many in stock,"https://www.instacart.com/image-server/197x197/filters:fill(FFF,true):format(jpg)/d2lnr5mha7bycj.cloudfront.net/product-image/file/large_0ef6526f-a3a2-4c9b-81fb-389ccc37700a.jpeg,"
CVS®,Kirkland Signature Salmon Milano with Basil Pesto Butter,$36.02,each (est.),$17.40 / lb,About 2.07 lb each,[],,"https://www.instacart.com/image-server/197x197/filters:fill(FFF,true):format(jpg)/d2lnr5mha7bycj.cloudfront.net/product-image/file/large_e0b5612b-44d1-42cd-a176-8347c2a92746.jpeg,"
CVS®,"Starbucks Sous Vide Egg Bites, Egg White and Roasted Red Pepper, 10-count",$18.40,,,,[],Many in stock,"https://www.instacart.com/image-server/197x197/filters:fill(FFF,true):format(jpg)/d2lnr5mha7bycj.cloudfront.net/product-image/file/large_836c9a18-2881-4fde-976a-0046968570f0.jpeg,"
CVS®,"Chinet Classic Lunch 8-3/4"" Paper Plate, 225-count",$23.50,,,"★★★★★
★★★★★
(1.28K)",[],Many in stock,"https://www.instacart.com/image-server/197x197/filters:fill(FFF,true):format(jpg)/d2lnr5mha7bycj.cloudfront.net/product-image/file/large_d5b3635e-33e6-4c33-b296-e037cf8e5246.jpeg,"
CVS®,"Kirkland Signature Extra-Large Absorbent Pads, 30 in L X 23 in W, 100-count",$21.76,,,,[],Many in stock,"https://www.instacart.com/image-server/197x197/filters:fill(FFF,true):format(jpg)/d2lnr5mha7bycj.cloudfront.net/product-image/file/large_eae721f7-cfc5-4652-a1c2-d2c96d50a0dc.jpeg,"
CVS®,"Kirkland Signature Prosecco DOCG, Italy, 750 ml",$10.09,,,750 ml,['Light-Bodied'],Many in stock,"https://www.instacart.com/image-server/197x197/filters:fill(FFF,true):format(jpg)/d2lnr5mha7bycj.cloudfront.net/product-image/file/large_2c4cfc0e-2571-4ee1-a217-56f324cc90fb.jpeg,"
CVS®,"Chinet Classic Dinner 10-3/8"" Paper Plate, 165-count",$26.98,,,"★★★★★
★★★★★
(1.29K)",[],Many in stock,"https://www.instacart.com/image-server/197x197/filters:fill(FFF,true):format(jpg)/d2lnr5mha7bycj.cloudfront.net/product-image/file/large_00c7ea23-a9d7-4e89-a671-c81cd1c15e01.jpeg,"
CVS®,"Sabatasso's Four Cheese Pizza, 3-pack",$21.01,,,,['Gluten-Free'],Many in stock,"https://www.instacart.com/image-server/197x197/filters:fill(FFF,true):format(jpg)/d2lnr5mha7bycj.cloudfront.net/product-image/file/large_2097f16b-e8d5-4ee6-b3ad-59217378840a.jpeg,"
CVS®,"Scott Bath Tissue, 1-Ply, 1100 Sheets, 36 Rolls",$33.08,,,36 ct,[],Many in stock,"https://www.instacart.com/image-server/197x197/filters:fill(FFF,true):format(jpg)/d2lnr5mha7bycj.cloudfront.net/product-image/file/large_45cf2d05-595c-421e-8564-343bd7f4700c.jpeg,"
CVS®,"Pepsi, 12 fl oz, 36-count",$18.65,,,"★★★★★
★★★★★
(45)",[],Many in stock,"https://www.instacart.com/image-server/197x197/filters:fill(FFF,true):format(jpg)/d2lnr5mha7bycj.cloudfront.net/product-image/file/large_694a5471-19eb-422d-a90e-865729743254.jpeg,"
CVS®,"Kirkland Signature Hard Seltzer Variety, 12 fl oz, 24-count",$32.49,,,"12 fl oz, oz",['Gluten-Free'],Many in stock,"https://www.instacart.com/image-server/197x197/filters:fill(FFF,true):format(jpg)/d2lnr5mha7bycj.cloudfront.net/product-image/file/large_5b0563a4-fd2a-4051-be6b-52071bfa7be9.jpeg,"
CVS®,"Arm & Hammer Plus OxiClean Max HE Liquid Laundry Detergent, Fresh, 200 Loads, 200 fl oz",$18.52,,,,[],Many in stock,"https://www.instacart.com/image-server/197x197/filters:fill(FFF,true):format(jpg)/d2lnr5mha7bycj.cloudfront.net/product-image/file/large_ddb05e19-e945-43cc-b6fa-d79abf3bcf27.jpeg,"
CVS®,"Kirkland Signature Diapers, Size 6, 132 Count",$55.97,,,,['Size 6'],Many in stock,"https://www.instacart.com/image-server/197x197/filters:fill(FFF,true):format(jpg)/d2lnr5mha7bycj.cloudfront.net/product-image/file/large_0eea8bbe-cfb5-4000-9edb-854931b5be1d.jpeg,"
CVS®,"Pepsi-Cola Diet Pepsi, 12 fl oz, 36-count",$18.65,,,36 ct,"['Zero Calories', 'Zero Sugar']",Many in stock,"https://www.instacart.com/image-server/197x197/filters:fill(FFF,true):format(jpg)/d2lnr5mha7bycj.cloudfront.net/product-image/file/large_59f03e74-82a0-4012-b0f6-d2b5f695e973.jpeg,"
CVS®,"Canyon Bakehouse Gluten-Free 100% Whole Grain Bread, 32 oz",$12.18,,,,['Gluten-Free'],Many in stock,"https://www.instacart.com/image-server/197x197/filters:fill(FFF,true):format(jpg)/d2lnr5mha7bycj.cloudfront.net/product-image/file/large_f78b8b65-2b45-42f6-82c2-45dfdd4d958b.jpeg,"
CVS®,"Premier 30g Protein PLUS Energy and Immune Support Shakes, Chocolate, 11 fl oz, 18-pack",$36.09,,,18 ct,[],,"https://www.instacart.com/image-server/197x197/filters:fill(FFF,true):format(jpg)/d2lnr5mha7bycj.cloudfront.net/product-image/file/large_a1cbd9d9-bcf0-42c6-8042-dd70c4936c90.jpeg,"
CVS®,"Kirkland Signature Nature's Domain Salmon & Sweet Potato Formula Dog Food, 35 lbs",$48.50,,,,[],Many in stock,"https://www.instacart.com/image-server/197x197/filters:fill(FFF,true):format(jpg)/d2lnr5mha7bycj.cloudfront.net/product-image/file/large_8cd45dc2-bbdf-41cd-97df-01cf7def6cef.jpeg,"
CVS®,"Milton's Cauliflower Crust Pizza, Roasted Vegetable, 35.6 oz, 2-count",$17.28,,,,['Gluten-Free'],Many in stock,"https://www.instacart.com/image-server/197x197/filters:fill(FFF,true):format(jpg)/d2lnr5mha7bycj.cloudfront.net/product-image/file/large_25981c56-88db-42f5-aed8-071377c0b7dc.jpeg,"
CVS®,"Huggies Pull-Ups Plus Training Pants For Girls', 4T-5T",$52.24,,,"★★★★★
★★★★★
(2.75K)",[],Many in stock,"https://www.instacart.com/image-server/197x197/filters:fill(FFF,true):format(jpg)/d2lnr5mha7bycj.cloudfront.net/product-image/file/large_e3d87ea1-4695-4d77-bef0-50ad61e2abb9.jpeg,"
CVS®,"Kirkland Signature Nitrile Exam Gloves, 400-count , Size Medium",$23.62,,,2 ct,[],Many in stock,"https://www.instacart.com/image-server/197x197/filters:fill(FFF,true):format(jpg)/d2lnr5mha7bycj.cloudfront.net/product-image/file/large_009a4092-c180-4aef-ba19-7a5c4377a11d.jpeg,"
CVS®,"Kirkland Signature Alkaline Water, 1 L, 18-count",$12.30,,,18 ct,[],Many in stock,"https://www.instacart.com/image-server/197x197/filters:fill(FFF,true):format(jpg)/d2lnr5mha7bycj.cloudfront.net/product-image/file/large_73b8b681-9bdf-4e09-8a5f-add24f5f26b2.jpeg,"
CVS®,"El Monterey Mexican Grill Taquitos, Chicken & Cheese, 30-count",$17.40,,,,[],Many in stock,"https://www.instacart.com/image-server/197x197/filters:fill(FFF,true):format(jpg)/d2lnr5mha7bycj.cloudfront.net/product-image/file/large_0295c6cc-c352-4b87-bc73-f01f1ee591f3.jpeg,"
CVS®,"Muscle Milk Genuine Protein Shake Chocolate, 11 fl oz, 18-pack",$31.09,,,,[],Many in stock,"https://www.instacart.com/image-server/197x197/filters:fill(FFF,true):format(jpg)/d2lnr5mha7bycj.cloudfront.net/product-image/file/large_f8b0029f-3189-468c-85e6-ae822760efc5.jpeg,"
CVS®,"Naked 100% Juice Smoothie Blend, Variety, 10 fl oz, 12-count",$21.14,,,12 ct,[],Many in stock,"https://www.instacart.com/image-server/197x197/filters:fill(FFF,true):format(jpg)/d2lnr5mha7bycj.cloudfront.net/product-image/file/large_e62d9cd3-c190-42e7-9c0d-ae4b37496089.jpeg,"
CVS®,"Starbucks Frappuccino, Mocha Chilled Coffee, 9.5 fl oz, 15-count",$27.23,,,15 ct,[],Many in stock,"https://www.instacart.com/image-server/197x197/filters:fill(FFF,true):format(jpg)/d2lnr5mha7bycj.cloudfront.net/product-image/file/large_66467280-f1c4-4573-a9cb-3beecccd6071.jpeg,"
CVS®,Kirkland Signature Mac and Cheese,$16.28,/pkg (est.),$4.34 / lb,About 3.75 lb / package,[],,"https://www.instacart.com/image-server/197x197/filters:fill(FFF,true):format(jpg)/d2lnr5mha7bycj.cloudfront.net/product-image/file/large_35016175-483e-4f2c-8164-4d66b48f2815.jpeg,"
CVS®,"Kirkland Signature Cheese, Fruit & Nut Snack Packs, Variety, 1.5 oz, 16-count",$14.92,,,16 ct,[],Many in stock,"https://www.instacart.com/image-server/197x197/filters:fill(FFF,true):format(jpg)/d2lnr5mha7bycj.cloudfront.net/product-image/file/large_5b19b8eb-4445-4d15-8759-c532659f8657.jpeg,"
CVS®,"Panera Broccoli Cheddar Soup, 24 oz, 2-count",$12.43,,,,[],Many in stock,"https://www.instacart.com/image-server/197x197/filters:fill(FFF,true):format(jpg)/d2lnr5mha7bycj.cloudfront.net/product-image/file/large_a5f81549-9e0c-4d89-b392-c96f56c9200e.jpeg,"
CVS®,"Vegetable Tray with Ranch Dip, 4 lbs",$14.92,,,,[],Many in stock,"https://www.instacart.com/image-server/197x197/filters:fill(FFF,true):format(jpg)/d2lnr5mha7bycj.cloudfront.net/product-image/file/large_c3318119-4394-44e1-8773-af46d5e8187f.jpeg,"
CVS®,Kirkland Signature Stuffed Bell Peppers with Ground Beef & Rice,$23.47,/pkg (est.),$6.21 / lb,About 3.78 lb / package,[],,"https://www.instacart.com/image-server/197x197/filters:fill(FFF,true):format(jpg)/d2lnr5mha7bycj.cloudfront.net/product-image/file/large_8b60e5a2-cc01-4c29-b936-8ca680a29175.jpeg,"
CVS®,Kirkland Signature Meatloaf with Yukon Gold Mashed Potatoes,$20.63,/pkg (est.),$4.96 / lb,About 4.16 lb / package,[],,"https://www.instacart.com/image-server/197x197/filters:fill(FFF,true):format(jpg)/d2lnr5mha7bycj.cloudfront.net/product-image/file/large_78733a0b-b3f3-4a19-a1bc-d3ea5825ac0d.jpeg,"
CVS®,"Kevin's Chicken Queso Soup with Hatch Chiles, 24 oz, 2-count",$14.92,,,,[],,"https://www.instacart.com/image-server/197x197/filters:fill(FFF,true):format(jpg)/d2lnr5mha7bycj.cloudfront.net/product-image/file/large_5eb4112b-0483-4b47-8f17-b65489e33d6c.jpeg,"
CVS®,Kirkland Signature Caesar Salad with Caesar Dressing & Croutons,$10.79,/pkg (est.),$5.59 / lb,About 1.93 lb / package,[],,"https://www.instacart.com/image-server/197x197/filters:fill(FFF,true):format(jpg)/d2lnr5mha7bycj.cloudfront.net/product-image/file/large_10c68e97-32cd-4156-a2e3-07efa3672ba6.jpeg,"
CVS®,Kirkland Signature Chicken Alfredo with Penne Pasta,$22.86,/pkg (est.),$5.59 / lb,About 4.09 lb / package,[],,"https://www.instacart.com/image-server/197x197/filters:fill(FFF,true):format(jpg)/d2lnr5mha7bycj.cloudfront.net/product-image/file/large_7faec6c5-2d73-4f65-8c43-a8d28d26d8de.jpeg,"
CVS®,"Lily's Toaster Grills Grilled Cheese, 8-count",$12.43,,,8 ct,[],Many in stock,"https://www.instacart.com/image-server/197x197/filters:fill(FFF,true):format(jpg)/d2lnr5mha7bycj.cloudfront.net/product-image/file/large_864852d0-defe-40fe-9966-81a559191deb.jpeg,"
CVS®,"Organic Caesar Salad Kit, 24 oz",$11.18,,,,[],,"https://www.instacart.com/image-server/197x197/filters:fill(FFF,true):format(jpg)/d2lnr5mha7bycj.cloudfront.net/product-image/file/large_8e75a3b2-843f-40e6-ad1b-99fc8f59af83.jpeg,"
CVS®,"Kirkland Signature Roasted Chicken & Swiss Roller Tray, 12-count",$17.23,/pkg (est.),$8.70 / lb,About 1.98 lb / package,[],,"https://www.instacart.com/image-server/197x197/filters:fill(FFF,true):format(jpg)/d2lnr5mha7bycj.cloudfront.net/product-image/file/large_97a3026f-5270-460e-90bd-920089f8d7cd.jpeg,"
CVS®,"Green Goddess Salad Kit, 2-count",$9.94,,,,[],Many in stock,"https://www.instacart.com/image-server/197x197/filters:fill(FFF,true):format(jpg)/d2lnr5mha7bycj.cloudfront.net/product-image/file/large_bf00876c-1530-4682-87c3-0530c1232a3f.jpeg,"
CVS®,"Kirkland Signature Chicken Pot Pie, All White Meat, Ready To Bake",$28.62,/pkg (est.),$4.96 / lb,About 5.77 lb / package,[],,"https://www.instacart.com/image-server/197x197/filters:fill(FFF,true):format(jpg)/d2lnr5mha7bycj.cloudfront.net/product-image/file/large_bd819f6e-b44d-439e-80aa-4a4effc5cbc7.jpeg,"
CVS®,"Kirkland Signature Five Cheese Tortelloni, 24 oz, 2-count",$13.67,,,2 ct,[],Many in stock,"https://www.instacart.com/image-server/197x197/filters:fill(FFF,true):format(jpg)/d2lnr5mha7bycj.cloudfront.net/product-image/file/large_bd1865a5-700d-4cbe-9fc6-a700359b877d.jpeg,"
CVS®,"Busseto California Snackin' Bite Size Salami & Provolne Cheese, 8-count",$14.79,,,8 ct,[],Many in stock,"https://www.instacart.com/image-server/197x197/filters:fill(FFF,true):format(jpg)/d2lnr5mha7bycj.cloudfront.net/product-image/file/large_07dd79d9-f047-489b-9b14-ce32103e62a0.jpeg,"
CVS®,"Panera Bread at Home Mac & Cheese, 2 pack, 48 oz",$13.67,,,,[],Many in stock,"https://www.instacart.com/image-server/197x197/filters:fill(FFF,true):format(jpg)/d2lnr5mha7bycj.cloudfront.net/product-image/file/large_115214bf-31da-4cb9-bf0a-16f94e0943bb.jpeg,"
CVS®,Kirkland Signature Chicken Sandwich on Sprouted Grain Bread,$17.14,/pkg (est.),$7.45 / lb,About 2.3 lb / package,[],,"https://www.instacart.com/image-server/197x197/filters:fill(FFF,true):format(jpg)/d2lnr5mha7bycj.cloudfront.net/product-image/file/large_980924da-201c-4ac7-a700-01588882407c.jpeg,"
CVS®,"Kirkland Signature Gyro Kit, 6-count",$25.66,/pkg (est.),$8.07 / lb,About 3.18 lb / package,[],,"https://www.instacart.com/image-server/197x197/filters:fill(FFF,true):format(jpg)/d2lnr5mha7bycj.cloudfront.net/product-image/file/large_6a91766a-276d-408e-be3b-7cefaac3d05e.jpeg,"
CVS®,Kirkland Signature Yakisoba Stir Fry,$25.48,/pkg (est.),$7.45 / lb,About 3.42 lb / package,[],,"https://www.instacart.com/image-server/197x197/filters:fill(FFF,true):format(jpg)/d2lnr5mha7bycj.cloudfront.net/product-image/file/large_3e255bd1-c828-42f3-9df3-225fd41b2bd8.jpeg,"
CVS®,"Real Good Food Chicken & Pepperjack Burritos, 32 oz, 4-count",$14.79,,,,[],Many in stock,"https://www.instacart.com/image-server/197x197/filters:fill(FFF,true):format(jpg)/d2lnr5mha7bycj.cloudfront.net/product-image/file/large_2e24b558-cb22-4dd9-bb55-1742ac902570.jpeg,"
CVS®,Kirkland Signature Rotisserie Chicken Noodle Soup,$17.32,/pkg (est.),$4.34 / lb,About 3.99 lb / package,[],,"https://www.instacart.com/image-server/197x197/filters:fill(FFF,true):format(jpg)/d2lnr5mha7bycj.cloudfront.net/product-image/file/large_e8886712-de89-4b60-8a19-230ad567ef5f.jpeg,"
CVS®,Kirkland Signature Ravioli Lasagna with Beef & Pork Bolognese Sauce,$21.98,/pkg (est.),$6.21 / lb,About 3.54 lb / package,[],,"https://www.instacart.com/image-server/197x197/filters:fill(FFF,true):format(jpg)/d2lnr5mha7bycj.cloudfront.net/product-image/file/large_04752050-1aba-4ac4-87c2-029a7e585be8.jpeg,"
CVS®,"Kirkland Signature Chicken Tortilla Soup, 2 lbs, 2-count",$10.93,,,2 ct,[],Many in stock,"https://www.instacart.com/image-server/197x197/filters:fill(FFF,true):format(jpg)/d2lnr5mha7bycj.cloudfront.net/product-image/file/large_131c8a18-36bf-494e-976f-c6d6cd888431.jpeg,"
CVS®,"Veggie Snack Pack, 6 oz, 4-count",$9.94,,,,[],Many in stock,"https://www.instacart.com/image-server/197x197/filters:fill(FFF,true):format(jpg)/d2lnr5mha7bycj.cloudfront.net/product-image/file/large_b911ad25-5141-4b69-8f55-0a6bdebfa41b.jpeg,"
CVS®,"Kirkland Signature Organic Hard-Boiled Eggs, Cage Free, Peeled, 16-count, 2-pack",$16.78,,,2 ct,[],Many in stock,"https://www.instacart.com/image-server/197x197/filters:fill(FFF,true):format(jpg)/d2lnr5mha7bycj.cloudfront.net/product-image/file/large_858b5444-5d1b-4208-912c-2fb3ade6cca3.jpeg,"
CVS®,Kirkland Signature Rotisserie Chicken Enchilada,$28.61,/pkg (est.),$7.45 / lb,About 3.84 lb / package,[],,"https://www.instacart.com/image-server/197x197/filters:fill(FFF,true):format(jpg)/d2lnr5mha7bycj.cloudfront.net/product-image/file/large_d0830c5b-1b54-48be-8727-5513867920a5.jpeg,"
CVS®,"Reser's Fine Foods Main St. Bistro All Natural Mashed Potatoes, 32 oz, 2-count",$9.82,,,2 ct,[],Many in stock,"https://www.instacart.com/image-server/197x197/filters:fill(FFF,true):format(jpg)/d2lnr5mha7bycj.cloudfront.net/product-image/file/large_347c863c-eb00-4e1a-8318-87b456d078f8.jpeg,"
CVS®,Kirkland Signature Beef Chili,$19.84,/pkg (est.),$4.96 / lb,About 4.0 lb / package,[],,"https://www.instacart.com/image-server/197x197/filters:fill(FFF,true):format(jpg)/d2lnr5mha7bycj.cloudfront.net/product-image/file/large_376a1796-eefd-4415-8a82-fbd6b55f8a7a.jpeg,"
CVS®,"Puravida Roasted Shrimp Tom Yum Soup, 24 oz, 2-pack",$18.65,,,,[],Many in stock,"https://www.instacart.com/image-server/197x197/filters:fill(FFF,true):format(jpg)/d2lnr5mha7bycj.cloudfront.net/product-image/file/large_33d3d7d0-629d-483b-8386-c5e25f9ecfd8.jpeg,"
CVS®,"Organic Mediterranean Salad, 12 oz, 2-count",$11.18,,,,[],Many in stock,"https://www.instacart.com/image-server/197x197/filters:fill(FFF,true):format(jpg)/d2lnr5mha7bycj.cloudfront.net/product-image/file/large_dd3ce90d-e68f-4906-a64a-a737ad60b552.jpeg,"
CVS®,"Kirkland Signature Organic Spinach & Cheese Ravioli, 22 oz, 2-count",$14.92,,,,[],Many in stock,"https://www.instacart.com/image-server/197x197/filters:fill(FFF,true):format(jpg)/d2lnr5mha7bycj.cloudfront.net/product-image/file/large_a11fe93c-a54f-4ece-9fd6-432facc70599.jpeg,"
CVS®,"Del Real Birria & Cheese Pupusas, 51 oz",$19.77,,,,[],Many in stock,"https://www.instacart.com/image-server/197x197/filters:fill(FFF,true):format(jpg)/d2lnr5mha7bycj.cloudfront.net/product-image/file/large_57e36787-45f8-4f74-aa72-760b9922f342.jpeg,"
CVS®,"Rana Vegetable Primavera Lasagna, 40 oz",$16.38,,,,[],Many in stock,"https://www.instacart.com/image-server/197x197/filters:fill(FFF,true):format(jpg)/d2lnr5mha7bycj.cloudfront.net/product-image/file/large_1d63b0a5-8e62-4cc2-97b3-91d700a0af7b.jpeg,"
CVS®,Reser's Buffalo-Style Macaroni & Cheese,$12.40,,,,[],Many in stock,"https://www.instacart.com/image-server/197x197/filters:fill(FFF,true):format(jpg)/d2lnr5mha7bycj.cloudfront.net/product-image/file/large_86e0129a-64ea-4e69-ae00-0c0af7e902ec.jpeg,"
CVS®,Kirkland Signature Southwest Wrap with Rotisserie Chicken,$21.32,/pkg (est.),$8.70 / lb,About 2.45 lb / package,[],,"https://www.instacart.com/image-server/197x197/filters:fill(FFF,true):format(jpg)/d2lnr5mha7bycj.cloudfront.net/product-image/file/large_fc2326a4-b8b7-4db9-9382-f74dc4e0c0db.jpeg,"
CVS®,"Kirkland Signature Organic Eggs, Large, 24 count",$9.32,,,,"['Cage-Free', 'Organic']",Many in stock,"https://www.instacart.com/image-server/197x197/filters:fill(FFF,true):format(jpg)/d2lnr5mha7bycj.cloudfront.net/product-image/file/large_27631bc6-cf9c-46e6-9929-34b366ae6665.jpeg,"
CVS®,"Kirkland Signature Large Eggs, USDA Grade AA, 5 Dozen",$12.43,,,,[],Many in stock,"https://www.instacart.com/image-server/197x197/filters:fill(FFF,true):format(jpg)/d2lnr5mha7bycj.cloudfront.net/product-image/file/large_f4924b87-d899-41ee-b1b9-447ecdd829b9.jpeg,"
CVS®,"Kirkland Signature Liquid Egg Whites, Cage Free, 16 oz, 6-count",$12.43,,,6 ct,[],Many in stock,"https://www.instacart.com/image-server/197x197/filters:fill(FFF,true):format(jpg)/d2lnr5mha7bycj.cloudfront.net/product-image/file/large_b2111193-79f9-49a7-bb2b-a943993449a5.jpeg,"
CVS®,"Crazy Cuizine Mandarin Orange Chicken, 2-count",$20.51,,,,[],Many in stock,"https://www.instacart.com/image-server/197x197/filters:fill(FFF,true):format(jpg)/d2lnr5mha7bycj.cloudfront.net/product-image/file/large_38bccaed-cdc3-44c3-bc79-052615fbba83.jpeg,"
CVS®,"Marie Callender's, Chicken Pot Pies, 10 oz, 8-count",$17.28,,,8 ct,[],Many in stock,"https://www.instacart.com/image-server/197x197/filters:fill(FFF,true):format(jpg)/d2lnr5mha7bycj.cloudfront.net/product-image/file/large_4bddfa59-667c-4935-9c17-ef7b8e307687.jpeg,"
CVS®,"Ajinomoto Yakitori Chicken Fried Rice, 9 oz, 6-count",$18.65,,,,[],Many in stock,"https://www.instacart.com/image-server/197x197/filters:fill(FFF,true):format(jpg)/d2lnr5mha7bycj.cloudfront.net/product-image/file/large_795b241c-c04d-4114-bf44-68cb5ea3a399.jpeg,"
CVS®,"Kirkland Signature Pepperoni Pizza, 19.05 oz, 4-count",$17.15,,,4 ct,[],Many in stock,"https://www.instacart.com/image-server/197x197/filters:fill(FFF,true):format(jpg)/d2lnr5mha7bycj.cloudfront.net/product-image/file/large_22d6c05d-a8a3-4fb5-8055-c5cbad9c96ed.jpeg,"
CVS®,"Kirkland Signature Cauliflower Crust Pizza, Supreme, 2-count",$14.92,,,,['Gluten-Free'],Many in stock,"https://www.instacart.com/image-server/197x197/filters:fill(FFF,true):format(jpg)/d2lnr5mha7bycj.cloudfront.net/product-image/file/large_025d0425-9ea0-46cd-9511-d7ef8dc95acd.jpeg,"
CVS®,"Kirkland Signature Italian Sausage and Beef Lasagna, 3 lbs, 2-count",$20.76,,,2 ct,[],Many in stock,"https://www.instacart.com/image-server/197x197/filters:fill(FFF,true):format(jpg)/d2lnr5mha7bycj.cloudfront.net/product-image/file/large_5366b28f-0c6e-4895-9423-ef97798922b6.jpeg,"
CVS®,"Ajinomoto Yakisoba with Vegetables, All Natural, 9 oz, 6-count",$18.03,,,6 ct,[],Many in stock,"https://www.instacart.com/image-server/197x197/filters:fill(FFF,true):format(jpg)/d2lnr5mha7bycj.cloudfront.net/product-image/file/large_174aca18-ff62-4e1a-885e-17d1b82c449c.jpeg,"
CVS®,"Birds Eye Garlic Chicken, 63 oz",$13.30,,,,[],Many in stock,"https://www.instacart.com/image-server/197x197/filters:fill(FFF,true):format(jpg)/d2lnr5mha7bycj.cloudfront.net/product-image/file/large_1056294a-baa8-4d69-866e-497e3098e0b5.jpeg,"
CVS®,"Ajinomoto Shoyu Ramen, 268 g, 6-count",$22.38,,,,[],Many in stock,"https://www.instacart.com/image-server/197x197/filters:fill(FFF,true):format(jpg)/d2lnr5mha7bycj.cloudfront.net/product-image/file/large_ec822c75-496e-4bd1-804f-8f404d0e88c3.jpeg,"
CVS®,"The Falafel Company Beef Kebabs, 24 oz",$14.92,,,,[],Many in stock,"https://www.instacart.com/image-server/197x197/filters:fill(FFF,true):format(jpg)/d2lnr5mha7bycj.cloudfront.net/product-image/file/large_44a83ac9-5485-43bd-887c-4de345f6562f.jpeg,"
CVS®,"Authentic Motor City Pizza Co Detroit-Style Deep Dish Pizza, Double Pepperoni, 2-count",$15.79,,,2 ct,[],Many in stock,"https://www.instacart.com/image-server/197x197/filters:fill(FFF,true):format(jpg)/d2lnr5mha7bycj.cloudfront.net/product-image/file/large_a8c2d3c7-0a07-4e13-8bbe-3c53732a6725.jpeg,"
CVS®,"Kirkland Signature Cheese Pizza, 4-count",$13.67,,,,[],Many in stock,"https://www.instacart.com/image-server/197x197/filters:fill(FFF,true):format(jpg)/d2lnr5mha7bycj.cloudfront.net/product-image/file/large_e744e3db-4d97-4c16-8032-b4b43dc3bc5e.jpeg,"
CVS®,"Don Miguel Egg & Sausage Breakfast Burritos , 7 oz, 6 count",$14.92,,,,[],Many in stock,"https://www.instacart.com/image-server/197x197/filters:fill(FFF,true):format(jpg)/d2lnr5mha7bycj.cloudfront.net/product-image/file/large_abee7079-36bd-4935-bc39-4ebef1c0e1b0.jpeg,"
CVS®,Ventera Nashville Style Hot Chicken,$24.98,/pkg (est.),$9.57 / lb,About 2.61 lb / package,[],,"https://www.instacart.com/image-server/197x197/filters:fill(FFF,true):format(jpg)/d2lnr5mha7bycj.cloudfront.net/product-image/file/large_49324deb-6fd2-4ec3-9f8b-5b69809c0342.jpeg,"
CVS®,"Heggies Pizza Sausage & Pepperoni, 2-count",$18.03,,,,[],Many in stock,"https://www.instacart.com/image-server/197x197/filters:fill(FFF,true):format(jpg)/d2lnr5mha7bycj.cloudfront.net/product-image/file/large_a3bd92b4-1023-448c-b868-9a66a9475959.jpeg,"
CVS®,"Snapdragon Chicken Pad Thai, 32 oz",$17.40,,,,[],Many in stock,"https://www.instacart.com/image-server/197x197/filters:fill(FFF,true):format(jpg)/d2lnr5mha7bycj.cloudfront.net/product-image/file/large_f67121c5-2c6c-4b4e-a5da-9e270cd3d5e8.jpeg,"
CVS®,"Beecher's ""World's Best"" Mac & Cheese, 46 oz",$18.65,,,,[],Many in stock,"https://www.instacart.com/image-server/197x197/filters:fill(FFF,true):format(jpg)/d2lnr5mha7bycj.cloudfront.net/product-image/file/large_d780fc68-cbed-4a40-9075-5ba1fb70b179.jpeg,"
CVS®,"New York Select Amnon's Pizza, 36 oz, 8 count",$24.87,,,,[],Many in stock,"https://www.instacart.com/image-server/197x197/filters:fill(FFF,true):format(jpg)/d2lnr5mha7bycj.cloudfront.net/product-image/file/large_e16bf7c8-645a-474b-ba26-0992920c174c.jpeg,"
CVS®,"Pierre Signatures Chicken Sandwiches, 6 oz, 6-count",$16.16,,,,[],Many in stock,"https://www.instacart.com/image-server/197x197/filters:fill(FFF,true):format(jpg)/d2lnr5mha7bycj.cloudfront.net/product-image/file/large_8416c927-6efb-4536-b49c-dc03a66e51cd.jpeg,"
CVS®,Ruprecht's Irish Stew,$24.37,/pkg (est.),$8.07 / lb,About 3.02 lb / package,[],,"https://www.instacart.com/image-server/197x197/filters:fill(FFF,true):format(jpg)/d2lnr5mha7bycj.cloudfront.net/product-image/file/large_08efdedd-b65a-44ef-b07e-a0a1bdeb64f6.jpeg,"
CVS®,"Rao's Marinara Sauce, 28 oz, 2-count",$14.92,,,2 ct,[],Many in stock,"https://www.instacart.com/image-server/197x197/filters:fill(FFF,true):format(jpg)/d2lnr5mha7bycj.cloudfront.net/product-image/file/large_815eacc9-4c11-47c3-a3dc-ae877d5b2480.jpeg,"
CVS®,"Kirkland Signature Imported Basil Pesto, 22 oz",$11.81,,,,[],Many in stock,"https://www.instacart.com/image-server/197x197/filters:fill(FFF,true):format(jpg)/d2lnr5mha7bycj.cloudfront.net/product-image/file/large_e0a909d4-41b1-4cf3-bdf3-209007674f14.jpeg,"
CVS®,"Heinz Simply Tomato Ketchup, 44 oz, 3-count",$16.16,,,3 ct,[],,"https://www.instacart.com/image-server/197x197/filters:fill(FFF,true):format(jpg)/d2lnr5mha7bycj.cloudfront.net/product-image/file/large_f5ab87ff-7d30-44d8-b7eb-66c2f3ce36b4.jpeg,"
CVS®,"Cleveland Kitchen Dill Pickle Chips, 52 oz",$8.70,,,,[],,"https://www.instacart.com/image-server/197x197/filters:fill(FFF,true):format(jpg)/d2lnr5mha7bycj.cloudfront.net/product-image/file/large_83920cd7-f54a-4b6e-bc85-607373f078a4.jpeg,"
CVS®,"Kirkland Signature, Minced California Garlic, 48 oz",$8.70,,,,[],Many in stock,"https://www.instacart.com/image-server/197x197/filters:fill(FFF,true):format(jpg)/d2lnr5mha7bycj.cloudfront.net/product-image/file/large_5ba46fb0-18d9-4b02-8d7b-01538281759d.jpeg,"
CVS®,"Hidden Valley, Original Ranch Dressing, 40 fl oz, 2-Count",$14.68,,,40 fl oz,[],,"https://www.instacart.com/image-server/197x197/filters:fill(FFF,true):format(jpg)/d2lnr5mha7bycj.cloudfront.net/product-image/file/large_2f1e8869-66ef-4b72-803b-790eead6768e.jpeg,"
CVS®,"Japanese Barbecue Sauce, 34 oz",$12.05,,,,['Vegan'],Many in stock,"https://www.instacart.com/image-server/197x197/filters:fill(FFF,true):format(jpg)/d2lnr5mha7bycj.cloudfront.net/product-image/file/large_d94c1817-e592-4ba4-8b9e-f2bc398f0b9c.jpeg,"
CVS®,"Primal Kitchen Buffalo Sauce with Avocado Oil, 16.5 oz, 2-count",$11.18,,,,"['Gluten-Free', 'Vegan']",Many in stock,"https://www.instacart.com/image-server/197x197/filters:fill(FFF,true):format(jpg)/d2lnr5mha7bycj.cloudfront.net/product-image/file/large_74a7d90f-2900-453b-b0c5-ee9d8af60915.jpeg,"
CVS®,"Jongga Sliced Cabbage Kimchi, 52.9 oz",$9.94,,,,[],Many in stock,"https://www.instacart.com/image-server/197x197/filters:fill(FFF,true):format(jpg)/d2lnr5mha7bycj.cloudfront.net/product-image/file/large_24dfc086-4f4a-460d-b0b6-c0825fd8ce1e.jpeg,"
CVS®,"Hellmann's, Real Mayonnaise, 64 oz",$11.18,,,64 fl oz,[],,"https://www.instacart.com/image-server/197x197/filters:fill(FFF,true):format(jpg)/d2lnr5mha7bycj.cloudfront.net/product-image/file/large_69fde576-a86e-4cd9-b7b2-60cd0ee3315d.jpeg,"
CVS®,"Famous Dave's Sweet 'n Spicy Pickle Chips, 64 fl oz",$8.07,,,,[],Many in stock,"https://www.instacart.com/image-server/197x197/filters:fill(FFF,true):format(jpg)/d2lnr5mha7bycj.cloudfront.net/product-image/file/large_8607b59e-62d4-497f-9f30-1a87a489c64d.jpeg,"
CVS®,"Hidden Valley, Ranch Homestyle Seasoning, Dip and Salad Dressing Mix, 20 oz",$12.57,,,"★★★★★
★★★★★
(809)",[],Many in stock,"https://www.instacart.com/image-server/197x197/filters:fill(FFF,true):format(jpg)/d2lnr5mha7bycj.cloudfront.net/product-image/file/large_5f187b71-9646-4d24-a975-adba09ea0bf7.jpeg,"
CVS®,"Rao's Homemade Alfredo Sauce, 15 oz, 2-count",$13.67,,,2 ct,[],Many in stock,"https://www.instacart.com/image-server/197x197/filters:fill(FFF,true):format(jpg)/d2lnr5mha7bycj.cloudfront.net/product-image/file/large_f6788fb8-a7a7-4e6c-ae3e-f75d69a2d0f6.jpeg,"
CVS®,"Hellmann's Real Mayonnaise, 25 oz, 2-count",$12.30,,,2 ct,[],Many in stock,"https://www.instacart.com/image-server/197x197/filters:fill(FFF,true):format(jpg)/d2lnr5mha7bycj.cloudfront.net/product-image/file/large_785dde41-addc-404a-a56f-94fbd403fdfc.jpeg,"
CVS®,"Don Pancho Cilantro Lime Crema, 16 fl oz, 2-count",$9.94,,,2 ct,[],Many in stock,"https://www.instacart.com/image-server/197x197/filters:fill(FFF,true):format(jpg)/d2lnr5mha7bycj.cloudfront.net/product-image/file/large_8f80c39a-d89a-4bbe-a222-fc050ab659de.jpeg,"
CVS®,Cholula Original Hot Sauce,$12.43,,,12 fl oz,[],Many in stock,"https://www.instacart.com/image-server/197x197/filters:fill(FFF,true):format(jpg)/d2lnr5mha7bycj.cloudfront.net/product-image/file/large_36ef4284-5f43-44a9-82b3-7e8887da73aa.jpeg,"
CVS®,"Kirkland Signature Organic Marinara Sauce, 2 lbs, 3-pack",$16.16,,,3 ct,"['Organic', 'Gluten-Free']",Many in stock,"https://www.instacart.com/image-server/197x197/filters:fill(FFF,true):format(jpg)/d2lnr5mha7bycj.cloudfront.net/product-image/file/large_843cf548-2d03-4e13-8166-cd1d4ef15ee1.jpeg,"
CVS®,"Kosher Dill Baby Pickles, 32 oz, 2-count",$8.07,,,2 ct,[],Many in stock,"https://www.instacart.com/image-server/197x197/filters:fill(FFF,true):format(jpg)/d2lnr5mha7bycj.cloudfront.net/product-image/file/large_38303bb9-f7a1-4ae8-96f7-3263a6f2901c.jpeg,"
CVS®,"Tasso's Garlic & Jalapeno Double Stuffed Olives, 35.27 oz",$8.45,,,"★★★★★
★★★★★
(11)",['Vegan'],Many in stock,"https://www.instacart.com/image-server/197x197/filters:fill(FFF,true):format(jpg)/d2lnr5mha7bycj.cloudfront.net/product-image/file/large_4c2cbf2f-cea1-486c-9a19-186f6f2f7d23.jpeg,"
CVS®,"A.1. Original Sauce, 20 oz, 2-count",$13.67,,,2 ct,['Vegan'],,"https://www.instacart.com/image-server/197x197/filters:fill(FFF,true):format(jpg)/d2lnr5mha7bycj.cloudfront.net/product-image/file/large_35d7ddd7-04f5-4366-a96c-44a29546be59.jpeg,"
CVS®,"Sweet Baby Ray's, Barbecue Sauce, 40 oz, 2-Count",$7.33,,,2 ct,['Gluten-Free'],Many in stock,"https://www.instacart.com/image-server/197x197/filters:fill(FFF,true):format(jpg)/d2lnr5mha7bycj.cloudfront.net/product-image/file/large_7dae3296-4679-4398-8ded-f94b0ecf8e23.jpeg,"
CVS®,"Kirkland Signature, Organic Salsa, Medium, 38 oz, 2-Count",$11.81,,,2 ct,['Organic'],Many in stock,"https://www.instacart.com/image-server/197x197/filters:fill(FFF,true):format(jpg)/d2lnr5mha7bycj.cloudfront.net/product-image/file/large_d2ab6d78-3382-48b8-a571-ba3ba42f5643.jpeg,"
CVS®,"Lea & Perrins, Worcestershire Sauce, 20 fl oz, 2-Count",$9.94,,,2 ct,[],,"https://www.instacart.com/image-server/197x197/filters:fill(FFF,true):format(jpg)/d2lnr5mha7bycj.cloudfront.net/product-image/file/large_ef7f8cb9-ba91-4989-baee-2ebd67baff3c.jpeg,"
CVS®,"Olive Garden Signature Italian Dressing, 28 fl oz, 2 count",$11.18,,,2 ct,[],Many in stock,"https://www.instacart.com/image-server/197x197/filters:fill(FFF,true):format(jpg)/d2lnr5mha7bycj.cloudfront.net/product-image/file/large_b0009c17-825b-4c2d-9661-ed30fe5efbf6.jpeg,"
CVS®,"Frank's Red Hot, 25 fl oz, 2 count",$11.18,,,25 fl oz,"['Gluten-Free', 'Vegan']",Many in stock,"https://www.instacart.com/image-server/197x197/filters:fill(FFF,true):format(jpg)/d2lnr5mha7bycj.cloudfront.net/product-image/file/large_da0ff0e5-369c-426a-8b7c-3076d1131324.jpeg,"
CVS®,"Kirkland Signature Organic Tuscan Marinara, 24 oz, 3-count",$12.43,,,3 ct,['Organic'],,"https://www.instacart.com/image-server/197x197/filters:fill(FFF,true):format(jpg)/d2lnr5mha7bycj.cloudfront.net/product-image/file/large_de38a705-85b0-4c29-8483-754ca8375c83.jpeg,"
CVS®,"Tassos Mediterranean Gourmet Greek Olives, 1.9 Liter",$14.92,,,,[],Many in stock,"https://www.instacart.com/image-server/197x197/filters:fill(FFF,true):format(jpg)/d2lnr5mha7bycj.cloudfront.net/product-image/file/large_eb31bb80-21f4-4e19-afc9-ccf34075a793.jpeg,"
CVS®,"Rao's Calabrian Chili Marinara Sauce, 22 oz, 2-pack",$18.65,,,,[],Many in stock,"https://www.instacart.com/image-server/197x197/filters:fill(FFF,true):format(jpg)/d2lnr5mha7bycj.cloudfront.net/product-image/file/large_2bb1d603-b51b-486a-a7d9-5d272fb2054c.jpeg,"
CVS®,"Kirkland Signature Spanish Queen Olives, 21 oz, 2-count",$20.51,,,2 ct,[],Many in stock,"https://www.instacart.com/image-server/197x197/filters:fill(FFF,true):format(jpg)/d2lnr5mha7bycj.cloudfront.net/product-image/file/large_aeddb3bf-8d4a-4e7d-8cf0-286bcc4994cf.jpeg,"
CVS®,"Safie Sweet Pickled Beets, 35 fl oz",$6.83,,,,[],Many in stock,"https://www.instacart.com/image-server/197x197/filters:fill(FFF,true):format(jpg)/d2lnr5mha7bycj.cloudfront.net/product-image/file/large_f10ae5ca-6b47-43f4-9de7-b8a8ebdd560b.jpeg,"
CVS®,"Mateo's Gourmet Salsa Medium, 32 oz",$8.70,,,,[],Many in stock,"https://www.instacart.com/image-server/197x197/filters:fill(FFF,true):format(jpg)/d2lnr5mha7bycj.cloudfront.net/product-image/file/large_c540e1e4-19a6-4219-9553-8575ba64eb73.jpeg,"
CVS®,"Lindsay Naturals Large Black Ripe Pitted Olives, 6 oz, 8-count",$16.78,,,8 ct,['Vegan'],Many in stock,"https://www.instacart.com/image-server/197x197/filters:fill(FFF,true):format(jpg)/d2lnr5mha7bycj.cloudfront.net/product-image/file/large_0c65a6e9-3f83-4ccc-a129-264ca4fcfd13.jpeg,"
CVS®,"Garlic Expressions Dressing & Marinade, 12.5 fl oz, 3-count",$12.43,,,,['Vegan'],Many in stock,"https://www.instacart.com/image-server/197x197/filters:fill(FFF,true):format(jpg)/d2lnr5mha7bycj.cloudfront.net/product-image/file/large_ec0033d0-4a10-4f37-87ae-60d6103b0951.jpeg,"
CVS®,"Kirkland Signature Shrimp Platter with Cocktail Sauce, 20-24 count",$49.75,,,,[],,"https://www.instacart.com/image-server/197x197/filters:fill(FFF,true):format(jpg)/d2lnr5mha7bycj.cloudfront.net/product-image/file/large_0d6c6780-bf61-4437-8b2d-1cd0d3c2a2a0.jpeg,"
CVS®,"Claussen Kosher Dill Spears, 80 oz",$8.70,,,"★★★★★
★★★★★
(1.6K)",[],,"https://www.instacart.com/image-server/197x197/filters:fill(FFF,true):format(jpg)/d2lnr5mha7bycj.cloudfront.net/product-image/file/large_537cb82f-6535-4313-869f-812a9473525a.jpeg,"
CVS®,"Kewpie Japanese Style Mayonnaise, 24 oz",$8.57,,,,[],Many in stock,"https://www.instacart.com/image-server/197x197/filters:fill(FFF,true):format(jpg)/d2lnr5mha7bycj.cloudfront.net/product-image/file/large_18f20ed1-7322-4cb8-b9f5-753eab595b18.jpeg,"
CVS®,"French's, Classic Yellow Mustard, 30 oz, 2-Count",$6.83,,,2 ct,[],Many in stock,"https://www.instacart.com/image-server/197x197/filters:fill(FFF,true):format(jpg)/d2lnr5mha7bycj.cloudfront.net/product-image/file/large_723c80d3-5967-4794-b457-7a4602426e5a.jpeg,"
CVS®,"Wildbrine Raw Organic Sauerkraut, 50 oz",$11.18,,,,"['Vegan', 'Organic']",Many in stock,"https://www.instacart.com/image-server/197x197/filters:fill(FFF,true):format(jpg)/d2lnr5mha7bycj.cloudfront.net/product-image/file/large_2ae5d4ed-37d1-4e09-9422-8d11eaf8cbd3.jpeg,"
CVS®,"Montgomery Inn Barbecue Sauce, 40 oz",$11.18,,,2 ct,[],Many in stock,"https://www.instacart.com/image-server/197x197/filters:fill(FFF,true):format(jpg)/d2lnr5mha7bycj.cloudfront.net/product-image/file/large_21b21131-a748-4acf-a28e-e4ce48dfb3bd.jpeg,"
CVS®,"Little Italy Pasta Sauce, 32 oz, 3-count",$14.92,,,3 ct,[],Many in stock,"https://www.instacart.com/image-server/197x197/filters:fill(FFF,true):format(jpg)/d2lnr5mha7bycj.cloudfront.net/product-image/file/large_c539cf2a-a6e4-4b49-a9ed-4c7984a0f7b2.jpeg,"
CVS®,"CJ Bibigo Chicken & Cilantro Mini Wontons, 3 lbs",$12.43,,,,[],Many in stock,"https://www.instacart.com/image-server/197x197/filters:fill(FFF,true):format(jpg)/d2lnr5mha7bycj.cloudfront.net/product-image/file/large_6c707dfc-484a-4738-b40f-6d759bc4d27c.jpeg,"
CVS®,"Tropicland Organic Sweet Potato Fries, 64 oz",$12.43,,,,[],Many in stock,"https://www.instacart.com/image-server/197x197/filters:fill(FFF,true):format(jpg)/d2lnr5mha7bycj.cloudfront.net/product-image/file/large_f826603c-24e5-420d-b1cc-5aa0dbf5d60e.jpeg,"
CVS®,"Petite Cuisine Mozzarella Sticks In A Crispy Seasoned Breading, 5 lbs",$19.52,,,,[],Many in stock,"https://www.instacart.com/image-server/197x197/filters:fill(FFF,true):format(jpg)/d2lnr5mha7bycj.cloudfront.net/product-image/file/large_5b4a74db-e5d7-4ff1-9a3c-25b80b7c4717.jpeg,"
CVS®,"Royal Asia Vegetable Spring Rolls with Soy Ginger Sauce, 50-count, 48 oz",$12.43,,,,['Vegan'],,"https://www.instacart.com/image-server/197x197/filters:fill(FFF,true):format(jpg)/d2lnr5mha7bycj.cloudfront.net/product-image/file/large_0f12f919-ee17-4813-88ac-fea6396afbee.jpeg,"
CVS®,"Brazi Bites Brazilian Cheese Bread, Cheddar & Parmesan, 62-count",$18.40,,,62 ct,['Gluten-Free'],Many in stock,"https://www.instacart.com/image-server/197x197/filters:fill(FFF,true):format(jpg)/d2lnr5mha7bycj.cloudfront.net/product-image/file/large_1f9000cc-1ef6-4a3c-939f-f74974c778f8.jpeg,"
CVS®,"Macabee Pizza Bagels, Mozzarella Cheese And Seasoned Sauce, 24-count",$14.79,,,,[],Many in stock,"https://www.instacart.com/image-server/197x197/filters:fill(FFF,true):format(jpg)/d2lnr5mha7bycj.cloudfront.net/product-image/file/large_be71cb51-2081-4ea5-acb0-164028b14e42.jpeg,"
CVS®,"Partini Bacon Wrapped Jalapeno Poppers, 20-count",$14.92,,,,[],Many in stock,"https://www.instacart.com/image-server/197x197/filters:fill(FFF,true):format(jpg)/d2lnr5mha7bycj.cloudfront.net/product-image/file/large_f145604f-fa0d-4289-81a3-4540fda6cbcc.jpeg,"
CVS®,"Bagel Bites Pizza Snacks, Cheese & Pepperoni, 3 lbs",$11.18,,,"★★★★★
★★★★★
(2.65K)",[],Many in stock,"https://www.instacart.com/image-server/197x197/filters:fill(FFF,true):format(jpg)/d2lnr5mha7bycj.cloudfront.net/product-image/file/large_7586a191-fb19-409e-b16e-8aa61adb1746.jpeg,"
CVS®,"La Vie Gourmand Halloumi Cheese Fries, 20.5 oz",$16.16,,,,[],Many in stock,"https://www.instacart.com/image-server/197x197/filters:fill(FFF,true):format(jpg)/d2lnr5mha7bycj.cloudfront.net/product-image/file/large_537f7da1-85cf-4f53-ae16-a615cd3634a9.jpeg,"
CVS®,"Snyear Soup Dumpling Pork, 48 oz",$18.65,,,,[],,"https://www.instacart.com/image-server/197x197/filters:fill(FFF,true):format(jpg)/d2lnr5mha7bycj.cloudfront.net/product-image/file/large_70dc21b4-c026-46dd-9042-5fc542fdbc72.jpeg,"
CVS®,"Kasia's Cheese Blintzes, 13 oz, 2-count",$10.93,,,2 ct,[],Many in stock,"https://www.instacart.com/image-server/197x197/filters:fill(FFF,true):format(jpg)/d2lnr5mha7bycj.cloudfront.net/product-image/file/large_b1f86a5b-c27e-4afc-93c8-92d4456ebee0.jpeg,"
CVS®,"Kirkland Signature Cheddar Jack Cheese, 2.5 lbs, 2-count",$16.16,,,2 ct,[],Many in stock,"https://www.instacart.com/image-server/197x197/filters:fill(FFF,true):format(jpg)/d2lnr5mha7bycj.cloudfront.net/product-image/file/large_17c82579-b5f2-4cde-b91c-d57fe1b7b890.jpeg,"
CVS®,"Frigo Cheese Heads String Cheese Sticks, 1 oz, 60-count",$13.42,,,60 ct,['Keto'],Many in stock,"https://www.instacart.com/image-server/197x197/filters:fill(FFF,true):format(jpg)/d2lnr5mha7bycj.cloudfront.net/product-image/file/large_d0e28743-4cc9-40c8-8f16-b022476c81df.jpeg,"
CVS®,"Cabot Classic Vermont Cheddar Cheese, 2 lbs",$11.18,,,,[],Many in stock,"https://www.instacart.com/image-server/197x197/filters:fill(FFF,true):format(jpg)/d2lnr5mha7bycj.cloudfront.net/product-image/file/large_e5bcd1c3-12e0-45ff-a8b5-c24da2379383.jpeg,"
CVS®,"Babybel Mini Snack Cheese, Original, 0.71 oz, 36-count",$17.15,,,,['Cow Milk'],Many in stock,"https://www.instacart.com/image-server/197x197/filters:fill(FFF,true):format(jpg)/d2lnr5mha7bycj.cloudfront.net/product-image/file/large_248ea257-e563-48dc-98ea-ca89a7a6e8ca.jpeg,"
CVS®,"Kirkland Signature Aged Parmigiano Reggiano Cheese, Shredded, 1 lb",$17.15,,,,[],Many in stock,"https://www.instacart.com/image-server/197x197/filters:fill(FFF,true):format(jpg)/d2lnr5mha7bycj.cloudfront.net/product-image/file/large_05f3ea2c-e5ad-45ec-a468-5510ee999154.jpeg,"
CVS®,"Kirkland Signature Shredded Mozarella Cheese, 2.5 lbs, 2-count",$14.92,,,2 ct,['Keto'],Many in stock,"https://www.instacart.com/image-server/197x197/filters:fill(FFF,true):format(jpg)/d2lnr5mha7bycj.cloudfront.net/product-image/file/large_9423fdf8-e3e6-4f33-af4d-bec5d1bb54b6.jpeg,"
CVS®,"Cello Variety Pack, Cracker Cut, Premium Sliced Cheeses, 2 lbs",$16.16,,,,[],Many in stock,"https://www.instacart.com/image-server/197x197/filters:fill(FFF,true):format(jpg)/d2lnr5mha7bycj.cloudfront.net/product-image/file/large_cb4e01e1-e1a0-4621-be5c-7e9445df73e7.jpeg,"
CVS®,"Organic Valley Stringles Organic String Cheese, 28 g, 24-count",$11.81,,,,"['Organic', 'Non-GMO']",Many in stock,"https://www.instacart.com/image-server/197x197/filters:fill(FFF,true):format(jpg)/d2lnr5mha7bycj.cloudfront.net/product-image/file/large_b4f95f41-2c25-4f64-b93f-8e57a488ba75.jpeg,"
CVS®,"Kraft Singles American Cheese, 96 Slices, 4 lbs",$15.54,,,"★★★★★
★★★★★
(947)",[],Many in stock,"https://www.instacart.com/image-server/197x197/filters:fill(FFF,true):format(jpg)/d2lnr5mha7bycj.cloudfront.net/product-image/file/large_e899a2e1-f9bf-4340-80e9-3d35cb12efab.jpeg,"
CVS®,"BelGioioso Fresh Mozzarella Snacking Cheese, 1 oz, 24-count",$12.30,,,24 ct,[],Many in stock,"https://www.instacart.com/image-server/197x197/filters:fill(FFF,true):format(jpg)/d2lnr5mha7bycj.cloudfront.net/product-image/file/large_900895e0-e0d5-4de9-8a88-b632020cb1e5.jpeg,"
CVS®,"Tillamook Medium Cheddar Cheese, 2.5 lbs",$11.18,,,,"['Cow Milk', 'Keto']",Many in stock,"https://www.instacart.com/image-server/197x197/filters:fill(FFF,true):format(jpg)/d2lnr5mha7bycj.cloudfront.net/product-image/file/large_193cfcd4-8089-4a07-bbc2-0cf46782e7cc.jpeg,"
CVS®,"Kirkland Signature Fresh Mozzarella, 18 oz, 2-count",$9.57,,,2 ct,[],Many in stock,"https://www.instacart.com/image-server/197x197/filters:fill(FFF,true):format(jpg)/d2lnr5mha7bycj.cloudfront.net/product-image/file/large_7e4a3746-f575-4d7f-99cd-735f66ac7d4a.jpeg,"
CVS®,"Kraft Grated Parmesan Cheese, 24 oz",$9.08,,,"★★★★★
★★★★★
(909)",['Keto'],Many in stock,"https://www.instacart.com/image-server/197x197/filters:fill(FFF,true):format(jpg)/d2lnr5mha7bycj.cloudfront.net/product-image/file/large_c2cce34c-1a72-42dc-a9f0-2fa885e03681.jpeg,"
CVS®,"Boursin Garlic & Fine Herbs + Shallot & Chive, Gournay Cheese, 5.2 oz, 3-count",$12.43,,,3 ct,[],Many in stock,"https://www.instacart.com/image-server/197x197/filters:fill(FFF,true):format(jpg)/d2lnr5mha7bycj.cloudfront.net/product-image/file/large_88bedde6-86fd-401f-855f-99617673efd1.jpeg,"
CVS®,"Roth Cheese Slices, Variety Pack, 2 lbs",$11.93,,,,['Cow Milk'],Many in stock,"https://www.instacart.com/image-server/197x197/filters:fill(FFF,true):format(jpg)/d2lnr5mha7bycj.cloudfront.net/product-image/file/large_c9f01229-0305-41e4-bd9e-22622690875f.jpeg,"
CVS®,"Arla Havarti Cheese Slices, 2 lbs",$10.56,,,,[],Many in stock,"https://www.instacart.com/image-server/197x197/filters:fill(FFF,true):format(jpg)/d2lnr5mha7bycj.cloudfront.net/product-image/file/large_6bb2c92b-e3c2-41da-b08a-d38fe652b9cb.jpeg,"
CVS®,"Kirkland Signature Organic Greek Feta, 28.2 oz",$16.16,,,,"['Organic', 'Non-GMO']",Many in stock,"https://www.instacart.com/image-server/197x197/filters:fill(FFF,true):format(jpg)/d2lnr5mha7bycj.cloudfront.net/product-image/file/large_4d131e6c-19fe-4bd3-8d99-9ea8a05781ec.jpeg,"
CVS®,"Kirkland Signature Coastal Rugged, Mature English Cheddar",$16.45,/pkg (est.),$8.57 / lb,About 1.92 lb / package,[],,"https://www.instacart.com/image-server/197x197/filters:fill(FFF,true):format(jpg)/d2lnr5mha7bycj.cloudfront.net/product-image/file/large_be676a64-91b4-4bbb-9d39-a5d46a7a94f3.jpeg,"
CVS®,"Good Culture Cottage Cheese, 48 oz",$9.32,,,,[],Many in stock,"https://www.instacart.com/image-server/197x197/filters:fill(FFF,true):format(jpg)/d2lnr5mha7bycj.cloudfront.net/product-image/file/large_601be56a-ff25-435b-be79-e25d27c81a8a.jpeg,"
CVS®,"Kirkland Signature Fresh Goat Cheese, 10oz, 2-count",$9.57,,,2 ct,['Goat Milk'],Many in stock,"https://www.instacart.com/image-server/197x197/filters:fill(FFF,true):format(jpg)/d2lnr5mha7bycj.cloudfront.net/product-image/file/large_cde2dc2c-2f9c-4a48-9c22-8f8dfa04ace0.jpeg,"
CVS®,"Kirkland Signature Italian Parmigiano Reggiano, 1 lb",$20.40,/pkg (est.),$13.42 / lb,About 1.52 lb / package,[],,"https://www.instacart.com/image-server/197x197/filters:fill(FFF,true):format(jpg)/d2lnr5mha7bycj.cloudfront.net/product-image/file/large_fd4244f9-4164-4b93-a1a1-aa179a068e6d.jpeg,"
CVS®,"Tnuva Feta Cheese, 2 count",$19.63,/pkg (est.),$9.94 / lb,About 1.98 lb / package,[],,"https://www.instacart.com/image-server/197x197/filters:fill(FFF,true):format(jpg)/d2lnr5mha7bycj.cloudfront.net/product-image/file/large_9c3ba8df-f834-406b-8ca4-c601134472d9.jpeg,"
CVS®,"Dutch Tradition Gouda Cheese, 1-count",$17.57,/pkg (est.),$8.45 / lb,About 2.08 lb / package,[],,"https://www.instacart.com/image-server/197x197/filters:fill(FFF,true):format(jpg)/d2lnr5mha7bycj.cloudfront.net/product-image/file/large_2d64a07b-549f-48eb-93f8-0be9ba34fd76.jpeg,"
CVS®,"Belgioioso Burrata, 2 oz Minis, 8-count",$9.32,,,,['Keto'],Many in stock,"https://www.instacart.com/image-server/197x197/filters:fill(FFF,true):format(jpg)/d2lnr5mha7bycj.cloudfront.net/product-image/file/large_d30f65c4-ceba-494b-a7af-96b455a65849.jpeg,"
CVS®,"Tillamook Extra Sharp White Cheddar, 2 lbs",$14.79,,,"★★★★★
★★★★★
(179)","['Cow Milk', 'Keto']",Many in stock,"https://www.instacart.com/image-server/197x197/filters:fill(FFF,true):format(jpg)/d2lnr5mha7bycj.cloudfront.net/product-image/file/large_93a3b464-8128-4707-9d59-ed04d34a2946.jpeg,"
CVS®,Beemster Black Label Gouda,$12.18,/pkg (est.),$12.43 / lb,About 0.98 lb / package,[],,"https://www.instacart.com/image-server/197x197/filters:fill(FFF,true):format(jpg)/d2lnr5mha7bycj.cloudfront.net/product-image/file/large_e46d4305-bf7c-4633-8e5c-b5d18666eae3.jpeg,"
CVS®,Kerrygold Dubliner Cheese,$15.92,/pkg (est.),$8.70 / lb,About 1.83 lb / package,[],,"https://www.instacart.com/image-server/197x197/filters:fill(FFF,true):format(jpg)/d2lnr5mha7bycj.cloudfront.net/product-image/file/large_b65c897e-8dec-4211-8422-b502151ee5b0.jpeg,"
CVS®,"Meredith Dairy Marinated Goat Cheese, 550 g",$18.65,,,,[],Many in stock,"https://www.instacart.com/image-server/197x197/filters:fill(FFF,true):format(jpg)/d2lnr5mha7bycj.cloudfront.net/product-image/file/large_9c5dbe05-1150-40d9-9e80-287d015f685a.jpeg,"
CVS®,"BelGioioso Parmesan Romano, 2 lbs",$14.67,,,,['Cow Milk'],Many in stock,"https://www.instacart.com/image-server/197x197/filters:fill(FFF,true):format(jpg)/d2lnr5mha7bycj.cloudfront.net/product-image/file/large_8e6dcd26-94b1-4f62-98f3-a2a0cfef0897.jpeg,"
CVS®,"Dodoni Feta Cheese, 3.3 lbs",$17.40,,,,[],Many in stock,"https://www.instacart.com/image-server/197x197/filters:fill(FFF,true):format(jpg)/d2lnr5mha7bycj.cloudfront.net/product-image/file/large_19026164-7872-4957-92c4-84020bbf400c.jpeg,"
CVS®,"Cello Feta Crumbles, 1.5 lbs",$8.70,,,,[],Many in stock,"https://www.instacart.com/image-server/197x197/filters:fill(FFF,true):format(jpg)/d2lnr5mha7bycj.cloudfront.net/product-image/file/large_9db461a9-209a-4412-a105-ea240e30512d.jpeg,"
CVS®,"Kirkland Signature French Brie, 1.32 lbs",$12.43,,,,[],Many in stock,"https://www.instacart.com/image-server/197x197/filters:fill(FFF,true):format(jpg)/d2lnr5mha7bycj.cloudfront.net/product-image/file/large_e617f439-6bf5-4249-99b5-228c33758236.jpeg,"
CVS®,"Kirkland Signature Shredded Sharp Cheddar Cheese, 2.5 lbs, 2 count",$19.27,,,2 ct,['Keto'],Many in stock,"https://www.instacart.com/image-server/197x197/filters:fill(FFF,true):format(jpg)/d2lnr5mha7bycj.cloudfront.net/product-image/file/large_eb66b996-9dca-4778-b2c7-b589c0524f53.jpeg,"
CVS®,"Natural & Kosher Muenster Cheese, Deli Slices, 32 oz",$13.67,,,,['Keto'],Many in stock,"https://www.instacart.com/image-server/197x197/filters:fill(FFF,true):format(jpg)/d2lnr5mha7bycj.cloudfront.net/product-image/file/large_901f6bd6-72c4-4578-9b7a-e9ef07374ac9.jpeg,"
CVS®,"Adams Reserve Extra Sharp Cheddar Cheese Slices, 32 oz",$9.94,,,,[],Many in stock,"https://www.instacart.com/image-server/197x197/filters:fill(FFF,true):format(jpg)/d2lnr5mha7bycj.cloudfront.net/product-image/file/large_c07a1f10-a1e8-4489-92a0-95a59d99d7ba.jpeg,"
CVS®,"Cabot Habanero Cheddar Cheese, 32 oz",$12.43,,,,[],Many in stock,"https://www.instacart.com/image-server/197x197/filters:fill(FFF,true):format(jpg)/d2lnr5mha7bycj.cloudfront.net/product-image/file/large_19d6e922-e708-4d98-ac2c-7c69459b752f.jpeg,"
CVS®,Kirkland Signature Spanish Manchego,$27.30,/pkg (est.),$14.92 / lb,About 1.83 lb / package,[],,"https://www.instacart.com/image-server/197x197/filters:fill(FFF,true):format(jpg)/d2lnr5mha7bycj.cloudfront.net/product-image/file/large_9228f37e-7b99-4c18-b46d-196096445e12.jpeg,"
CVS®,"Natural & Kosher Mexican Blend, 2 lbs",$11.81,,,,[],Many in stock,"https://www.instacart.com/image-server/197x197/filters:fill(FFF,true):format(jpg)/d2lnr5mha7bycj.cloudfront.net/product-image/file/large_d0398e64-0b58-4cc5-9f4c-8e170abea1f5.jpeg,"
CVS®,"Farm Rich Breaded Cheddar Cheese Curds, 2.5 lbs",$13.67,,,,[],Many in stock,"https://www.instacart.com/image-server/197x197/filters:fill(FFF,true):format(jpg)/d2lnr5mha7bycj.cloudfront.net/product-image/file/large_0da8f08f-a5c6-4819-bd75-81283d314bda.jpeg,"
CVS®,"Kirkland Signature 2% Reduced Fat Milk, 1 gal",$3.55,,,,['Cow Milk'],Many in stock,"https://www.instacart.com/image-server/197x197/filters:fill(FFF,true):format(jpg)/d2lnr5mha7bycj.cloudfront.net/product-image/file/large_787448b1-ff25-4df3-b717-e80fdffb7f61.jpeg,"
CVS®,"Kirkland Signature Organic Whole Milk, Half Gallon, 3-count",$14.67,,,64 fl oz,['Organic'],Many in stock,"https://www.instacart.com/image-server/197x197/filters:fill(FFF,true):format(jpg)/d2lnr5mha7bycj.cloudfront.net/product-image/file/large_8b7978cb-3251-49b5-bd42-78974fd5178a.jpeg,"
CVS®,"Kirkland Signature Whole Mlik, 1 gal",$3.97,,,,[],Many in stock,"https://www.instacart.com/image-server/197x197/filters:fill(FFF,true):format(jpg)/d2lnr5mha7bycj.cloudfront.net/product-image/file/large_b6cf9738-5d6b-4896-ae18-5d75d6fd3f30.jpeg,"
CVS®,"Horizon, Organic Whole Milk, 8 oz, 18-Count",$23.62,,,18 ct,['Organic'],Many in stock,"https://www.instacart.com/image-server/197x197/filters:fill(FFF,true):format(jpg)/d2lnr5mha7bycj.cloudfront.net/product-image/file/large_0c934fa7-c4dd-4ec9-bf79-33d86272dcc8.jpeg,"
CVS®,"Kirkland Signature Organic Non-Dairy Beverage, 6 X 32 oz",$12.18,,,32 fl oz,['Organic'],Many in stock,"https://www.instacart.com/image-server/197x197/filters:fill(FFF,true):format(jpg)/d2lnr5mha7bycj.cloudfront.net/product-image/file/large_cac642ab-57e3-412c-ad12-6793ec846e33.jpeg,"
CVS®,"Kirkland Signature Fat Free Milk, 1 gal",$2.97,,,,[],Many in stock,"https://www.instacart.com/image-server/197x197/filters:fill(FFF,true):format(jpg)/d2lnr5mha7bycj.cloudfront.net/product-image/file/large_cc61a9cb-ce4d-4182-9e34-39f30fac30f0.jpeg,"
CVS®,"Kirkland Signature Low Fat 1% Milk, 1 gal",$3.30,,,,[],Many in stock,"https://www.instacart.com/image-server/197x197/filters:fill(FFF,true):format(jpg)/d2lnr5mha7bycj.cloudfront.net/product-image/file/large_86e6b1a8-a53b-4f75-b4a8-b24a5cdaa039.jpeg,"
CVS®,"Kirkland Signature Organic 1% Low Fat Milk , 64 fl oz, 3-count",$13.67,,,192 fl oz,['Organic'],Many in stock,"https://www.instacart.com/image-server/197x197/filters:fill(FFF,true):format(jpg)/d2lnr5mha7bycj.cloudfront.net/product-image/file/large_23f35c40-4da7-474f-a019-16d2b9c804f6.jpeg,"
CVS®,"Kirkland Signature, Organic Almond Beverage, Vanilla, 32 fl oz, 6-Count",$8.70,,,6 ct,['Organic'],Many in stock,"https://www.instacart.com/image-server/197x197/filters:fill(FFF,true):format(jpg)/d2lnr5mha7bycj.cloudfront.net/product-image/file/large_9082edcc-938e-493f-ba29-6e59ac655228.jpeg,"
CVS®,"Kirkland Signature Organic Lactose Free Milk, 64 fl oz, 3 count",$14.92,,,3 ct,['Organic'],Many in stock,"https://www.instacart.com/image-server/197x197/filters:fill(FFF,true):format(jpg)/d2lnr5mha7bycj.cloudfront.net/product-image/file/large_fd38b150-5741-42f0-ac7c-d07a5527a3ff.jpeg,"
CVS®,"Kirkland Signature, Organic Reduced Fat Chocolate Milk, 8.25 fl oz, 24-Count",$22.26,,,24 ct,['Organic'],Many in stock,"https://www.instacart.com/image-server/197x197/filters:fill(FFF,true):format(jpg)/d2lnr5mha7bycj.cloudfront.net/product-image/file/large_f9ee191d-75c0-4f3b-9ed7-e8e9b3e2bdd9.jpeg,"
CVS®,"Kirkland Signature Organic 2% Reduced Fat Milk, Half Gallon, 3-count",$15.91,,,64 fl oz,['Organic'],Many in stock,"https://www.instacart.com/image-server/197x197/filters:fill(FFF,true):format(jpg)/d2lnr5mha7bycj.cloudfront.net/product-image/file/large_b6b2dac0-8fdc-420b-b6dd-fe3f31c5a77f.jpeg,"
CVS®,"Kirkland Signature, Almond Milk, 1 qt, 12-count",$13.67,,,12 ct,['Vegan'],Many in stock,"https://www.instacart.com/image-server/197x197/filters:fill(FFF,true):format(jpg)/d2lnr5mha7bycj.cloudfront.net/product-image/file/large_d5110c54-fb46-41d9-ba98-1919d60c231d.jpeg,"
CVS®,"KS Organic Whole Milk, 8 fl oz, 18-count",$16.16,,,,['Organic'],,"https://www.instacart.com/image-server/197x197/filters:fill(FFF,true):format(jpg)/d2lnr5mha7bycj.cloudfront.net/product-image/file/large_9a4d2236-07fd-4b9d-bcb6-ea735cb2c855.jpeg,"
CVS®,Silk Original Organic Almond Milk,$13.67,,,3 ct,['Organic'],,"https://www.instacart.com/image-server/197x197/filters:fill(FFF,true):format(jpg)/d2lnr5mha7bycj.cloudfront.net/product-image/file/large_12c96aa3-6139-411c-9597-9ef825b0cd7d.jpeg,"
CVS®,"Kirkland Signature Organic Chocolate Banana Beverage, 11 oz, 18-count",$26.73,,,,['Organic'],Many in stock,"https://www.instacart.com/image-server/197x197/filters:fill(FFF,true):format(jpg)/d2lnr5mha7bycj.cloudfront.net/product-image/file/large_d146316f-fe38-4b13-8abf-fa7c8d104738.jpeg,"
CVS®,"Kirkland Signature, Organic Soy Beverage, Vanilla, 32 fl oz, 12-Count",$18.03,,,12 ct,['Organic'],Many in stock,"https://www.instacart.com/image-server/197x197/filters:fill(FFF,true):format(jpg)/d2lnr5mha7bycj.cloudfront.net/product-image/file/large_dcaa0fb1-c3df-42a0-8266-3a5d40c1e240.jpeg,"
CVS®,"SO Delicious, Organic Coconut Milk, 32 oz, 6-Count",$14.29,,,32 fl oz,"['Organic', 'Vegan']",,"https://www.instacart.com/image-server/197x197/filters:fill(FFF,true):format(jpg)/d2lnr5mha7bycj.cloudfront.net/product-image/file/large_154bfb90-9d5f-4396-91cb-63dc3bba0afa.jpeg,"
CVS®,"Kirkland Signature Baguette, 2-pack",$7.45,,,2 ct,[],Many in stock,"https://www.instacart.com/image-server/197x197/filters:fill(FFF,true):format(jpg)/d2lnr5mha7bycj.cloudfront.net/product-image/file/large_a530b2d8-b095-44db-a334-624585f2173f.jpeg,"
CVS®,"Dave's Killer Bread Organic 21 Whole Grain, 27 oz, 2-count",$10.56,,,2 ct,['Organic'],Many in stock,"https://www.instacart.com/image-server/197x197/filters:fill(FFF,true):format(jpg)/d2lnr5mha7bycj.cloudfront.net/product-image/file/large_1dfdb391-56e9-4a1d-bb96-f2ca1f4a55ce.jpeg,"
CVS®,"Sara Lee Artesano Bread, 20 oz, 2-count",$6.21,,,2 ct,[],Many in stock,"https://www.instacart.com/image-server/197x197/filters:fill(FFF,true):format(jpg)/d2lnr5mha7bycj.cloudfront.net/product-image/file/large_2ab7032c-b7c0-4d8c-9d41-b67a980c024b.jpeg,"
CVS®,"Kirkland Signature Country French Bread, 2-pack",$7.45,,,,[],Many in stock,"https://www.instacart.com/image-server/197x197/filters:fill(FFF,true):format(jpg)/d2lnr5mha7bycj.cloudfront.net/product-image/file/large_f1819ba0-775f-436a-b10f-c4ae82b11998.jpeg,"
CVS®,"Schwebel's Giant White Bread, 22 oz, 2-count",$4.96,,,2 ct,[],Many in stock,"https://www.instacart.com/image-server/197x197/filters:fill(FFF,true):format(jpg)/d2lnr5mha7bycj.cloudfront.net/product-image/file/large_fe526593-d1a9-4d33-85c4-c4628f1a33b2.jpeg,"
CVS®,"Stan’s San Francisco Sourdough Bread, 32 oz",$5.59,,,,[],Many in stock,"https://www.instacart.com/image-server/197x197/filters:fill(FFF,true):format(jpg)/d2lnr5mha7bycj.cloudfront.net/product-image/file/large_b75bc952-310d-49e3-8e1e-10ad9ad4260a.jpeg,"
CVS®,"Kirkland Signature Rosemary Parmesan, 2-count",$9.94,,,2 ct,[],,"https://www.instacart.com/image-server/197x197/filters:fill(FFF,true):format(jpg)/d2lnr5mha7bycj.cloudfront.net/product-image/file/large_b2e36b4f-9b8a-41c1-b2bc-4100b0efbd8e.jpeg,"
CVS®,"Innkeeper's Multigrain Bread, 28 oz, 2 count",$6.71,,,,[],Many in stock,"https://www.instacart.com/image-server/197x197/filters:fill(FFF,true):format(jpg)/d2lnr5mha7bycj.cloudfront.net/product-image/file/large_d651260e-0f7b-4e29-9773-8e9b72222b6c.jpeg,"
CVS®,"Innkeeper's Cinnamon Streusel Loaves, 28 oz, 2-count",$12.43,,,,[],Many in stock,"https://www.instacart.com/image-server/197x197/filters:fill(FFF,true):format(jpg)/d2lnr5mha7bycj.cloudfront.net/product-image/file/large_ba85962c-cb5d-4d53-a16c-ed3cd968ae7a.jpeg,"
CVS®,Kirkland Signature Roasted Garlic Parmesan Bread,$9.94,,,,[],,"https://www.instacart.com/image-server/197x197/filters:fill(FFF,true):format(jpg)/d2lnr5mha7bycj.cloudfront.net/product-image/file/large_2653a0f1-7a99-4a9b-ab5d-a50d34df5858.jpeg,"
CVS®,"Natural Ovens Keto-Friendly Bread, 36 oz",$11.81,,,2 ct,['Keto'],Many in stock,"https://www.instacart.com/image-server/197x197/filters:fill(FFF,true):format(jpg)/d2lnr5mha7bycj.cloudfront.net/product-image/file/large_68617c75-7065-4b63-b530-47142da344bc.jpeg,"
CVS®,"Goldbergs Challah Twin Pack, 40 oz",$9.94,,,2 ct,[],,"https://www.instacart.com/image-server/197x197/filters:fill(FFF,true):format(jpg)/d2lnr5mha7bycj.cloudfront.net/product-image/file/large_ab1d6ba7-cc8f-42d0-a41a-0a731ec316cd.jpeg,"
CVS®,"Schwebel's Sweet Harvest Wheat Bread, 20 oz, 2-count",$4.96,,,,[],Many in stock,"https://www.instacart.com/image-server/197x197/filters:fill(FFF,true):format(jpg)/d2lnr5mha7bycj.cloudfront.net/product-image/file/large_e419a78a-67ef-498f-bd38-75c3d7f3eef1.jpeg,"
CVS®,"Cinnamon, Toast Crunch Cereal, 49.5 oz",$9.82,,,"★★★★★
★★★★★
(2.8K)",['Whole Grain'],Many in stock,"https://www.instacart.com/image-server/197x197/filters:fill(FFF,true):format(jpg)/d2lnr5mha7bycj.cloudfront.net/product-image/file/large_a547bb59-f25f-4630-9de4-a11f7838f7dc.jpeg,"
CVS®,"General Mills Honey Nut Cheerios Honey Nut Cheerios, 2 x 27.5 oz",$10.93,,,2 ct,"['Gluten-Free', 'Whole Grain']",,"https://www.instacart.com/image-server/197x197/filters:fill(FFF,true):format(jpg)/d2lnr5mha7bycj.cloudfront.net/product-image/file/large_ea2d97ec-1ebc-4399-b130-43a2167f631c.jpeg,"
CVS®,"Krusteaz, Complete Buttermilk Pancake Mix, 10 lbs",$9.94,,,"★★★★★
★★★★★
(56)",[],Many in stock,"https://www.instacart.com/image-server/197x197/filters:fill(FFF,true):format(jpg)/d2lnr5mha7bycj.cloudfront.net/product-image/file/large_5d0847b5-9a98-47f6-8fc5-810975b8a91b.jpeg,"
CVS®,"Quaker, Instant Oatmeal, Variety Pack, 1.51 oz, 52-Count",$16.16,,,,[],Many in stock,"https://www.instacart.com/image-server/197x197/filters:fill(FFF,true):format(jpg)/d2lnr5mha7bycj.cloudfront.net/product-image/file/large_6a924ebf-54c8-480e-a753-98145b4ee587.jpeg,"
CVS®,"Quaker, Oats Old Fashioned Oatmeal, 10 lbs",$13.67,,,2 ct,[],Many in stock,"https://www.instacart.com/image-server/197x197/filters:fill(FFF,true):format(jpg)/d2lnr5mha7bycj.cloudfront.net/product-image/file/large_c1f80ee3-29f8-41f9-ab2d-37ba5c8e3ba9.jpeg,"
CVS®,"Kellogg's Frosted Flakes Cereal, 30.95 oz, 2-count",$10.40,,,"★★★★★
★★★★★
(1.03K)",[],Many in stock,"https://www.instacart.com/image-server/197x197/filters:fill(FFF,true):format(jpg)/d2lnr5mha7bycj.cloudfront.net/product-image/file/large_ba6a2846-1721-47da-b8a9-8c6c0818dcdf.jpeg,"
CVS®,"Kirkland Signature Organic Ancient Grain Granola, 35.3 oz",$11.06,,,,['Organic'],Many in stock,"https://www.instacart.com/image-server/197x197/filters:fill(FFF,true):format(jpg)/d2lnr5mha7bycj.cloudfront.net/product-image/file/large_12f1673e-c870-4af4-99b0-04e357b2488b.jpeg,"
CVS®,"Kellogg's Nutri-Grain Bars, 1.3 oz, 64-count",$19.79,,,64 ct,[],Many in stock,"https://www.instacart.com/image-server/197x197/filters:fill(FFF,true):format(jpg)/d2lnr5mha7bycj.cloudfront.net/product-image/file/large_0b9f20d4-74ae-4651-b143-f9b5df214917.jpeg,"
CVS®,"General Mills, Cheerios Cereal, 20.35 oz, 2-Count",$8.07,,,2 ct,"['Gluten-Free', 'Whole Grain']",,"https://www.instacart.com/image-server/197x197/filters:fill(FFF,true):format(jpg)/d2lnr5mha7bycj.cloudfront.net/product-image/file/large_55f9901a-4ed7-4398-bf43-24ea77c0a555.jpeg,"
CVS®,"Nu Trail Keto Blueberry Cinnamon Nut Granola, 22 oz",$17.40,,,,"['Gluten-Free', 'Keto']",Many in stock,"https://www.instacart.com/image-server/197x197/filters:fill(FFF,true):format(jpg)/d2lnr5mha7bycj.cloudfront.net/product-image/file/large_f27554d2-98d7-45ec-ae70-ee794ca619ad.jpeg,"
CVS®,"Kellogg's, Special K Red Berries Cereal, 43 oz",$12.30,,,2 ct,['Whole Grain'],,"https://www.instacart.com/image-server/197x197/filters:fill(FFF,true):format(jpg)/d2lnr5mha7bycj.cloudfront.net/product-image/file/large_b0df88ac-3a17-4f57-9e77-751bde757de3.jpeg,"
CVS®,"General Mills Minis Cereal Variety, 34.8 oz",$9.32,,,,[],Many in stock,"https://www.instacart.com/image-server/197x197/filters:fill(FFF,true):format(jpg)/d2lnr5mha7bycj.cloudfront.net/product-image/file/large_b59ad2c4-25cb-40dc-9675-c9e1ff90b7d8.jpeg,"
CVS®,"Catalina Crunch Cinnamon Toast Keto Cereal, 20 oz",$13.67,,,,"['Gluten-Free', 'Keto']",Many in stock,"https://www.instacart.com/image-server/197x197/filters:fill(FFF,true):format(jpg)/d2lnr5mha7bycj.cloudfront.net/product-image/file/large_61b09a3a-37a1-418d-a7fe-1c923de6266d.jpeg,"
CVS®,"Kellogg's Cereal, Variety Pack, 3-count",$14.92,,,,[],Many in stock,"https://www.instacart.com/image-server/197x197/filters:fill(FFF,true):format(jpg)/d2lnr5mha7bycj.cloudfront.net/product-image/file/large_5ac50438-f002-408f-9166-e3d42ee72f75.jpeg,"
CVS®,"Organic Blueberry Almond Crunch Cereal, 2 lbs 2 oz",$17.40,,,2 ct,"['Organic', 'Whole Grain']",Many in stock,"https://www.instacart.com/image-server/197x197/filters:fill(FFF,true):format(jpg)/d2lnr5mha7bycj.cloudfront.net/product-image/file/large_400de7c8-e439-4d16-8205-9081e1d60082.jpeg,"
CVS®,"One Degree Gluten-Free Organic Rolled Oats, 80 oz",$12.18,,,,"['Organic', 'Gluten-Free']",Many in stock,"https://www.instacart.com/image-server/197x197/filters:fill(FFF,true):format(jpg)/d2lnr5mha7bycj.cloudfront.net/product-image/file/large_4b42d3a6-cafe-4437-800b-da2d9feb175c.jpeg,"
CVS®,"Seven Sundays Breakfast Wildberry Protein Oats, 28 oz",$11.18,,,,[],Many in stock,"https://www.instacart.com/image-server/197x197/filters:fill(FFF,true):format(jpg)/d2lnr5mha7bycj.cloudfront.net/product-image/file/large_82b84c2b-6c0d-4d7e-ad29-2b18815769bd.jpeg,"
CVS®,"Heart & Steel Fruit & Nut Granola Bag, 22 oz.",$10.56,,,,[],Many in stock,"https://www.instacart.com/image-server/197x197/filters:fill(FFF,true):format(jpg)/d2lnr5mha7bycj.cloudfront.net/product-image/file/large_f262bf10-b0a9-403d-8670-34173547635e.jpeg,"
CVS®,"Kirkland Signature Whole Grain Rolled Oats, 10 lbs",$9.94,,,,[],Many in stock,"https://www.instacart.com/image-server/197x197/filters:fill(FFF,true):format(jpg)/d2lnr5mha7bycj.cloudfront.net/product-image/file/large_113ca31e-61c9-46ab-8aad-224a8b01e738.jpeg,"
CVS®,"Kellogg's Raisin Bran Crunch, 56.6 oz",$12.18,,,,['Whole Grain'],Many in stock,"https://www.instacart.com/image-server/197x197/filters:fill(FFF,true):format(jpg)/d2lnr5mha7bycj.cloudfront.net/product-image/file/large_80d4e69b-2c7b-40ab-9d66-7acd6ccc4a95.jpeg,"
CVS®,"Nature Valley Oats & Honey Granola, 28 oz",$10.56,,,,[],,"https://www.instacart.com/image-server/197x197/filters:fill(FFF,true):format(jpg)/d2lnr5mha7bycj.cloudfront.net/product-image/file/large_d2819478-3f77-40ec-809d-b1012c23d14a.jpeg,"
CVS®,"General Mills Morning Summit Cereal, 38 oz",$16.16,,,,['Whole Grain'],Many in stock,"https://www.instacart.com/image-server/197x197/filters:fill(FFF,true):format(jpg)/d2lnr5mha7bycj.cloudfront.net/product-image/file/large_93664c8f-97a1-4694-82ac-f90b7913f134.jpeg,"
CVS®,"Kirkland Signature, Chicken Breast, 12.5 oz, 6-Count",$16.16,,,6 ct,[],Many in stock,"https://www.instacart.com/image-server/197x197/filters:fill(FFF,true):format(jpg)/d2lnr5mha7bycj.cloudfront.net/product-image/file/large_a8f5e181-709c-48ef-9793-a9b940efb552.jpeg,"
CVS®,"Chicken of the Sea, Chunk Light Premium Tuna in Water, 7 oz, 12-Count",$18.65,,,12 ct,[],Many in stock,"https://www.instacart.com/image-server/197x197/filters:fill(FFF,true):format(jpg)/d2lnr5mha7bycj.cloudfront.net/product-image/file/large_a7855a80-9592-46ff-9d09-69f0a6dff377.jpeg,"
CVS®,"S&W, Organic Garbanzo Beans, 15.5 oz, 8-Count",$10.56,,,8 ct,['Organic'],Many in stock,"https://www.instacart.com/image-server/197x197/filters:fill(FFF,true):format(jpg)/d2lnr5mha7bycj.cloudfront.net/product-image/file/large_b5343fb9-d4d0-44e0-a98b-2fc0a891d124.jpeg,"
CVS®,"Kirkland Signature, Albacore Solid White Tuna in Water, 7 oz, 8-Count",$19.89,,,,[],Many in stock,"https://www.instacart.com/image-server/197x197/filters:fill(FFF,true):format(jpg)/d2lnr5mha7bycj.cloudfront.net/product-image/file/large_c2e56a18-e3b1-4286-ab66-9538b122e530.jpeg,"
CVS®,"Del Monte, Canned Corn-Whole Kernel, 15.25 oz, 12-Count",$13.67,,,12 ct,[],Many in stock,"https://www.instacart.com/image-server/197x197/filters:fill(FFF,true):format(jpg)/d2lnr5mha7bycj.cloudfront.net/product-image/file/large_c99ac49c-883e-41e3-bf86-010451ca96e2.jpeg,"
CVS®,"Del Monte, Canned Cut Green Beans, 14.5 oz, 12-Count",$13.67,,,,[],Many in stock,"https://www.instacart.com/image-server/197x197/filters:fill(FFF,true):format(jpg)/d2lnr5mha7bycj.cloudfront.net/product-image/file/large_d6bb482e-b46e-4ccf-bf19-064de7120f7d.jpeg,"
CVS®,"Kirkland Signature Sliced Peaches, 24 oz, 2-count",$15.54,,,4 ct,[],Many in stock,"https://www.instacart.com/image-server/197x197/filters:fill(FFF,true):format(jpg)/d2lnr5mha7bycj.cloudfront.net/product-image/file/large_355d3d35-a9f3-48a1-acc0-db3786624bd2.jpeg,"
CVS®,"Gogo Squeeze Fruit on the Go, Variety Pack, 3.2 oz, 48-count",$24.87,,,,[],Many in stock,"https://www.instacart.com/image-server/197x197/filters:fill(FFF,true):format(jpg)/d2lnr5mha7bycj.cloudfront.net/product-image/file/large_e4a222c0-f0d7-4955-bc2b-511b012f23c5.jpeg,"
CVS®,"Gefen Organic Beets, 17.6 oz, 3-count",$8.70,,,3 ct,['Organic'],Many in stock,"https://www.instacart.com/image-server/197x197/filters:fill(FFF,true):format(jpg)/d2lnr5mha7bycj.cloudfront.net/product-image/file/large_38c256a9-e124-4206-8c02-49537f7403ec.jpeg,"
CVS®,"Kirkland Signature, Organic Tomato Sauce, 15 oz, 12-Count",$14.92,,,12 ct,['Organic'],Many in stock,"https://www.instacart.com/image-server/197x197/filters:fill(FFF,true):format(jpg)/d2lnr5mha7bycj.cloudfront.net/product-image/file/large_7320ab44-f70d-4ccc-85ff-9cd70597cf1b.jpeg,"
CVS®,"Kirkland Signature, Organic Diced Tomatoes, 14.5 oz, 8-Count",$11.06,,,8 ct,['Organic'],Many in stock,"https://www.instacart.com/image-server/197x197/filters:fill(FFF,true):format(jpg)/d2lnr5mha7bycj.cloudfront.net/product-image/file/large_f7dc7a02-bbd2-4b81-a67f-351a778b804f.jpeg,"
CVS®,"Marie Callender's Angus Beef Chili with Beans, 15 oz, 8-count",$15.54,,,,[],Many in stock,"https://www.instacart.com/image-server/197x197/filters:fill(FFF,true):format(jpg)/d2lnr5mha7bycj.cloudfront.net/product-image/file/large_b6588479-c548-4427-b899-314dca736cce.jpeg,"
CVS®,"Kirkland Signature Artichoke Hearts, 33 oz, 2-count",$13.67,,,2 ct,[],Many in stock,"https://www.instacart.com/image-server/197x197/filters:fill(FFF,true):format(jpg)/d2lnr5mha7bycj.cloudfront.net/product-image/file/large_8c751f3c-9966-4311-bc07-f0b57afbbd0d.jpeg,"
CVS®,"GoGo SqueeZ, Organic Applesauce, Variety Pack, 3.2 oz, 28-Count",$21.14,,,,['Organic'],Many in stock,"https://www.instacart.com/image-server/197x197/filters:fill(FFF,true):format(jpg)/d2lnr5mha7bycj.cloudfront.net/product-image/file/large_c8b7c7ce-8c37-4dd2-9642-0c23ebea8aaf.jpeg,"
CVS®,"Spam 25% Less Sodium, 12 oz, 8-Count",$27.98,,,8 ct,[],Many in stock,"https://www.instacart.com/image-server/197x197/filters:fill(FFF,true):format(jpg)/d2lnr5mha7bycj.cloudfront.net/product-image/file/large_13c779c4-8902-415e-a527-177798007225.jpeg,"
CVS®,"Mott's, Organic Apple Sauce, 3.9 oz, 36-Count",$19.89,,,36 ct,['Organic'],,"https://www.instacart.com/image-server/197x197/filters:fill(FFF,true):format(jpg)/d2lnr5mha7bycj.cloudfront.net/product-image/file/large_7dd5ecc6-b8a1-4940-b2c0-70075223b888.jpeg,"
CVS®,"Season, Skinless & Boneless Sardines In Olive Oil, 4.375 oz, 6-Count",$13.67,,,6 ct,[],Many in stock,"https://www.instacart.com/image-server/197x197/filters:fill(FFF,true):format(jpg)/d2lnr5mha7bycj.cloudfront.net/product-image/file/large_247fa3e2-9af3-4608-b32b-7a3bceb9e133.jpeg,"
CVS®,"Safe Catch Ahi Wild Yellowfin Tuna Steaks, 6-count, 5 oz cans",$16.16,,,6 ct,[],Many in stock,"https://www.instacart.com/image-server/197x197/filters:fill(FFF,true):format(jpg)/d2lnr5mha7bycj.cloudfront.net/product-image/file/large_e536460b-ca02-4006-a76d-53f2ed14c02a.jpeg,"
CVS®,"Kirkland Signature, Wild Alaskan Pink Salmon, 6 oz, 6-Count",$18.65,,,6 ct,[],Many in stock,"https://www.instacart.com/image-server/197x197/filters:fill(FFF,true):format(jpg)/d2lnr5mha7bycj.cloudfront.net/product-image/file/large_56f9ac95-e239-4216-85a2-5859ed30996a.jpeg,"
CVS®,"Kirkland Signature, Organic Tomato Paste, 6 oz, 12-Count",$11.18,,,12 ct,['Organic'],Many in stock,"https://www.instacart.com/image-server/197x197/filters:fill(FFF,true):format(jpg)/d2lnr5mha7bycj.cloudfront.net/product-image/file/large_019adc36-b494-40d7-a552-b833af581638.jpeg,"
CVS®,"Bush's Baked Beans, 16.5 oz, 8-count",$13.30,,,,[],Many in stock,"https://www.instacart.com/image-server/197x197/filters:fill(FFF,true):format(jpg)/d2lnr5mha7bycj.cloudfront.net/product-image/file/large_a241a38e-c3e7-40c9-b201-2eb29cf9ec10.jpeg,"
CVS®,"Wild Planet, Albacore Wilda Tuna, 5 oz, 6-Count",$20.51,,,6 ct,[],Many in stock,"https://www.instacart.com/image-server/197x197/filters:fill(FFF,true):format(jpg)/d2lnr5mha7bycj.cloudfront.net/product-image/file/large_1e8f584a-f242-4cbb-867e-948eee5a6e1e.jpeg,"
CVS®,"Fabbri Amarena Wild Cherries in Syrup, 35.2 oz",$23.62,,,,[],Many in stock,"https://www.instacart.com/image-server/197x197/filters:fill(FFF,true):format(jpg)/d2lnr5mha7bycj.cloudfront.net/product-image/file/large_fe9d5e1a-41bc-4470-96ac-07d630c71461.jpeg,"
CVS®,"Rotel Diced Tomatoes & Green Chilies, Original, 10 oz, 8 count",$9.32,,,8 ct,[],Many in stock,"https://www.instacart.com/image-server/197x197/filters:fill(FFF,true):format(jpg)/d2lnr5mha7bycj.cloudfront.net/product-image/file/large_f4c621eb-7c30-4b4e-8007-42dd2ce7a4e1.jpeg,"
CVS®,"Bella Sun Luci Sun Dried Tomatoes In Olive Oil & Italian Herbs, 35 oz",$14.92,,,,[],Many in stock,"https://www.instacart.com/image-server/197x197/filters:fill(FFF,true):format(jpg)/d2lnr5mha7bycj.cloudfront.net/product-image/file/large_8288d4c5-c8bb-4302-b1b2-43182da4dbd1.jpeg,"
CVS®,"Kirkland Signature San Marzano Whole Peeled Tomatoes, 28 oz, 3-count",$16.16,,,3 ct,[],Many in stock,"https://www.instacart.com/image-server/197x197/filters:fill(FFF,true):format(jpg)/d2lnr5mha7bycj.cloudfront.net/product-image/file/large_0b7f07cc-3ff3-446e-bfdf-591a8eaad5be.jpeg,"
CVS®,"Nina Peeled Tomatoes, 6 lbs 10 oz",$7.45,,,,[],Many in stock,"https://www.instacart.com/image-server/197x197/filters:fill(FFF,true):format(jpg)/d2lnr5mha7bycj.cloudfront.net/product-image/file/large_e7676886-9a23-477c-adc4-cdefdb0ae113.jpeg,"
CVS®,"Vita Perfect Catch Wild Herring, 32 oz",$9.32,,,,[],Many in stock,"https://www.instacart.com/image-server/197x197/filters:fill(FFF,true):format(jpg)/d2lnr5mha7bycj.cloudfront.net/product-image/file/large_00e3e853-429c-49bf-ba2f-ea8eba947da4.jpeg,"
CVS®,"Frontera Organic Refried Beans Cans, 16 oz, 8-count",$14.67,,,,['Organic'],Many in stock,"https://www.instacart.com/image-server/197x197/filters:fill(FFF,true):format(jpg)/d2lnr5mha7bycj.cloudfront.net/product-image/file/large_1b76758d-655d-4bdd-9e7b-a0e123143253.jpeg,"
CVS®,"Yehuda Original Gefilte Fish, 24 oz, 2-count",$11.18,,,2 ct,[],,"https://www.instacart.com/image-server/197x197/filters:fill(FFF,true):format(jpg)/d2lnr5mha7bycj.cloudfront.net/product-image/file/large_eae5635a-3937-4a79-be0d-7b7c4855257f.jpeg,"
CVS®,"Poshi Marinated Artichoke, 1.58 oz, 12-count",$15.91,,,,[],Likely out of stock,"https://www.instacart.com/image-server/197x197/filters:fill(FFF,true):format(jpg)/d2lnr5mha7bycj.cloudfront.net/product-image/file/large_51e917f8-6210-4551-8c08-857097c32fea.jpeg,"
