Store,Item Name,Price,Units,Unit Price,Amount,Tags,In Stock,Image
CVS®,"George's Chicken Wing, Sections",$18.69,,,64 oz,[],,"https://www.instacart.com/image-server/197x197/filters:fill(FFF,true):format(jpg)/d2lnr5mha7bycj.cloudfront.net/product-image/file/large_8346baa3-026c-4903-9d78-ff6a3cb85928.png,"
CVS®,"Mr Chikin Chicken Wing Sections, Uncooked, Ice Glazed",$12.09,,,64 oz,[],Many in stock,"https://www.instacart.com/image-server/197x197/filters:fill(FFF,true):format(jpg)/d2lnr5mha7bycj.cloudfront.net/product-image/file/large_f9b100e3-99b6-4672-a855-37068c75295f.png,"
CVS®,Gorton's Classic Grilled Salmon Fillets,$8.49,,,6.3 oz,['Gluten-Free'],,"https://www.instacart.com/image-server/197x197/filters:fill(FFF,true):format(jpg)/d2lnr5mha7bycj.cloudfront.net/product-image/file/large_ce75a6d2-6696-4b11-b66d-e045a9fb379a.jpg,"
CVS®,"Jimmy Dean Pork Sausage, Premium, Regular",$6.59,,,16 oz,['Gluten-Free'],,"https://www.instacart.com/image-server/197x197/filters:fill(FFF,true):format(jpg)/d2lnr5mha7bycj.cloudfront.net/product-image/file/large_dc4767b3-0510-45d0-bf5d-782ab775150b.png,"
CVS®,"Tyson Popcorn Chicken, Frozen",$10.99,,,24 oz,[],,"https://www.instacart.com/image-server/197x197/filters:fill(FFF,true):format(jpg)/d2lnr5mha7bycj.cloudfront.net/product-image/file/large_b92ba067-730e-4437-afb8-adf62948eb39.jpg,"
CVS®,"Tyson Fully Cooked Fun Nuggets with Whole Grain Breading, Frozen",$8.79,,,29 oz,[],,"https://www.instacart.com/image-server/197x197/filters:fill(FFF,true):format(jpg)/d2lnr5mha7bycj.cloudfront.net/product-image/file/large_b09a1198-2f3e-4a49-89a1-6b2b4e2469d5.jpg,"
CVS®,Dutch Farms Chicken Breast Nuggets,$12.09,,,48 oz,[],,"https://www.instacart.com/image-server/197x197/filters:fill(FFF,true):format(jpg)/d2lnr5mha7bycj.cloudfront.net/product-image/file/large_78f56caf-541b-44ef-8c8b-dd9d020e8b45.jpg,"
CVS®,"P.F. Chang's Honey Chicken Skillet Meal, Frozen Meal",$14.29,,,22 oz,[],,"https://www.instacart.com/image-server/197x197/filters:fill(FFF,true):format(jpg)/d2lnr5mha7bycj.cloudfront.net/product-image/file/large_00af99e5-43a9-4e24-a3c8-33e7d6cd4a37.jpg,"
CVS®,Original price: $7.19,$6.59,,,26 oz,[],,"https://www.instacart.com/image-server/197x197/filters:fill(FFF,true):format(jpg)/d2lnr5mha7bycj.cloudfront.net/product-image/file/large_d86b31db-0f0b-456c-a951-dab71da5fdc2.png,"
CVS®,Frozen Thin Slice Boneless Chicken Breast,$5.49,/lb,,$0.34/oz,[],,"https://www.instacart.com/image-server/197x197/filters:fill(FFF,true):format(jpg)/d1s8987jlndkbs.cloudfront.net/assets/missing-item-4bbe82b8555e4d1c12626fd482cb2409713e8e30835645ff3650ef66a725d03c.png,"
CVS®,Tyson Honey BBQ Boneless Chicken Bites,$10.99,,,25.5 oz,[],,"https://www.instacart.com/image-server/197x197/filters:fill(FFF,true):format(jpg)/d2lnr5mha7bycj.cloudfront.net/product-image/file/large_3b7ec60a-cb37-49ed-9bb3-02051874c0e4.jpg,"
CVS®,SeaPak Jumbo Coconut Shrimp with Orange Marmalade Sauce,$15.39,,,18 oz,[],,"https://www.instacart.com/image-server/197x197/filters:fill(FFF,true):format(jpg)/d2lnr5mha7bycj.cloudfront.net/product-image/file/large_f6bcaf7e-f10f-4f69-b551-1a51e328ff21.jpg,"
CVS®,Original price: $8.79,$6.59,,,10.8 oz,['Gluten-Free'],,"https://www.instacart.com/image-server/197x197/filters:fill(FFF,true):format(jpg)/d2lnr5mha7bycj.cloudfront.net/product-image/file/large_5fe6dfde-22bb-473c-b227-55047ca95fb8.png,"
CVS®,Tyson Fully Cooked Crispy Chicken Strips,$10.99,,,25 oz,[],,"https://www.instacart.com/image-server/197x197/filters:fill(FFF,true):format(jpg)/d2lnr5mha7bycj.cloudfront.net/product-image/file/large_2622145a-182e-4c26-886f-4630464bb778.jpg,"
CVS®,On‑Cor Barbecue Sauce & Boneless Rib Shaped Patties,$5.49,,,26 oz,[],,"https://www.instacart.com/image-server/197x197/filters:fill(FFF,true):format(jpg)/d2lnr5mha7bycj.cloudfront.net/product-image/file/large_1c21a2a7-520e-4f0d-8b59-f269b190553d.png,"
CVS®,"Pier 33 Gourmet Mussels, in Butter Garlic Sauce",$6.09,,,1 lb,[],,"https://www.instacart.com/image-server/197x197/filters:fill(FFF,true):format(jpg)/d2lnr5mha7bycj.cloudfront.net/product-image/file/large_71a5dc98-208d-4484-84b8-58f31859a32f.png,"
CVS®,White Castle Spicy Chicken Rings,$13.19,,,20 oz,[],,"https://www.instacart.com/image-server/197x197/filters:fill(FFF,true):format(jpg)/d2lnr5mha7bycj.cloudfront.net/product-image/file/large_89da2fe3-886c-400a-a8b9-74510322837b.jpg,"
CVS®,Foster Farms Crispy Chicken Breast Strips,$10.99,,,24 oz,[],,"https://www.instacart.com/image-server/197x197/filters:fill(FFF,true):format(jpg)/d2lnr5mha7bycj.cloudfront.net/product-image/file/large_2ce9cc1f-3332-4af0-b29e-bbfe63db6c03.png,"
CVS®,Gorton's Breaded Minced Fish Sticks,$10.99,,,24.5 oz,[],,"https://www.instacart.com/image-server/197x197/filters:fill(FFF,true):format(jpg)/d2lnr5mha7bycj.cloudfront.net/product-image/file/large_7ae05813-9aad-4f17-a83f-4df318964efc.jpg,"
CVS®,Gorton's Lemon & Cracked Peppercorn Breaded Fish Fillets,$8.49,,,11 oz,[],,"https://www.instacart.com/image-server/197x197/filters:fill(FFF,true):format(jpg)/d2lnr5mha7bycj.cloudfront.net/product-image/file/large_de69effd-2c19-492b-888d-9094abf61a51.jpg,"
CVS®,Original price: $7.69,$6.39,,,24 oz,[],,"https://www.instacart.com/image-server/197x197/filters:fill(FFF,true):format(jpg)/d1s8987jlndkbs.cloudfront.net/assets/missing-item-4bbe82b8555e4d1c12626fd482cb2409713e8e30835645ff3650ef66a725d03c.png,"
CVS®,"Tyson Fully Cooked Chicken Nuggets, Frozen",$16.49,,,70.4 oz,[],,"https://www.instacart.com/image-server/197x197/filters:fill(FFF,true):format(jpg)/d2lnr5mha7bycj.cloudfront.net/product-image/file/large_6674cb12-e469-4f8c-9248-95871da859ee.jpg,"
CVS®,Tyson Honey Battered Breast Tenders,$8.79,,,25.5 oz,[],,"https://www.instacart.com/image-server/197x197/filters:fill(FFF,true):format(jpg)/d2lnr5mha7bycj.cloudfront.net/product-image/file/large_d5f79034-7949-459d-948d-ea8c5154ee8f.jpg,"
CVS®,"Tyson Fully Cooked Buffalo Style Chicken Strips, Frozen",$10.99,,,25 oz,[],,"https://www.instacart.com/image-server/197x197/filters:fill(FFF,true):format(jpg)/d2lnr5mha7bycj.cloudfront.net/product-image/file/large_0a09c4e8-4743-433e-8dfc-f7a28a374d64.jpg,"
CVS®,"Philly Gourmet Patties, Thick & Beefy",$13.19,,,6 each,[],Many in stock,"https://www.instacart.com/image-server/197x197/filters:fill(FFF,true):format(jpg)/d2lnr5mha7bycj.cloudfront.net/product-image/file/large_ebadcdd5-04e8-42fd-8511-4b78e6f43f02.png,"
CVS®,Original price: $9.89,$7.69,,,21.7 oz,[],,"https://www.instacart.com/image-server/197x197/filters:fill(FFF,true):format(jpg)/d2lnr5mha7bycj.cloudfront.net/product-image/file/large_31829f1c-877d-4df0-a9cb-cfa93993c868.png,"
CVS®,Gorton's Southern Style Butterfly Shrimp,$10.99,,,9.2 oz,[],,"https://www.instacart.com/image-server/197x197/filters:fill(FFF,true):format(jpg)/d2lnr5mha7bycj.cloudfront.net/product-image/file/large_e75723ae-0202-4f1e-9ae5-140d5565e3af.jpg,"
CVS®,Original price: $14.29,$13.19,,,1.25 lb,[],,"https://www.instacart.com/image-server/197x197/filters:fill(FFF,true):format(jpg)/d1s8987jlndkbs.cloudfront.net/assets/missing-item-4bbe82b8555e4d1c12626fd482cb2409713e8e30835645ff3650ef66a725d03c.png,"
CVS®,Original price: $7.19,$6.59,,,27 oz,[],,"https://www.instacart.com/image-server/197x197/filters:fill(FFF,true):format(jpg)/d2lnr5mha7bycj.cloudfront.net/product-image/file/large_01b25821-d192-4414-9695-54fde2aabc44.png,"
CVS®,Original price: $9.89,$7.69,,,21 oz,[],,"https://www.instacart.com/image-server/197x197/filters:fill(FFF,true):format(jpg)/d2lnr5mha7bycj.cloudfront.net/product-image/file/large_fd43971b-68c3-4836-8268-5c48b1b444b5.jpg,"
CVS®,SeaPak Lobster and Shrimp Bites,$11.59,,,14 oz,[],,"https://www.instacart.com/image-server/197x197/filters:fill(FFF,true):format(jpg)/d2lnr5mha7bycj.cloudfront.net/product-image/file/large_16494b42-ded3-4e86-8e42-610b1735fa6b.jpg,"
CVS®,Original price: $10.99,$9.89,,,16 oz,[],Many in stock,"https://www.instacart.com/image-server/197x197/filters:fill(FFF,true):format(jpg)/d2lnr5mha7bycj.cloudfront.net/product-image/file/large_7d04266b-30ac-480f-a660-6c7effab80c7.png,"
CVS®,Original price: $2.49,$1.99,,,8 oz,[],,"https://www.instacart.com/image-server/197x197/filters:fill(FFF,true):format(jpg)/d2lnr5mha7bycj.cloudfront.net/product-image/file/large_0babc601-860c-4bbd-a2fd-5361632ff680.jpg,"
CVS®,Original price: $9.39,$8.79,,,9.75 oz,[],,"https://www.instacart.com/image-server/197x197/filters:fill(FFF,true):format(jpg)/d2lnr5mha7bycj.cloudfront.net/product-image/file/large_416379a0-b13f-4c6d-89b5-8946b6bd5202.png,"
CVS®,Gorton's Fish Sticks,$8.49,,,11.4 oz,[],,"https://www.instacart.com/image-server/197x197/filters:fill(FFF,true):format(jpg)/d2lnr5mha7bycj.cloudfront.net/product-image/file/large_9ecd2876-adfe-4e7c-92c2-ca47fa1b62e2.jpg,"
CVS®,Wholey Raw EZ Peel Shrimp,$10.99,,,1 lb,[],,"https://www.instacart.com/image-server/197x197/filters:fill(FFF,true):format(jpg)/d2lnr5mha7bycj.cloudfront.net/product-image/file/large_7dacd69e-964d-4989-9c9f-9e3a9b443909.png,"
CVS®,Original price: $6.59,$6.29,,,4 ct,['Vegan'],,"https://www.instacart.com/image-server/197x197/filters:fill(FFF,true):format(jpg)/d2lnr5mha7bycj.cloudfront.net/product-image/file/large_481f56a7-b7fa-45a6-a52b-5b19a74aea5a.jpg,"
CVS®,"The Philly Sandwich Steaks, All Beef",$6.09,,,6 each,[],,"https://www.instacart.com/image-server/197x197/filters:fill(FFF,true):format(jpg)/d2lnr5mha7bycj.cloudfront.net/product-image/file/large_13f926f1-21dc-410b-80b9-ad31d62c7786.png,"
CVS®,Original price: $20.89,$19.79,,,2 oz,[],,"https://www.instacart.com/image-server/197x197/filters:fill(FFF,true):format(jpg)/d2lnr5mha7bycj.cloudfront.net/product-image/file/large_958e0fd4-816c-44b3-ac28-148139f96cf1.jpg,"
CVS®,Tyson Fully Cooked Chicken Nuggets,$8.79,,,32 oz,[],,"https://www.instacart.com/image-server/197x197/filters:fill(FFF,true):format(jpg)/d2lnr5mha7bycj.cloudfront.net/product-image/file/large_ce4dbeb1-70f2-45d9-be0f-de63244e5a43.jpg,"
CVS®,Original price: $6.59,$6.29,,,8 oz,[],,"https://www.instacart.com/image-server/197x197/filters:fill(FFF,true):format(jpg)/d2lnr5mha7bycj.cloudfront.net/product-image/file/large_904d3123-f34c-449c-bbc8-a1e3a8cd02bf.jpg,"
CVS®,"Tyson Fully Cooked Chicken Patties, Frozen",$8.79,,,26 oz,[],,"https://www.instacart.com/image-server/197x197/filters:fill(FFF,true):format(jpg)/d2lnr5mha7bycj.cloudfront.net/product-image/file/large_059721a6-8541-471f-bf29-d3662ab958bb.jpg,"
CVS®,Original price: $9.89,$7.69,,,16 ml,[],,"https://www.instacart.com/image-server/197x197/filters:fill(FFF,true):format(jpg)/d2lnr5mha7bycj.cloudfront.net/product-image/file/large_e06090d0-5d17-4bc4-96b3-597633a21528.jpg,"
CVS®,"Pier 33 Gourmet Mussels, in Tomato Garlic Sauce",$6.09,,,1 lb,[],,"https://www.instacart.com/image-server/197x197/filters:fill(FFF,true):format(jpg)/d2lnr5mha7bycj.cloudfront.net/product-image/file/large_09c1e4c2-e364-402b-b698-568ec606f9be.png,"
CVS®,Original price: $9.89,$7.69,,,20.2 oz,[],,"https://www.instacart.com/image-server/197x197/filters:fill(FFF,true):format(jpg)/d2lnr5mha7bycj.cloudfront.net/product-image/file/large_a52cf062-66fb-4636-b858-b79777e15552.jpg,"
CVS®,"Beyond Meat Beyond Breakfast Sausage, Plant-Based Breakfast Patties, Original",$7.69,,,7.4 oz,"['Gluten-Free', 'Vegan']",,"https://www.instacart.com/image-server/197x197/filters:fill(FFF,true):format(jpg)/d2lnr5mha7bycj.cloudfront.net/product-image/file/large_d3ee210f-07f5-48c8-b243-2b3cbdc6f12f.jpg,"
CVS®,Original price: $16.49,$13.19,,,2 lb,[],,"https://www.instacart.com/image-server/197x197/filters:fill(FFF,true):format(jpg)/d1s8987jlndkbs.cloudfront.net/assets/missing-item-4bbe82b8555e4d1c12626fd482cb2409713e8e30835645ff3650ef66a725d03c.png,"
CVS®,Gorton's Popcorn Shrimp,$10.99,,,14 oz,[],,"https://www.instacart.com/image-server/197x197/filters:fill(FFF,true):format(jpg)/d2lnr5mha7bycj.cloudfront.net/product-image/file/large_46cae0e0-650d-4d50-ab39-7b87dc24c004.jpg,"
CVS®,"Tyson Cooked Grilled Chicken Breast Strips, Frozen",$10.99,,,22 oz,[],,"https://www.instacart.com/image-server/197x197/filters:fill(FFF,true):format(jpg)/d2lnr5mha7bycj.cloudfront.net/product-image/file/large_278acb74-6198-4dd3-9f74-cbdf846167ff.jpg,"
CVS®,SeaPak  Clam Strips in a Delicious Oven Crunchy Breading,$13.19,,,12 oz,[],,"https://www.instacart.com/image-server/197x197/filters:fill(FFF,true):format(jpg)/d2lnr5mha7bycj.cloudfront.net/product-image/file/large_761db411-d0fa-4a5a-ad7a-5ad1c3958e2d.jpg,"
CVS®,SeaPak Shrimp Poppers with Oven Crispy Breading,$11.59,,,23 oz,[],,"https://www.instacart.com/image-server/197x197/filters:fill(FFF,true):format(jpg)/d2lnr5mha7bycj.cloudfront.net/product-image/file/large_568774de-393a-45d3-b4dc-15077005563c.jpg,"
CVS®,Gorton's Southern Style Breaded Fish Fillets,$8.49,,,11 oz,[],,"https://www.instacart.com/image-server/197x197/filters:fill(FFF,true):format(jpg)/d2lnr5mha7bycj.cloudfront.net/product-image/file/large_a813e261-4d38-4a9a-8d50-c84de61eb67e.jpg,"
CVS®,Gorton's Crispy Battered Haddock Fish Fillets,$8.49,,,7.6 oz,[],,"https://www.instacart.com/image-server/197x197/filters:fill(FFF,true):format(jpg)/d2lnr5mha7bycj.cloudfront.net/product-image/file/large_60900f37-3ea8-4abb-a7be-25dacf9702b4.jpg,"
CVS®,Gorton's Maryland Style Crab Cakes,$10.99,,,6 oz,[],,"https://www.instacart.com/image-server/197x197/filters:fill(FFF,true):format(jpg)/d2lnr5mha7bycj.cloudfront.net/product-image/file/large_520544ad-a048-4d61-9e79-909a55c08903.jpg,"
CVS®,Gorton's Crunchy Breaded Butterfly Shrimp,$10.99,,,9.2 oz,[],,"https://www.instacart.com/image-server/197x197/filters:fill(FFF,true):format(jpg)/d2lnr5mha7bycj.cloudfront.net/product-image/file/large_ed471055-6232-4351-9f0a-1bf019762eb9.jpg,"
CVS®,Gorton's Beer Battered Crispy Fillets,$10.99,,,18.2 oz,[],,"https://www.instacart.com/image-server/197x197/filters:fill(FFF,true):format(jpg)/d2lnr5mha7bycj.cloudfront.net/product-image/file/large_f8820246-f4af-4d72-9fca-48d71650534b.jpg,"
CVS®,Gorton's Crunchy Panko Breadcrumbs Cod,$13.19,,,14.6 oz,[],,"https://www.instacart.com/image-server/197x197/filters:fill(FFF,true):format(jpg)/d2lnr5mha7bycj.cloudfront.net/product-image/file/large_a424726b-451d-494b-9f47-962bdadc2c88.jpg,"
CVS®,Gorton's Crunchy Breaded Fish Fillets,$8.49,,,11.4 oz,[],,"https://www.instacart.com/image-server/197x197/filters:fill(FFF,true):format(jpg)/d2lnr5mha7bycj.cloudfront.net/product-image/file/large_8af6c9f8-b500-46ac-9181-97978e208882.jpg,"
CVS®,Gorton's Air Fried Butterfly Shrimp,$10.99,,,9 oz,[],,"https://www.instacart.com/image-server/197x197/filters:fill(FFF,true):format(jpg)/d2lnr5mha7bycj.cloudfront.net/product-image/file/large_60ab4ca7-7767-4c3e-9ac0-7baf46211f83.jpg,"
CVS®,Gorton's Crispy Battered Fish Fillets,$8.49,,,11.4 oz,[],,"https://www.instacart.com/image-server/197x197/filters:fill(FFF,true):format(jpg)/d2lnr5mha7bycj.cloudfront.net/product-image/file/large_7e3bc8ab-decd-40b7-b8f3-4e30355597e1.jpg,"
CVS®,Gorton's Signature Grilled Tilapia Fillets,$8.49,,,6.3 oz,['Gluten-Free'],,"https://www.instacart.com/image-server/197x197/filters:fill(FFF,true):format(jpg)/d2lnr5mha7bycj.cloudfront.net/product-image/file/large_fa375042-510c-42d7-a956-fce42e71bdb1.jpg,"
CVS®,Gorton's Lemon Butter Grilled Fillets,$5.49,,,7.1 oz,['Gluten-Free'],,"https://www.instacart.com/image-server/197x197/filters:fill(FFF,true):format(jpg)/d2lnr5mha7bycj.cloudfront.net/product-image/file/large_70cf68da-78a5-4400-a61b-f7bf389c97a3.jpg,"
CVS®,Gorton's Potato Crunch Breaded Fillets,$10.99,,,18.2 oz,[],,"https://www.instacart.com/image-server/197x197/filters:fill(FFF,true):format(jpg)/d2lnr5mha7bycj.cloudfront.net/product-image/file/large_ccf61aa9-7efc-42ec-a3da-f42037208773.jpg,"
CVS®,Hass Avocado,$1.69,,,1 ct,[],Many in stock,"https://www.instacart.com/image-server/197x197/filters:fill(FFF,true):format(jpg)/d2lnr5mha7bycj.cloudfront.net/product-image/file/large_09ff3801-efef-43e6-a14b-6dc55a3fe4c8.jpg,"
CVS®,Banana,$0.25,each (est.),$0.69 / lb,About 0.36 lb each,[],,"https://www.instacart.com/image-server/197x197/filters:fill(FFF,true):format(jpg)/d2lnr5mha7bycj.cloudfront.net/product-image/file/large_d85da0df-7f4a-4a8c-b066-b7bbfd871f70.jpg,"
CVS®,Honeycrisp Apple,$5.49,,,,[],Many in stock,"https://www.instacart.com/image-server/197x197/filters:fill(FFF,true):format(jpg)/d2lnr5mha7bycj.cloudfront.net/product-image/file/large_15b5c75b-39c0-466e-98bd-f70c04f07e80.jpg,"
CVS®,Lemon,$0.89,,,,[],Many in stock,"https://www.instacart.com/image-server/197x197/filters:fill(FFF,true):format(jpg)/d2lnr5mha7bycj.cloudfront.net/product-image/file/large_86387158-32f9-4d2c-9fbc-01852aa880f9.jpg,"
CVS®,Mini Seedless Watermelon,$5.49,,,1 ct,[],Many in stock,"https://www.instacart.com/image-server/197x197/filters:fill(FFF,true):format(jpg)/d2lnr5mha7bycj.cloudfront.net/product-image/file/large_ad66436e-f7eb-448b-9ac2-4c07677a4e8f.jpg,"
CVS®,Cantaloupe,$4.39,,,,[],Many in stock,"https://www.instacart.com/image-server/197x197/filters:fill(FFF,true):format(jpg)/d2lnr5mha7bycj.cloudfront.net/product-image/file/large_7141bee7-5730-4347-a032-339c0beac2e4.jpg,"
CVS®,Pineapple,$4.39,,,,[],Many in stock,"https://www.instacart.com/image-server/197x197/filters:fill(FFF,true):format(jpg)/d2lnr5mha7bycj.cloudfront.net/product-image/file/large_0b432212-1e7a-4525-a632-d67f6df60485.jpg,"
CVS®,Red Mango,$2.19,,,,[],,"https://www.instacart.com/image-server/197x197/filters:fill(FFF,true):format(jpg)/d2lnr5mha7bycj.cloudfront.net/product-image/file/large_ed03fbed-7cc0-48b1-a3e8-decaa6513178.jpg,"
CVS®,Strawberries,$4.39,,,16 oz,[],Many in stock,"https://www.instacart.com/image-server/197x197/filters:fill(FFF,true):format(jpg)/d2lnr5mha7bycj.cloudfront.net/product-image/file/large_352ecf81-962e-4886-8c06-db9151b50d59.jpg,"
CVS®,Blueberries,$4.39,,,1 Container,[],,"https://www.instacart.com/image-server/197x197/filters:fill(FFF,true):format(jpg)/d2lnr5mha7bycj.cloudfront.net/product-image/file/large_286366a4-0e02-45cd-bcc8-e2909b2b41de.jpg,"
CVS®,Green Muscadine Grapes,$4.39,/lb,,/lb,[],,"https://www.instacart.com/image-server/197x197/filters:fill(FFF,true):format(jpg)/d2lnr5mha7bycj.cloudfront.net/product-image/file/large_3e864e4b-e13d-4cb4-91dd-2292b16f70a1.jpg,"
CVS®,Navel Orange,$1.39,,,,[],Many in stock,"https://www.instacart.com/image-server/197x197/filters:fill(FFF,true):format(jpg)/d2lnr5mha7bycj.cloudfront.net/product-image/file/large_f511cc86-b9c1-4848-ad58-283f98883f1b.jpg,"
CVS®,Red Seedless Grapes,$4.39,/lb,,/lb,[],Many in stock,"https://www.instacart.com/image-server/197x197/filters:fill(FFF,true):format(jpg)/d2lnr5mha7bycj.cloudfront.net/product-image/file/large_4f1e62a9-3d61-4f5f-8f71-f51d61cf8cec.jpg,"
CVS®,Foxy Strawberries,$4.39,,,1 ct,[],Many in stock,"https://www.instacart.com/image-server/197x197/filters:fill(FFF,true):format(jpg)/d2lnr5mha7bycj.cloudfront.net/product-image/file/large_46ed5baa-012f-4706-8ca2-d7ece8c4f949.png,"
CVS®,Blueberries Package,$4.39,,,1 pint container,[],Likely out of stock,"https://www.instacart.com/image-server/197x197/filters:fill(FFF,true):format(jpg)/d2lnr5mha7bycj.cloudfront.net/product-image/file/large_bae7d533-3abc-400f-bc6e-4738c015e21c.jpg,"
CVS®,White Seedless Grapes,$8.56,/pkg (est.),$4.39 / lb,About 1.95 lb / package,[],,"https://www.instacart.com/image-server/197x197/filters:fill(FFF,true):format(jpg)/d2lnr5mha7bycj.cloudfront.net/product-image/file/large_28a8dd52-2302-4528-a19e-2d93dc6b2249.jpg,"
CVS®,Gala Apple,$1.50,each (est.),$2.79 / lb,About 0.54 lb each,[],,"https://www.instacart.com/image-server/197x197/filters:fill(FFF,true):format(jpg)/d2lnr5mha7bycj.cloudfront.net/product-image/file/large_66b4805e-a886-4a85-8c7f-be4afb629f7b.jpg,"
CVS®,Limes,$0.89,,,,[],Many in stock,"https://www.instacart.com/image-server/197x197/filters:fill(FFF,true):format(jpg)/d2lnr5mha7bycj.cloudfront.net/product-image/file/large_42bb0e57-f304-4375-984a-01f3ba6ddb8f.jpg,"
CVS®,Driscoll's Organic Raspberries,$5.49,,,6 oz,['Organic'],,"https://www.instacart.com/image-server/197x197/filters:fill(FFF,true):format(jpg)/d2lnr5mha7bycj.cloudfront.net/product-image/file/large_62eea826-a4e1-4b77-8448-ea9011dc27c6.jpg,"
CVS®,Red Grapes,$6.65,/pkg (est.),$3.29 / lb,About 2.02 lb / package,[],,"https://www.instacart.com/image-server/197x197/filters:fill(FFF,true):format(jpg)/d2lnr5mha7bycj.cloudfront.net/product-image/file/large_df21f925-4691-4f9d-97a6-040b0dd79be9.jpg,"
CVS®,Organic Strawberries Package,$6.59,,,1 lb Container,"['Organic', 'Non-GMO']",,"https://www.instacart.com/image-server/197x197/filters:fill(FFF,true):format(jpg)/d2lnr5mha7bycj.cloudfront.net/product-image/file/large_6d12d6ed-4168-480f-bb94-3ed06b9533fd.jpg,"
CVS®,Strawberries,$4.39,,,1 lb container,[],,"https://www.instacart.com/image-server/197x197/filters:fill(FFF,true):format(jpg)/d2lnr5mha7bycj.cloudfront.net/product-image/file/large_4965c710-1429-4726-926b-a2031ad9015e.jpg,"
CVS®,Organic Bananas,$0.38,each (est.),$0.99 / lb,About 0.38 lb each,"['Organic', 'Non-GMO']",,"https://www.instacart.com/image-server/197x197/filters:fill(FFF,true):format(jpg)/d2lnr5mha7bycj.cloudfront.net/product-image/file/large_7418ae1d-6990-4e22-9f8e-2b7a18fd0013.jpg,"
CVS®,Granny Smith Apple,$1.48,each (est.),$2.79 / lb,About 0.53 lb each,[],,"https://www.instacart.com/image-server/197x197/filters:fill(FFF,true):format(jpg)/d2lnr5mha7bycj.cloudfront.net/product-image/file/large_c95973fb-6b73-45f8-975d-5cabeec59322.jpg,"
CVS®,Avocado,$1.69,,,,[],Many in stock,"https://www.instacart.com/image-server/197x197/filters:fill(FFF,true):format(jpg)/d2lnr5mha7bycj.cloudfront.net/product-image/file/large_0bbdc77c-9d52-4909-8bd4-86eb6938621b.jpg,"
CVS®,Plantain,$0.93,each (est.),$1.69 / lb,About 0.55 lb each,[],,"https://www.instacart.com/image-server/197x197/filters:fill(FFF,true):format(jpg)/d2lnr5mha7bycj.cloudfront.net/product-image/file/large_a1ae4407-67e1-44d5-aa66-b8caddd16361.jpg,"
CVS®,Golden Delicious Apple,$4.39,,,3 lb bag,[],,"https://www.instacart.com/image-server/197x197/filters:fill(FFF,true):format(jpg)/d2lnr5mha7bycj.cloudfront.net/product-image/file/large_fc6bab5b-2ccc-402f-b7d8-280e2b8f16ca.jpg,"
CVS®,Green Kiwi,$0.89,,,,[],Many in stock,"https://www.instacart.com/image-server/197x197/filters:fill(FFF,true):format(jpg)/d2lnr5mha7bycj.cloudfront.net/product-image/file/large_7590ddbc-f84e-4a78-ad53-707f62b49c07.jpg,"
CVS®,Cantaloupe,$4.39,,,1 each,[],,"https://www.instacart.com/image-server/197x197/filters:fill(FFF,true):format(jpg)/d1s8987jlndkbs.cloudfront.net/assets/missing-item-4bbe82b8555e4d1c12626fd482cb2409713e8e30835645ff3650ef66a725d03c.png,"
CVS®,Cotton Candy Grapes,$5.49,/lb,,/lb,[],,"https://www.instacart.com/image-server/197x197/filters:fill(FFF,true):format(jpg)/d2lnr5mha7bycj.cloudfront.net/product-image/file/large_b246a46c-bce8-4a98-b367-60aefe3fd7b0.jpg,"
CVS®,Driscoll's Blackberries,$4.39,,,6 oz container,[],,"https://www.instacart.com/image-server/197x197/filters:fill(FFF,true):format(jpg)/d2lnr5mha7bycj.cloudfront.net/product-image/file/large_c37d3dac-5bf4-42f0-85e3-13ef581301fc.jpg,"
CVS®,Pink Grapefruit,$1.69,,,1 ct,[],Many in stock,"https://www.instacart.com/image-server/197x197/filters:fill(FFF,true):format(jpg)/d2lnr5mha7bycj.cloudfront.net/product-image/file/large_dc72b2c4-605a-4dd8-a341-614dbe9f76b5.jpg,"
CVS®,Nature Fresh Farms Berry Strawberry Greenhouse 12Oz Og,$6.59,,,12 oz,[],,"https://www.instacart.com/image-server/197x197/filters:fill(FFF,true):format(jpg)/d1s8987jlndkbs.cloudfront.net/assets/missing-item-4bbe82b8555e4d1c12626fd482cb2409713e8e30835645ff3650ef66a725d03c.png,"
CVS®,Fuji Apple,$1.18,each (est.),$2.19 / lb,About 0.54 lb each,[],,"https://www.instacart.com/image-server/197x197/filters:fill(FFF,true):format(jpg)/d2lnr5mha7bycj.cloudfront.net/product-image/file/large_daedc2bb-883b-42cd-9c4f-31ff0abc5c81.jpg,"
CVS®,Red Delicious Apple,$1.09,each (est.),$2.19 / lb,About 0.5 lb each,[],,"https://www.instacart.com/image-server/197x197/filters:fill(FFF,true):format(jpg)/d2lnr5mha7bycj.cloudfront.net/product-image/file/large_df283728-1437-495c-b26e-29dcf56ae14f.jpg,"
CVS®,Organic Honeycrisp Apple,$1.32,each (est.),$3.29 / lb,About 0.4 lb each,"['Non-GMO', 'Organic']",,"https://www.instacart.com/image-server/197x197/filters:fill(FFF,true):format(jpg)/d2lnr5mha7bycj.cloudfront.net/product-image/file/large_378c9d02-4f04-413d-994f-7d873985e569.jpg,"
CVS®,Blue Crest Farms Fresh Blueberries,$4.39,,,11 oz container,[],,"https://www.instacart.com/image-server/197x197/filters:fill(FFF,true):format(jpg)/d2lnr5mha7bycj.cloudfront.net/product-image/file/large_aa802a78-47f4-45d8-af37-755730c594e8.jpg,"
CVS®,Valley Fresh Berries Conventional Blueberries,$4.39,,,6 oz container,[],,"https://www.instacart.com/image-server/197x197/filters:fill(FFF,true):format(jpg)/d2lnr5mha7bycj.cloudfront.net/product-image/file/large_49698203-a4ac-459c-9456-746ece03d35a.jpg,"
CVS®,Global Harvest Produce LLC Bagged Lemons,$4.39,,,2 lb,[],,"https://www.instacart.com/image-server/197x197/filters:fill(FFF,true):format(jpg)/d1s8987jlndkbs.cloudfront.net/assets/missing-item-4bbe82b8555e4d1c12626fd482cb2409713e8e30835645ff3650ef66a725d03c.png,"
CVS®,Blueberries,$4.39,,,11 oz,[],Likely out of stock,"https://www.instacart.com/image-server/197x197/filters:fill(FFF,true):format(jpg)/d2lnr5mha7bycj.cloudfront.net/product-image/file/large_4ea9d844-b5f8-4b59-9b84-e1c0b62d19e3.png,"
CVS®,Jumbo Packed Ground Beef,$4.99,/lb,,/lb,[],,"https://www.instacart.com/image-server/197x197/filters:fill(FFF,true):format(jpg)/d2lnr5mha7bycj.cloudfront.net/product-image/file/large_921a92ed-3419-41fd-9a80-79e4a3079fd2.jpg,"
CVS®,Original price: $2.99,$2.59,,,59 fl oz • 5 options,[],,"https://www.instacart.com/image-server/197x197/filters:fill(FFF,true):format(jpg)/d2lnr5mha7bycj.cloudfront.net/product-image/file/large_6f6de70d-54b3-4929-b9e8-2a8cde7eb10a.jpg,"
CVS®,Original price: $10.59,$9.89,,,12 oz,[],,"https://www.instacart.com/image-server/197x197/filters:fill(FFF,true):format(jpg)/d2lnr5mha7bycj.cloudfront.net/product-image/file/large_6998352a-68fd-4d85-b175-434f14e1e5cd.png,"
CVS®,"Beyond Meat Beyond Beef, Plant-Based Ground",$12.09,,,16 oz,['Vegan'],,"https://www.instacart.com/image-server/197x197/filters:fill(FFF,true):format(jpg)/d2lnr5mha7bycj.cloudfront.net/product-image/file/large_78371afd-10f7-4308-b564-2eba9551fb27.jpg,"
CVS®,King's Hawaiian Original Hawaiian Sweet Rolls 12PK,$5.49,,,12 x 1 oz,[],,"https://www.instacart.com/image-server/197x197/filters:fill(FFF,true):format(jpg)/d2lnr5mha7bycj.cloudfront.net/product-image/file/large_ad78fdda-d405-4935-b0ce-977942d8fc41.jpg,"
CVS®,Farm Fresh 2% Reduced Fat Milk,$3.29,,,1 gal,[],Many in stock,"https://www.instacart.com/image-server/197x197/filters:fill(FFF,true):format(jpg)/d2lnr5mha7bycj.cloudfront.net/product-image/file/large_b828f044-12b1-49c2-bffb-4baeb91cc2b7.jpg,"
CVS®,Chicken Tenders,$5.49,/lb,,/lb,['Breast'],,"https://www.instacart.com/image-server/197x197/filters:fill(FFF,true):format(jpg)/d2lnr5mha7bycj.cloudfront.net/product-image/file/large_8c852464-f591-46fe-a060-5e0ceafa3a8e.jpg,"
CVS®,Original price: $16.49,$13.19,,,4 x 355 ml,[],,"https://www.instacart.com/image-server/197x197/filters:fill(FFF,true):format(jpg)/d2lnr5mha7bycj.cloudfront.net/product-image/file/large_cc273818-9c5c-40a4-8319-0fc13dca1f64.jpeg,"
CVS®,Original price: $20.89,$19.79,,,12 Pack,['Gluten-Free'],,"https://www.instacart.com/image-server/197x197/filters:fill(FFF,true):format(jpg)/d2lnr5mha7bycj.cloudfront.net/product-image/file/large_0f65f939-6a5d-4263-b97f-e37f006531fe.jpg,"
CVS®,Daisy Sour Cream,$4.09,,,14 oz,[],Many in stock,"https://www.instacart.com/image-server/197x197/filters:fill(FFF,true):format(jpg)/d2lnr5mha7bycj.cloudfront.net/product-image/file/large_b057d4c7-f2ff-49fc-9512-a9b5584c9cc6.png,"
CVS®,Green Bell Pepper,$1.67,each (est.),$2.79 / lb,About 0.6 lb each,[],,"https://www.instacart.com/image-server/197x197/filters:fill(FFF,true):format(jpg)/d2lnr5mha7bycj.cloudfront.net/product-image/file/large_3ffcdeaa-1363-450e-9de1-37c02ee53ba6.jpg,"
CVS®,Land O Lakes Salted Butter Sticks,$7.69,,,1 lb,[],,"https://www.instacart.com/image-server/197x197/filters:fill(FFF,true):format(jpg)/d2lnr5mha7bycj.cloudfront.net/product-image/file/large_38fe7401-62a1-4509-abb2-73902a791877.png,"
CVS®,TYLENOL Extra Strength Caplets With 500 Mg Acetaminophen,$6.59,,,24 ct,[],,"https://www.instacart.com/image-server/197x197/filters:fill(FFF,true):format(jpg)/d2lnr5mha7bycj.cloudfront.net/product-image/file/large_8be4aa7e-824c-44b1-82d7-5045f825ce57.jpg,"
CVS®,"Maruchan Ramen Noodle Soup, Chicken Flavor, 12 Pack",$5.49,,,12 x 3 oz,[],Many in stock,"https://www.instacart.com/image-server/197x197/filters:fill(FFF,true):format(jpg)/d2lnr5mha7bycj.cloudfront.net/product-image/file/large_2eb07735-7fc7-4937-b4fc-8d7130ac34e7.png,"
CVS®,Sauder's Eggs Large White Eggs,$3.69,,,12 ct,[],Many in stock,"https://www.instacart.com/image-server/197x197/filters:fill(FFF,true):format(jpg)/d2lnr5mha7bycj.cloudfront.net/product-image/file/large_5a219a2e-e88b-4203-9da3-c424b5f21cf3.jpg,"
CVS®,Hillshire Farm Beef Smoked Sausage,$6.59,,,12 oz,[],,"https://www.instacart.com/image-server/197x197/filters:fill(FFF,true):format(jpg)/d2lnr5mha7bycj.cloudfront.net/product-image/file/large_751e591e-4e14-49e4-9830-c1f905955081.jpg,"
CVS®,"Clorox Disinfecting Bleach, Concentrated Formula, Regular",$8.79,,,81 oz,[],,"https://www.instacart.com/image-server/197x197/filters:fill(FFF,true):format(jpg)/d2lnr5mha7bycj.cloudfront.net/product-image/file/large_db166e3c-937f-4e1d-986d-b2f878bb7dfe.jpg,"
CVS®,"Deep Indian Kitchen Chicken Tikka Masala, Medium Spice",$8.79,,,9 oz,['Gluten-Free'],,"https://www.instacart.com/image-server/197x197/filters:fill(FFF,true):format(jpg)/d2lnr5mha7bycj.cloudfront.net/product-image/file/large_6ff7c3bb-2622-4deb-a3b0-5fac924fcfd4.png,"
CVS®,Original price: $13.19,$11.59,,,10 ct,[],,"https://www.instacart.com/image-server/197x197/filters:fill(FFF,true):format(jpg)/d2lnr5mha7bycj.cloudfront.net/product-image/file/large_e34b6b20-0c94-42b4-be2d-293d6646f3d6.jpg,"
CVS®,Boneless Chuck Roast,$19.78,/pkg (est.),$8.79 / lb,About 2.25 lb / package,['Roast'],,"https://www.instacart.com/image-server/197x197/filters:fill(FFF,true):format(jpg)/d2lnr5mha7bycj.cloudfront.net/product-image/file/large_7444500f-532e-44da-b687-aa81f49da234.jpg,"
CVS®,Red Onion,$1.50,each (est.),$2.19 / lb,About 0.69 lb each,['Vegan'],,"https://www.instacart.com/image-server/197x197/filters:fill(FFF,true):format(jpg)/d2lnr5mha7bycj.cloudfront.net/product-image/file/large_01ad8efc-cdc1-4503-b80e-94851b480230.jpg,"
CVS®,Hungry Jack Complete Buttermilk Pancake Mix And Waffle Mix,$4.09,,,32 oz,[],,"https://www.instacart.com/image-server/197x197/filters:fill(FFF,true):format(jpg)/d2lnr5mha7bycj.cloudfront.net/product-image/file/large_abd2d06f-c467-40ef-92df-4da6c130893c.jpg,"
CVS®,"Sabra Hummus, Classic",$4.79,,,10 oz,['Vegan'],,"https://www.instacart.com/image-server/197x197/filters:fill(FFF,true):format(jpg)/d2lnr5mha7bycj.cloudfront.net/product-image/file/large_513b18be-0abe-4fb9-b918-b85e42fde964.png,"
CVS®,Pureau Ultra - Purified Water,$4.39,,,24 x 16.9 fl oz,[],,"https://www.instacart.com/image-server/197x197/filters:fill(FFF,true):format(jpg)/d2lnr5mha7bycj.cloudfront.net/product-image/file/large_2df54011-22d3-4363-a2c1-3282a4d50f49.jpg,"
CVS®,Original price: $7.69,$5.49,,,52 fl oz • 5 options,[],Many in stock,"https://www.instacart.com/image-server/197x197/filters:fill(FFF,true):format(jpg)/d2lnr5mha7bycj.cloudfront.net/product-image/file/large_d7fd9a71-3212-4fd9-bc93-cbd47a99f69e.png,"
CVS®,Canada Dry Ginger Ale,$9.89,,,12 x 12 fl oz • 4 options,[],,"https://www.instacart.com/image-server/197x197/filters:fill(FFF,true):format(jpg)/d2lnr5mha7bycj.cloudfront.net/product-image/file/large_f40d5265-801a-447b-822b-57e899a75ba1.png,"
CVS®,French's® Classic Yellow Mustard,$2.69,,,8 oz,[],,"https://www.instacart.com/image-server/197x197/filters:fill(FFF,true):format(jpg)/d2lnr5mha7bycj.cloudfront.net/product-image/file/large_54fc56be-006a-4879-94ae-7c5aa847da68.jpg,"
CVS®,Suja Organic Ginger Love Cold-Pressed Juice 1,$4.39,,,12 fl oz,['Organic'],,"https://www.instacart.com/image-server/197x197/filters:fill(FFF,true):format(jpg)/d2lnr5mha7bycj.cloudfront.net/product-image/file/large_2ce6961a-95a6-4a5b-bd68-1c423269c8e3.jpg,"
CVS®,Original price: $3.69,$3.29,,,8 oz,['Keto'],,"https://www.instacart.com/image-server/197x197/filters:fill(FFF,true):format(jpg)/d2lnr5mha7bycj.cloudfront.net/product-image/file/large_c48ae80c-2ff5-4a74-9ba3-6b8a620413c6.png,"
CVS®,Food Club Heavy Whipping Cream,$5.49,,,1 pt,[],Many in stock,"https://www.instacart.com/image-server/197x197/filters:fill(FFF,true):format(jpg)/d2lnr5mha7bycj.cloudfront.net/product-image/file/large_0764ed83-9b8c-48c8-955e-539604df21db.png,"
CVS®,Hot Roasted Rotisserie Chicken,$8.79,,,,[],Likely out of stock,"https://www.instacart.com/image-server/197x197/filters:fill(FFF,true):format(jpg)/d2lnr5mha7bycj.cloudfront.net/product-image/file/large_1c86e50e-6562-404d-89d5-4a4a4a716893.jpg,"
CVS®,Benadryl Ultratabs Antihistamine Cold & Allergy Relief Tablets,$9.39,,,24 ct,[],,"https://www.instacart.com/image-server/197x197/filters:fill(FFF,true):format(jpg)/d2lnr5mha7bycj.cloudfront.net/product-image/file/large_68d2fc57-87f7-44c5-bff1-1db033ece973.jpg,"
CVS®,Original price: $15.39,$9.89,,,750 ml,"['Very Sweet', 'Full-Bodied']",,"https://www.instacart.com/image-server/197x197/filters:fill(FFF,true):format(jpg)/d2lnr5mha7bycj.cloudfront.net/product-image/file/large_85548b0e-6db9-4a48-b8ea-c1a1ddce0b76.png,"
CVS®,Food Club Vegetable Oil,$15.39,,,1 gal,[],Many in stock,"https://www.instacart.com/image-server/197x197/filters:fill(FFF,true):format(jpg)/d2lnr5mha7bycj.cloudfront.net/product-image/file/large_8b1f71ce-6c06-43b7-822c-d247974b1339.png,"
CVS®,Mission Super Soft Soft Taco Flour Tortillas,$4.39,,,10 ct,[],,"https://www.instacart.com/image-server/197x197/filters:fill(FFF,true):format(jpg)/d2lnr5mha7bycj.cloudfront.net/product-image/file/large_6fdc69a7-f605-4d6c-94ea-1ef33a699dce.jpg,"
CVS®,Planters Honey Roasted Mixed Nuts,$8.79,,,10 oz,[],,"https://www.instacart.com/image-server/197x197/filters:fill(FFF,true):format(jpg)/d2lnr5mha7bycj.cloudfront.net/product-image/file/large_97c640af-e728-4fa8-90a2-1a4378b7f937.jpg,"
CVS®,Original price: $5.49,$5.09,,,16 oz,[],Many in stock,"https://www.instacart.com/image-server/197x197/filters:fill(FFF,true):format(jpg)/d2lnr5mha7bycj.cloudfront.net/product-image/file/large_4fa3fd8d-d8a0-405c-9d8b-0600a1e6117e.png,"
CVS®,Dave's White Bread,$2.19,,,20 oz,[],Many in stock,"https://www.instacart.com/image-server/197x197/filters:fill(FFF,true):format(jpg)/d2lnr5mha7bycj.cloudfront.net/product-image/file/large_ed4c0d90-7aca-49d5-b400-37a62b2dc1a1.jpg,"
CVS®,"Checkers & Rally's Fries, Famous, Seasoned",$7.29,,,28 oz,[],,"https://www.instacart.com/image-server/197x197/filters:fill(FFF,true):format(jpg)/d2lnr5mha7bycj.cloudfront.net/product-image/file/large_9a6c9062-8fb9-4f04-84f5-0dbcb94151dc.png,"
CVS®,"Hillshire Farm Ultra Thin Sliced Lunchmeat, Honey Roasted Turkey",$7.19,,,9 oz,[],,"https://www.instacart.com/image-server/197x197/filters:fill(FFF,true):format(jpg)/d2lnr5mha7bycj.cloudfront.net/product-image/file/large_5e7c2975-cf9b-4b8b-8c17-9674df9ea377.jpg,"
CVS®,Reddi-wip Reddi Wip Original Dairy Whipped Topping,$4.39,,,6.5 fl oz,[],,"https://www.instacart.com/image-server/197x197/filters:fill(FFF,true):format(jpg)/d2lnr5mha7bycj.cloudfront.net/product-image/file/large_b6b5bfa1-2b26-4793-9b2d-a7eb88699bec.jpg,"
CVS®,Drano Max Gel Clog Remover,$6.59,,,32 fl oz,[],,"https://www.instacart.com/image-server/197x197/filters:fill(FFF,true):format(jpg)/d2lnr5mha7bycj.cloudfront.net/product-image/file/large_471b870c-10a3-4efa-a7e9-e9d462f9ad82.jpg,"
CVS®,Original price: $4.09,$3.89,,,16 oz,[],,"https://www.instacart.com/image-server/197x197/filters:fill(FFF,true):format(jpg)/d2lnr5mha7bycj.cloudfront.net/product-image/file/large_3eed3100-5e7a-4a66-9380-05a786702414.jpg,"
CVS®,Ritz Fresh Stacks Original Crackers,$5.49,,,8 x 1.48 oz,[],,"https://www.instacart.com/image-server/197x197/filters:fill(FFF,true):format(jpg)/d2lnr5mha7bycj.cloudfront.net/product-image/file/large_2f87bf55-29b3-44fc-a625-f37c626ab5b2.jpg,"
CVS®,Cinnamon Toast Crunch Breakfast Cereal,$6.59,,,12 oz,['Whole Grain'],,"https://www.instacart.com/image-server/197x197/filters:fill(FFF,true):format(jpg)/d2lnr5mha7bycj.cloudfront.net/product-image/file/large_6b35f52d-628d-4215-a996-42df93fd8cb4.png,"
CVS®,Lipton Tea Bags Black Tea,$6.59,,,100 ct,[],,"https://www.instacart.com/image-server/197x197/filters:fill(FFF,true):format(jpg)/d2lnr5mha7bycj.cloudfront.net/product-image/file/large_49705147-5822-478a-8f1e-bcd92f6420d3.jpg,"
CVS®,Original price: $7.39,$7.19,,,8 fl oz,[],,"https://www.instacart.com/image-server/197x197/filters:fill(FFF,true):format(jpg)/d2lnr5mha7bycj.cloudfront.net/product-image/file/large_65a2b27e-0225-4bdb-a0f1-d8ba2f6d7fdb.png,"
CVS®,Sweet Onion,$1.84,each (est.),$2.09 / lb,About 0.88 lb each,[],,"https://www.instacart.com/image-server/197x197/filters:fill(FFF,true):format(jpg)/d2lnr5mha7bycj.cloudfront.net/product-image/file/large_cebc4e90-bfb2-462c-9b78-fe5770d20416.jpg,"
CVS®,Garlic,$6.59,/lb,,/lb,[],Many in stock,"https://www.instacart.com/image-server/197x197/filters:fill(FFF,true):format(jpg)/d2lnr5mha7bycj.cloudfront.net/product-image/file/large_0df5ab9a-9aea-4c1d-8536-de10ca318096.jpg,"
CVS®,"NatureSweet Peppers, Sweet & Seedless, Mini",$5.49,,,14 oz,[],,"https://www.instacart.com/image-server/197x197/filters:fill(FFF,true):format(jpg)/d2lnr5mha7bycj.cloudfront.net/product-image/file/large_044ae95b-f79f-484e-bb41-ffb1c97bd888.png,"
CVS®,Yellow Onion,$1.94,each (est.),$2.09 / lb,About 0.93 lb each,[],,"https://www.instacart.com/image-server/197x197/filters:fill(FFF,true):format(jpg)/d2lnr5mha7bycj.cloudfront.net/product-image/file/large_c52783e5-46ee-4c38-b0a0-6e792b9fe497.jpg,"
CVS®,Fresh Express Lettuce Shreds,$2.79,,,8 oz bag,[],,"https://www.instacart.com/image-server/197x197/filters:fill(FFF,true):format(jpg)/d2lnr5mha7bycj.cloudfront.net/product-image/file/large_3e4ab555-70d5-4d02-a1be-691faace6b2a.png,"
CVS®,Red Bell Pepper,$2.59,each (est.),$4.39 / lb,About 0.59 lb each,[],,"https://www.instacart.com/image-server/197x197/filters:fill(FFF,true):format(jpg)/d2lnr5mha7bycj.cloudfront.net/product-image/file/large_91e6ebd6-fb26-4320-bc37-2003de8b54ce.jpg,"
CVS®,Pacific Foods 3 Hearts Of Romaine,$5.49,,,3 ct,[],,"https://www.instacart.com/image-server/197x197/filters:fill(FFF,true):format(jpg)/d2lnr5mha7bycj.cloudfront.net/product-image/file/large_ee39f963-5e6e-48c7-bdf5-3c6f058a9e7d.png,"
CVS®,Zucchini Squash,$2.78,each (est.),$2.19 / lb,About 1.27 lb each,[],,"https://www.instacart.com/image-server/197x197/filters:fill(FFF,true):format(jpg)/d2lnr5mha7bycj.cloudfront.net/product-image/file/large_63fd3c1e-9349-487e-a819-31cf44203603.jpg,"
CVS®,Celery,$2.19,,,,[],,"https://www.instacart.com/image-server/197x197/filters:fill(FFF,true):format(jpg)/d2lnr5mha7bycj.cloudfront.net/product-image/file/large_16407a67-0bab-4e18-8cbf-9ae3cf18b983.jpg,"
CVS®,Red On the Vine Tomato,$1.15,each (est.),$3.29 / lb,About 0.35 lb each,[],,"https://www.instacart.com/image-server/197x197/filters:fill(FFF,true):format(jpg)/d2lnr5mha7bycj.cloudfront.net/product-image/file/large_75068ae6-6ba0-4376-af36-ef1b01b7b608.jpg,"
CVS®,Giorgio Fresh Baby Bella Mushrooms,$3.89,,,10 oz container,['In season'],,"https://www.instacart.com/image-server/197x197/filters:fill(FFF,true):format(jpg)/d2lnr5mha7bycj.cloudfront.net/product-image/file/large_0a188bea-da82-4cc5-a9c0-e28427cfc5e7.JPG,"
CVS®,Sweet Potato (Yam) Bunch,$1.23,each (est.),$1.69 / lb,About 0.73 lb each,[],,"https://www.instacart.com/image-server/197x197/filters:fill(FFF,true):format(jpg)/d2lnr5mha7bycj.cloudfront.net/product-image/file/large_f7e4ec02-6a22-40d5-9c2c-51c4812ac385.jpg,"
CVS®,Fresh Express Spinach,$3.29,,,8 oz,['Non-GMO'],Many in stock,"https://www.instacart.com/image-server/197x197/filters:fill(FFF,true):format(jpg)/d2lnr5mha7bycj.cloudfront.net/product-image/file/large_75851ff4-4438-4046-ad82-e2186d49a00e.png,"
CVS®,Asparagus,$3.29,each (est.),$3.29 / lb,About 1.0 lb each,['In season'],,"https://www.instacart.com/image-server/197x197/filters:fill(FFF,true):format(jpg)/d2lnr5mha7bycj.cloudfront.net/product-image/file/large_8d89cd38-6e96-4402-864e-55f9fa126b43.jpg,"
CVS®,Romaine Lettuce,$5.00,each (est.),$4.39 / lb,About 1.14 lb each,[],,"https://www.instacart.com/image-server/197x197/filters:fill(FFF,true):format(jpg)/d2lnr5mha7bycj.cloudfront.net/product-image/file/large_b149f8f0-0d2e-4d83-9c2e-4230db09130b.jpg,"
CVS®,Roma Tomato,$0.68,each (est.),$2.19 / lb,About 0.31 lb each,[],,"https://www.instacart.com/image-server/197x197/filters:fill(FFF,true):format(jpg)/d2lnr5mha7bycj.cloudfront.net/product-image/file/large_3d1c36ab-4b8c-4b4c-b8f6-7c63e939e53d.jpg,"
CVS®,Tasteful Selections Honey Gold 3-Bite Baby Potatoes,$3.29,,,24 oz,['Non-GMO'],,"https://www.instacart.com/image-server/197x197/filters:fill(FFF,true):format(jpg)/d2lnr5mha7bycj.cloudfront.net/product-image/file/large_ae1e84cb-c32f-4d01-a788-3a92370c98e2.jpg,"
CVS®,Yellow Bell Pepper,$2.46,each (est.),$4.39 / lb,About 0.56 lb each,[],,"https://www.instacart.com/image-server/197x197/filters:fill(FFF,true):format(jpg)/d2lnr5mha7bycj.cloudfront.net/product-image/file/large_4fdf8171-7dae-458a-a500-ae2969af48fd.jpg,"
CVS®,Broccoli,$3.29,,,1 ct,[],Many in stock,"https://www.instacart.com/image-server/197x197/filters:fill(FFF,true):format(jpg)/d2lnr5mha7bycj.cloudfront.net/product-image/file/large_a0ff45ee-c490-429c-a990-5edcc96e375e.jpg,"
CVS®,Green Onions,$1.69,,,1 each,[],Many in stock,"https://www.instacart.com/image-server/197x197/filters:fill(FFF,true):format(jpg)/d2lnr5mha7bycj.cloudfront.net/product-image/file/large_9d221f9d-43e4-4118-abdd-5c4347bb29cc.png,"
CVS®,Carrot,$1.39,,,1 ct,['Non-GMO'],Many in stock,"https://www.instacart.com/image-server/197x197/filters:fill(FFF,true):format(jpg)/d2lnr5mha7bycj.cloudfront.net/product-image/file/large_e78178a4-b3e3-46cf-81b4-520f8b69d80f.jpg,"
CVS®,Giorgio Fresh Sliced White Mushrooms,$2.99,,,8 oz,['In season'],,"https://www.instacart.com/image-server/197x197/filters:fill(FFF,true):format(jpg)/d2lnr5mha7bycj.cloudfront.net/product-image/file/large_1cac3397-036a-4948-b790-9ff13e89dbb0.jpg,"
CVS®,Yellow Squash,$2.39,each (est.),$2.19 / lb,About 1.09 lb each,[],,"https://www.instacart.com/image-server/197x197/filters:fill(FFF,true):format(jpg)/d2lnr5mha7bycj.cloudfront.net/product-image/file/large_942e82f8-be5d-4179-be03-e39f123c7fe8.jpg,"
CVS®,Spice World Fresh Whole Garlic,$1.09,,,2 ct,[],,"https://www.instacart.com/image-server/197x197/filters:fill(FFF,true):format(jpg)/d2lnr5mha7bycj.cloudfront.net/product-image/file/large_29b9d643-2ce1-4fe6-98ab-edf42cd02472.jpg,"
CVS®,Italian Parsley Bunch,$1.69,,,1 bunch,[],Many in stock,"https://www.instacart.com/image-server/197x197/filters:fill(FFF,true):format(jpg)/d2lnr5mha7bycj.cloudfront.net/product-image/file/large_4ca265e1-6419-490e-8b30-c2e7b2e5e491.jpg,"
CVS®,Green Cabbage,$2.98,each (est.),$1.09 / lb,About 2.73 lb each,[],,"https://www.instacart.com/image-server/197x197/filters:fill(FFF,true):format(jpg)/d2lnr5mha7bycj.cloudfront.net/product-image/file/large_848473e2-7418-4f10-a154-a14531b9eb02.jpg,"
CVS®,Green Leaf Lettuce,$4.50,each (est.),$4.39 / lb,About 1.03 lb each,[],,"https://www.instacart.com/image-server/197x197/filters:fill(FFF,true):format(jpg)/d2lnr5mha7bycj.cloudfront.net/product-image/file/large_40ac9a91-902c-4c76-b472-c158dc56e286.jpg,"
CVS®,Green Onions (Scallions),$1.69,,,1 bunch,[],,"https://www.instacart.com/image-server/197x197/filters:fill(FFF,true):format(jpg)/d2lnr5mha7bycj.cloudfront.net/product-image/file/large_52f86e5a-a448-4186-b726-2e6f506a5a4a.jpg,"
CVS®,Organic Red Bell Pepper,$2.00,each (est.),$4.39 / lb,About 0.46 lb each,"['Organic', 'Non-GMO']",,"https://www.instacart.com/image-server/197x197/filters:fill(FFF,true):format(jpg)/d2lnr5mha7bycj.cloudfront.net/product-image/file/large_bc224811-326f-405a-81db-0b6e12b43cbd.jpg,"
CVS®,Italian Parsley,$3.29,,,1 bunch,[],,"https://www.instacart.com/image-server/197x197/filters:fill(FFF,true):format(jpg)/d2lnr5mha7bycj.cloudfront.net/product-image/file/large_127abfce-3a7b-4167-bb37-f51a3f6b7ae5.jpg,"
CVS®,"Robinson Fresh Kale, Greens",$3.29,,,16 oz,[],,"https://www.instacart.com/image-server/197x197/filters:fill(FFF,true):format(jpg)/d2lnr5mha7bycj.cloudfront.net/product-image/file/large_919db2f3-f9a2-4736-9bfb-09a7ed76c44b.png,"
CVS®,Green Savoy Cabbage,$6.35,each (est.),$1.99 / lb,About 3.19 lb each,[],,"https://www.instacart.com/image-server/197x197/filters:fill(FFF,true):format(jpg)/d2lnr5mha7bycj.cloudfront.net/product-image/file/large_2cf119d1-a28a-460b-a49a-19c2aa7e9327.jpg,"
CVS®,"Andy Boy Romaine Hearts, Jumbo",$5.49,,,3 ct,[],,"https://www.instacart.com/image-server/197x197/filters:fill(FFF,true):format(jpg)/d2lnr5mha7bycj.cloudfront.net/product-image/file/large_c28732e3-0fa2-4493-82fe-86260e9894cb.png,"
CVS®,"Fresh Express Salad, Sweet Butter",$4.39,,,6 oz bag,[],,"https://www.instacart.com/image-server/197x197/filters:fill(FFF,true):format(jpg)/d2lnr5mha7bycj.cloudfront.net/product-image/file/large_936fe798-ac3e-49d8-9518-967dc0b81afd.png,"
CVS®,English Seedless Cucumber,$2.19,,,1 ct,[],Many in stock,"https://www.instacart.com/image-server/197x197/filters:fill(FFF,true):format(jpg)/d2lnr5mha7bycj.cloudfront.net/product-image/file/large_5476a6d4-ff42-4d01-a194-86bfba1468b4.jpg,"
CVS®,"Robinson Fresh Collard, Greens",$3.29,,,16 oz,[],,"https://www.instacart.com/image-server/197x197/filters:fill(FFF,true):format(jpg)/d2lnr5mha7bycj.cloudfront.net/product-image/file/large_529d05a7-4870-42c1-989d-8725ea0513e5.png,"
CVS®,Gwillimdale Farms Carrots,$2.59,,,2 lb,[],,"https://www.instacart.com/image-server/197x197/filters:fill(FFF,true):format(jpg)/d1s8987jlndkbs.cloudfront.net/assets/missing-item-4bbe82b8555e4d1c12626fd482cb2409713e8e30835645ff3650ef66a725d03c.png,"
CVS®,Organic Cabbage,$2.19,,,,"['Organic', 'Non-GMO']",,"https://www.instacart.com/image-server/197x197/filters:fill(FFF,true):format(jpg)/d2lnr5mha7bycj.cloudfront.net/product-image/file/large_ce167e4d-6ece-4047-b9c4-1196144f9b77.jpg,"
CVS®,Hanover Brussels Sprouts,$6.29,,,28 oz,[],,"https://www.instacart.com/image-server/197x197/filters:fill(FFF,true):format(jpg)/d2lnr5mha7bycj.cloudfront.net/product-image/file/large_9a5ad370-0bb4-4ae7-a5e0-0706141930f3.png,"
CVS®,Mushroom,$2.79,,,1 lb container,['In season'],,"https://www.instacart.com/image-server/197x197/filters:fill(FFF,true):format(jpg)/d2lnr5mha7bycj.cloudfront.net/product-image/file/large_7424b115-ab07-42a6-b3c5-da0d0fbd1831.jpg,"
CVS®,Yucca,$0.23,each (est.),$3.29 / lb,About 0.07 lb each,[],,"https://www.instacart.com/image-server/197x197/filters:fill(FFF,true):format(jpg)/d2lnr5mha7bycj.cloudfront.net/product-image/file/large_c5fcb43f-d824-4d47-b086-aa512fd04cff.jpg,"
CVS®,Little Debbie Zebra Cakes,$3.09,,,13 oz,[],,"https://www.instacart.com/image-server/197x197/filters:fill(FFF,true):format(jpg)/d2lnr5mha7bycj.cloudfront.net/product-image/file/large_8f1a347a-d3c8-4cf1-a605-6ac4426e6417.png,"
CVS®,Dole Mandarin Oranges in 100% Fruit Juice,$4.39,,,4 each,[],,"https://www.instacart.com/image-server/197x197/filters:fill(FFF,true):format(jpg)/d2lnr5mha7bycj.cloudfront.net/product-image/file/large_75993b81-5ae2-4599-a94f-4aebe6cd51cc.png,"
CVS®,"Sun Chips Flavored Whole Grain Snacks, Harvest Cheddar",$5.29,,,7 oz,[],,"https://www.instacart.com/image-server/197x197/filters:fill(FFF,true):format(jpg)/d2lnr5mha7bycj.cloudfront.net/product-image/file/large_8234d27e-8354-4737-ab06-6850a702e45a.png,"
CVS®,Tate's Bake Shop Chocolate Chip Cookies,$7.19,,,7 oz,[],,"https://www.instacart.com/image-server/197x197/filters:fill(FFF,true):format(jpg)/d2lnr5mha7bycj.cloudfront.net/product-image/file/large_35cbf99b-98d1-46ea-86e7-8d2622f4fe13.jpg,"
CVS®,"SANTITAS Tortilla Chips, White Corn",$3.29,,,11 oz,"['Gluten-Free', 'Vegan']",,"https://www.instacart.com/image-server/197x197/filters:fill(FFF,true):format(jpg)/d2lnr5mha7bycj.cloudfront.net/product-image/file/large_136c83af-dad0-42e3-a7de-3e1a04bfe5c8.png,"
CVS®,Lance ToastChee Peanut Butter Sandwich Crackers,$5.19,,,8 ct,[],,"https://www.instacart.com/image-server/197x197/filters:fill(FFF,true):format(jpg)/d2lnr5mha7bycj.cloudfront.net/product-image/file/large_9539ca05-8eef-41a5-80f0-ec6c2c633868.jpg,"
CVS®,"Cheetos Puffs, Cheese Flavored Snacks",$6.49,,,8 oz,['Gluten-Free'],,"https://www.instacart.com/image-server/197x197/filters:fill(FFF,true):format(jpg)/d2lnr5mha7bycj.cloudfront.net/product-image/file/large_f09fc28d-d07f-4763-a451-e1e45f560751.png,"
CVS®,Tate's Bake Shop Oatmeal Raisin Cookies,$7.19,,,7 oz,[],,"https://www.instacart.com/image-server/197x197/filters:fill(FFF,true):format(jpg)/d2lnr5mha7bycj.cloudfront.net/product-image/file/large_3d6b6f2e-870e-4016-8609-5eebedf56861.jpg,"
CVS®,"Dole Mandarin Oranges, No Sugar Added",$4.39,,,4 each,['No Sugar Added'],,"https://www.instacart.com/image-server/197x197/filters:fill(FFF,true):format(jpg)/d2lnr5mha7bycj.cloudfront.net/product-image/file/large_1fd5cc85-08dd-4536-9092-02ac33937978.png,"
CVS®,Smartfood White Cheddar Cheese Popcorn,$5.79,,,6.75 oz,['Gluten-Free'],,"https://www.instacart.com/image-server/197x197/filters:fill(FFF,true):format(jpg)/d2lnr5mha7bycj.cloudfront.net/product-image/file/large_1713d1a2-60f5-416b-9438-257a8a1c0605.png,"
CVS®,"Cheetos Crunchy Cheese Flavored Snacks, Flamin' Hot Flavored",$6.49,,,8.5 oz,['Gluten-Free'],,"https://www.instacart.com/image-server/197x197/filters:fill(FFF,true):format(jpg)/d2lnr5mha7bycj.cloudfront.net/product-image/file/large_351aeb95-a400-462f-9125-b3e76a7ca7e2.png,"
CVS®,Tate's Bake Shop Lemon Cookies,$7.19,,,7 oz,[],,"https://www.instacart.com/image-server/197x197/filters:fill(FFF,true):format(jpg)/d2lnr5mha7bycj.cloudfront.net/product-image/file/large_df89aba5-02eb-4144-9dbb-dd4d9022f005.jpg,"
CVS®,Archway Iced Oatmeal Soft Cookies,$4.99,,,9.25 oz,[],,"https://www.instacart.com/image-server/197x197/filters:fill(FFF,true):format(jpg)/d2lnr5mha7bycj.cloudfront.net/product-image/file/large_1fa1cec2-d36f-45dd-8c89-603d28ca6d77.jpg,"
CVS®,Original price: $8.79,$6.59,,,6 x 3.28 oz,"['Gluten-Free', 'Vegan']",,"https://www.instacart.com/image-server/197x197/filters:fill(FFF,true):format(jpg)/d2lnr5mha7bycj.cloudfront.net/product-image/file/large_caea43b3-b3a6-4d77-acf5-1b099046e5f5.jpg,"
CVS®,Original price: $8.79,$6.59,,,19.74 oz,['Gluten-Free'],,"https://www.instacart.com/image-server/197x197/filters:fill(FFF,true):format(jpg)/d2lnr5mha7bycj.cloudfront.net/product-image/file/large_fc74e92b-2726-4450-b327-7f4d73632257.jpeg,"
CVS®,"Cheez-It Cheese Crackers, Baked Snack Crackers, Lunch Snacks, White Cheddar",$9.39,,,21 oz,['Light Sodium'],,"https://www.instacart.com/image-server/197x197/filters:fill(FFF,true):format(jpg)/d2lnr5mha7bycj.cloudfront.net/product-image/file/large_e91db5d9-609b-41a6-86db-1a9dfbddfef8.jpg,"
CVS®,Original price: $5.29,$4.39,,,8 oz,['Zero Sugar'],,"https://www.instacart.com/image-server/197x197/filters:fill(FFF,true):format(jpg)/d2lnr5mha7bycj.cloudfront.net/product-image/file/large_c95a40cf-8a0b-40e8-9bd7-5a0e0d4205bf.jpg,"
CVS®,"Lay's Potato Chips, Classic",$0.69,,,1 oz,"['Gluten-Free', 'Vegan']",,"https://www.instacart.com/image-server/197x197/filters:fill(FFF,true):format(jpg)/d2lnr5mha7bycj.cloudfront.net/product-image/file/large_e69a9d41-cfa6-4f66-ab36-39ff0d4682b5.png,"
CVS®,"Ruffles Original Potato Chips, Party Size",$8.09,,,13 oz,"['Gluten-Free', 'Vegan']",,"https://www.instacart.com/image-server/197x197/filters:fill(FFF,true):format(jpg)/d2lnr5mha7bycj.cloudfront.net/product-image/file/large_a22afb97-1896-4726-ab5c-6e2be4a4bd72.png,"
CVS®,Werther's Original Hard Caramel Candy,$6.59,,,12 oz,['Zero Sugar'],,"https://www.instacart.com/image-server/197x197/filters:fill(FFF,true):format(jpg)/d2lnr5mha7bycj.cloudfront.net/product-image/file/large_7e391058-e48c-4449-9fd9-67539205e7ec.jpg,"
CVS®,Original price: $6.59,$6.09,,,8.5 oz,"['Gluten-Free', 'Vegan']",,"https://www.instacart.com/image-server/197x197/filters:fill(FFF,true):format(jpg)/d2lnr5mha7bycj.cloudfront.net/product-image/file/large_b3dc6588-ff4d-4981-9211-3cacd6611191.png,"
CVS®,Original price: $5.49,$5.19,,,7.75 oz,[],,"https://www.instacart.com/image-server/197x197/filters:fill(FFF,true):format(jpg)/d2lnr5mha7bycj.cloudfront.net/product-image/file/large_96944ea1-255d-400e-806e-2c2e16c65440.png,"
CVS®,"Keebler Sandwich Crackers, Single Serve Snack Crackers, Lunch Snacks",$5.19,,,8 x 1.38 oz,[],,"https://www.instacart.com/image-server/197x197/filters:fill(FFF,true):format(jpg)/d2lnr5mha7bycj.cloudfront.net/product-image/file/large_1b1f705a-fda3-459f-a27f-a52f19ffa616.jpg,"
CVS®,"Mentos Gum, Sugarfree, Spearmint",$5.49,,,50 ct,['Zero Sugar'],,"https://www.instacart.com/image-server/197x197/filters:fill(FFF,true):format(jpg)/d2lnr5mha7bycj.cloudfront.net/product-image/file/large_31750713-51ed-4c05-b41f-206d988562e9.png,"
CVS®,Original price: $5.49,$4.99,,,12 x 3.25 oz,['Gluten-Free'],,"https://www.instacart.com/image-server/197x197/filters:fill(FFF,true):format(jpg)/d2lnr5mha7bycj.cloudfront.net/product-image/file/large_21848277-3bbe-4589-b859-f8b15a77c2aa.jpeg,"
CVS®,"Doritos Tortilla Chips, Nacho Cheese Flavored, Party Size",$8.09,,,14.5 oz,[],,"https://www.instacart.com/image-server/197x197/filters:fill(FFF,true):format(jpg)/d2lnr5mha7bycj.cloudfront.net/product-image/file/large_fdf670de-d20b-47f2-9702-efcf897f7d50.png,"
CVS®,"Town House Oven Baked Crackers, Lunch Snacks, Snack Crackers, Original",$7.69,,,6 ct,[],,"https://www.instacart.com/image-server/197x197/filters:fill(FFF,true):format(jpg)/d2lnr5mha7bycj.cloudfront.net/product-image/file/large_567efc63-dfca-47f0-9e56-2bf0540bef5a.jpg,"
CVS®,"Ruffles Potato Chips, Cheddar & Sour Cream Flavored, Party Size",$8.09,,,12.5 oz,[],,"https://www.instacart.com/image-server/197x197/filters:fill(FFF,true):format(jpg)/d2lnr5mha7bycj.cloudfront.net/product-image/file/large_2699e412-3602-4ce8-8082-baa5f7d97af1.png,"
CVS®,Original price: $3.29,$2.59,,,3 each,['Gluten-Free'],,"https://www.instacart.com/image-server/197x197/filters:fill(FFF,true):format(jpg)/d2lnr5mha7bycj.cloudfront.net/product-image/file/large_d10c568b-0cb3-4b35-a4a7-39bf70e5e3c7.png,"
CVS®,"Tostitos Tortilla Chips, Original, Scoops, Party Size",$8.09,,,14.5 oz,"['Gluten-Free', 'Vegan']",,"https://www.instacart.com/image-server/197x197/filters:fill(FFF,true):format(jpg)/d2lnr5mha7bycj.cloudfront.net/product-image/file/large_f46b87bb-2d3d-466a-b8ad-c74044959f10.png,"
CVS®,Lotus Biscoff Cookies,$5.49,,,8.78 oz,['Vegan'],,"https://www.instacart.com/image-server/197x197/filters:fill(FFF,true):format(jpg)/d2lnr5mha7bycj.cloudfront.net/product-image/file/large_08527b3f-fc10-478c-85a4-1b112c8f0372.png,"
CVS®,Original price: $5.49,$5.19,,,8 oz,"['Gluten-Free', 'Vegan']",,"https://www.instacart.com/image-server/197x197/filters:fill(FFF,true):format(jpg)/d2lnr5mha7bycj.cloudfront.net/product-image/file/large_627370b5-1bd9-49b8-b288-40db128364f0.png,"
CVS®,Original price: $8.79,$6.59,,,19.2 oz,[],,"https://www.instacart.com/image-server/197x197/filters:fill(FFF,true):format(jpg)/d2lnr5mha7bycj.cloudfront.net/product-image/file/large_26003b80-868a-4296-9713-336833a829f2.jpg,"
CVS®,"Mentos Gum, Sugarfree, Fresh Mint",$5.49,,,50 ct,['Zero Sugar'],,"https://www.instacart.com/image-server/197x197/filters:fill(FFF,true):format(jpg)/d2lnr5mha7bycj.cloudfront.net/product-image/file/large_af2d6d9e-c2c8-440b-9290-a074fd14b53b.png,"
CVS®,Lay's Original Potato Chips,$6.89,,,13 oz,"['Gluten-Free', 'Vegan']",,"https://www.instacart.com/image-server/197x197/filters:fill(FFF,true):format(jpg)/d2lnr5mha7bycj.cloudfront.net/product-image/file/large_bc41ea44-648c-4f38-9a81-5ffb7c989beb.png,"
CVS®,Original price: $5.49,$5.19,,,7.8 oz,[],,"https://www.instacart.com/image-server/197x197/filters:fill(FFF,true):format(jpg)/d2lnr5mha7bycj.cloudfront.net/product-image/file/large_2acca9af-2844-4cb3-b037-a0b3de86d056.png,"
CVS®,"Cheetos Cheese Flavored Snacks, Flamin' Hot, Crunchy, Party Size",$8.09,,,15 oz,['Gluten-Free'],,"https://www.instacart.com/image-server/197x197/filters:fill(FFF,true):format(jpg)/d2lnr5mha7bycj.cloudfront.net/product-image/file/large_b6eb98e5-1c3c-48a4-9c91-0a5e670f07f5.png,"
CVS®,Dutch Maid Chocolate Chip Cookies,$2.19,,,10.5 oz,[],,"https://www.instacart.com/image-server/197x197/filters:fill(FFF,true):format(jpg)/d2lnr5mha7bycj.cloudfront.net/product-image/file/large_6d9f40da-9703-4cdf-8df2-5361d68b624b.jpg,"
CVS®,Original price: $5.49,$4.79,,,10 oz,['Low Fat'],,"https://www.instacart.com/image-server/197x197/filters:fill(FFF,true):format(jpg)/d2lnr5mha7bycj.cloudfront.net/product-image/file/large_c92ca09c-e265-479a-a01c-e84849081f95.jpg,"
CVS®,Original price: $3.09,$2.89,,,8 ct,[],,"https://www.instacart.com/image-server/197x197/filters:fill(FFF,true):format(jpg)/d2lnr5mha7bycj.cloudfront.net/product-image/file/large_8f1e1da5-6af3-43ba-be12-4fbd6be395dc.png,"
CVS®,Original price: $9.59,$7.69,,,30 oz,"['Gluten-Free', 'Vegan']",,"https://www.instacart.com/image-server/197x197/filters:fill(FFF,true):format(jpg)/d2lnr5mha7bycj.cloudfront.net/product-image/file/large_d56d6008-72b9-484c-a34d-c39c8b091ba7.jpeg,"
CVS®,"Chips Ahoy! Chunky Chocolate Chip Cookies, Family Size",$6.59,,,18.2 oz,[],,"https://www.instacart.com/image-server/197x197/filters:fill(FFF,true):format(jpg)/d2lnr5mha7bycj.cloudfront.net/product-image/file/large_6245e657-3f87-4c7c-adff-9abfe03660e0.jpg,"
CVS®,"Voortman Bakery Wafers, Vanilla",$5.29,,,10.6 oz,[],,"https://www.instacart.com/image-server/197x197/filters:fill(FFF,true):format(jpg)/d2lnr5mha7bycj.cloudfront.net/product-image/file/large_e4806d61-83e7-4f25-b624-b82c84831f76.jpg,"
CVS®,Original price: $6.59,$6.09,,,8 oz,[],,"https://www.instacart.com/image-server/197x197/filters:fill(FFF,true):format(jpg)/d2lnr5mha7bycj.cloudfront.net/product-image/file/large_8512364c-b1df-467d-b028-1d618517f7b2.png,"
CVS®,Original price: $4.79,$4.39,,,12 oz,[],,"https://www.instacart.com/image-server/197x197/filters:fill(FFF,true):format(jpg)/d2lnr5mha7bycj.cloudfront.net/product-image/file/large_5accf4bf-9677-4ef8-80bb-0203cce9b61a.jpg,"
CVS®,Jell-O Strawberry Refrigerated Gelatin,$4.39,,,4 ct,[],,"https://www.instacart.com/image-server/197x197/filters:fill(FFF,true):format(jpg)/d2lnr5mha7bycj.cloudfront.net/product-image/file/large_9b6fff01-c6ea-470e-b11c-163605a60e83.jpg,"
CVS®,Mamba Magic Sticks Chewy Candy Sticks,$3.69,,,6.3 oz,[],,"https://www.instacart.com/image-server/197x197/filters:fill(FFF,true):format(jpg)/d2lnr5mha7bycj.cloudfront.net/product-image/file/large_98a987b7-ee63-4bf0-b743-9cd5b85e30c0.jpg,"
CVS®,Entenmann's Original Recipe Soft Baked Chocolate Chip Cookies,$5.29,,,12 oz,[],,"https://www.instacart.com/image-server/197x197/filters:fill(FFF,true):format(jpg)/d2lnr5mha7bycj.cloudfront.net/product-image/file/large_49d9c15e-507c-4bae-8ea9-64125958c60e.png,"
CVS®,RIESEN Chocolate Covered Chewy Caramel Candy,$6.59,,,12 oz,[],,"https://www.instacart.com/image-server/197x197/filters:fill(FFF,true):format(jpg)/d2lnr5mha7bycj.cloudfront.net/product-image/file/large_ac4aad83-a831-4cb6-bd45-889a1a98fd17.jpg,"
CVS®,"Town House Oven Baked Crackers, Party Snacks, Italian Herb",$6.59,,,9.5 oz,[],,"https://www.instacart.com/image-server/197x197/filters:fill(FFF,true):format(jpg)/d2lnr5mha7bycj.cloudfront.net/product-image/file/large_bdf988fb-48dc-41b6-8261-1f0538479b99.jpg,"
CVS®,"Voortman Bakery Wafers, Peanut Butter",$5.29,,,10.6 oz,[],,"https://www.instacart.com/image-server/197x197/filters:fill(FFF,true):format(jpg)/d2lnr5mha7bycj.cloudfront.net/product-image/file/large_87523244-e4de-44b9-829e-db34c16a9e15.jpg,"
CVS®,Original price: $5.89,$5.49,,,8 ct,[],,"https://www.instacart.com/image-server/197x197/filters:fill(FFF,true):format(jpg)/d2lnr5mha7bycj.cloudfront.net/product-image/file/large_14aa21fb-5caf-4324-9874-285b1e36decb.jpg,"
CVS®,Original price: $4.39,$3.89,,,10.75 oz,[],,"https://www.instacart.com/image-server/197x197/filters:fill(FFF,true):format(jpg)/d2lnr5mha7bycj.cloudfront.net/product-image/file/large_bac95faf-db97-4a9d-a9ab-2c290083075c.jpg,"
CVS®,"Club Crackers, Lunch Snacks, Snack Crackers, Original",$6.59,,,13.7 oz,[],,"https://www.instacart.com/image-server/197x197/filters:fill(FFF,true):format(jpg)/d2lnr5mha7bycj.cloudfront.net/product-image/file/large_3244a901-5549-4424-afdc-08e2f46d39a9.jpg,"
CVS®,"Oreo Chocolate Sandwich Cookies, Family Size",$6.59,,,19.1 oz,[],,"https://www.instacart.com/image-server/197x197/filters:fill(FFF,true):format(jpg)/d2lnr5mha7bycj.cloudfront.net/product-image/file/large_0c9efeb2-904c-4c5b-b551-df5e987ea165.jpg,"
CVS®,Original price: $5.89,$5.49,,,10 ct,[],,"https://www.instacart.com/image-server/197x197/filters:fill(FFF,true):format(jpg)/d2lnr5mha7bycj.cloudfront.net/product-image/file/large_e68e0a16-baf4-4dfb-b816-c653008da699.jpg,"
CVS®,"Cheez-It Cheese Crackers, Baked Snack Crackers, Lunch Snacks, Original",$6.39,,,12.4 oz,['Light Sodium'],,"https://www.instacart.com/image-server/197x197/filters:fill(FFF,true):format(jpg)/d2lnr5mha7bycj.cloudfront.net/product-image/file/large_54e48933-be19-4482-b14d-66e763289e24.jpg,"
CVS®,Original price: $6.99,$6.39,,,10.75 oz,[],,"https://www.instacart.com/image-server/197x197/filters:fill(FFF,true):format(jpg)/d2lnr5mha7bycj.cloudfront.net/product-image/file/large_63a2d1ba-5b62-472b-aff2-39ce39a20819.png,"
CVS®,"Frito Lay Snack Mix, Flamin' Hot Flavored",$15.39,,,18 ct,[],,"https://www.instacart.com/image-server/197x197/filters:fill(FFF,true):format(jpg)/d2lnr5mha7bycj.cloudfront.net/product-image/file/large_53bff7fe-46c6-4ecc-a561-2261a8d78c9b.png,"
CVS®,"Toasteds Crackers, Party Snacks, Party Snacks, Harvest Wheat",$6.59,,,8 oz,[],,"https://www.instacart.com/image-server/197x197/filters:fill(FFF,true):format(jpg)/d2lnr5mha7bycj.cloudfront.net/product-image/file/large_05e3f4e8-5642-4e0f-9dae-8b8a3f748417.jpg,"
CVS®,Mamba Fruit Chews Chewy Candy,$3.69,,,7.05 oz,[],,"https://www.instacart.com/image-server/197x197/filters:fill(FFF,true):format(jpg)/d2lnr5mha7bycj.cloudfront.net/product-image/file/large_4c41c191-b647-43a1-9ae3-8ece0e9bf666.jpg,"
CVS®,"Cheez-It Cheese Crackers, Baked Snack Crackers, Lunch Snacks, Extra Cheesy",$6.39,,,12.4 oz,['Light Sodium'],,"https://www.instacart.com/image-server/197x197/filters:fill(FFF,true):format(jpg)/d2lnr5mha7bycj.cloudfront.net/product-image/file/large_d1a41e11-ef63-4c8a-b418-6b7d32cc3bf0.jpg,"
CVS®,Original price: $5.49,$4.99,,,4 x 2 oz,[],,"https://www.instacart.com/image-server/197x197/filters:fill(FFF,true):format(jpg)/d2lnr5mha7bycj.cloudfront.net/product-image/file/large_76289429-a7d2-4ace-81e5-8e7607631f64.jpg,"
CVS®,Food Club Seasoned Curly French Fried Potatoes,$6.59,,,24 oz,[],,"https://www.instacart.com/image-server/197x197/filters:fill(FFF,true):format(jpg)/d2lnr5mha7bycj.cloudfront.net/product-image/file/large_f86aab7b-b8b8-437c-a783-97c3878a57c1.png,"
CVS®,"Totino's Pizza Rolls, Pepperoni",$9.89,,,50 ct,[],,"https://www.instacart.com/image-server/197x197/filters:fill(FFF,true):format(jpg)/d2lnr5mha7bycj.cloudfront.net/product-image/file/large_02edecfd-2ee7-4873-96b1-6c4a72178c33.png,"
CVS®,"Totino's Pizza Rolls, Pepperoni",$18.69,,,100 ct,[],,"https://www.instacart.com/image-server/197x197/filters:fill(FFF,true):format(jpg)/d2lnr5mha7bycj.cloudfront.net/product-image/file/large_f9ca9aad-5bf8-4fd0-8b9a-9b51bb3d38e2.png,"
CVS®,Original price: $7.69,$5.49,,,8 oz,[],,"https://www.instacart.com/image-server/197x197/filters:fill(FFF,true):format(jpg)/d2lnr5mha7bycj.cloudfront.net/product-image/file/large_93fb6bb8-8ffc-452a-ac43-0cc35eb584d0.jpg,"
CVS®,Bar-S Honey Crisp Batter Dipped Classic Corn Dogs Frozen Snack,$7.69,,,2.34 lb,[],,"https://www.instacart.com/image-server/197x197/filters:fill(FFF,true):format(jpg)/d2lnr5mha7bycj.cloudfront.net/product-image/file/large_cb2897b6-cafb-415b-8824-8d02d820b821.png,"
CVS®,"Totino's Pizza Rolls, Pepperoni",$21.99,,,130 ct,[],,"https://www.instacart.com/image-server/197x197/filters:fill(FFF,true):format(jpg)/d2lnr5mha7bycj.cloudfront.net/product-image/file/large_2cf0e43a-3bd5-43ba-84e0-7d684a15c9c3.png,"
CVS®,"P.F. Chang's Chicken Egg Rolls, Frozen Appetizers",$6.59,,,8.8 oz,[],,"https://www.instacart.com/image-server/197x197/filters:fill(FFF,true):format(jpg)/d2lnr5mha7bycj.cloudfront.net/product-image/file/large_8c0d809a-b32f-40e3-b252-fa8f43dcc49f.jpg,"
CVS®,"SeaPak Tempura Shrimp, Oven Crispy",$11.59,,,8.2 oz,[],,"https://www.instacart.com/image-server/197x197/filters:fill(FFF,true):format(jpg)/d2lnr5mha7bycj.cloudfront.net/product-image/file/large_f7f62aa4-5aa3-4578-9ac8-48fc48d32738.png,"
CVS®,"Tyson Anytizers Home-Style Chicken Fries, Frozen",$10.99,,,28.05 oz,[],,"https://www.instacart.com/image-server/197x197/filters:fill(FFF,true):format(jpg)/d2lnr5mha7bycj.cloudfront.net/product-image/file/large_179a35da-2f7d-4301-9a71-3adb6d25fff1.jpg,"
CVS®,"Deep Indian Kitchen Samosas, Chicken Tikka, Medium Spice",$8.79,,,8 each,[],,"https://www.instacart.com/image-server/197x197/filters:fill(FFF,true):format(jpg)/d2lnr5mha7bycj.cloudfront.net/product-image/file/large_e46f5954-bbd7-4e17-bbfc-05ecb186fb91.png,"
CVS®,"Hot Pockets Sandwiches, Pepperoni Pizza",$2.19,,,4 oz,[],,"https://www.instacart.com/image-server/197x197/filters:fill(FFF,true):format(jpg)/d2lnr5mha7bycj.cloudfront.net/product-image/file/large_7b2660df-168c-479f-a068-d66f273e473b.png,"
CVS®,Hot Pockets Hot Pocket Ham And Cheese Croissant Crust,$4.99,,,2 x 4.5 oz,[],,"https://www.instacart.com/image-server/197x197/filters:fill(FFF,true):format(jpg)/d2lnr5mha7bycj.cloudfront.net/product-image/file/large_42f58f73-cb1a-48b5-a892-fbc92289d973.jpg,"
CVS®,Original price: $7.69,$5.49,,,20 oz,['Vegan'],,"https://www.instacart.com/image-server/197x197/filters:fill(FFF,true):format(jpg)/d2lnr5mha7bycj.cloudfront.net/product-image/file/large_8103399b-75e6-4ac6-a499-9a9ac1c26f7c.png,"
CVS®,"Totino's Pizza Rolls, Cheese",$18.69,,,100 ct,[],,"https://www.instacart.com/image-server/197x197/filters:fill(FFF,true):format(jpg)/d2lnr5mha7bycj.cloudfront.net/product-image/file/large_3348271a-1bef-4f31-89df-68d5c3d21cc5.png,"
CVS®,"Caribbean Food Delights Beef Patties, Spicy, Jamaican Style",$16.49,,,10 each,[],,"https://www.instacart.com/image-server/197x197/filters:fill(FFF,true):format(jpg)/d2lnr5mha7bycj.cloudfront.net/product-image/file/large_c1006852-58fe-4381-9ae6-641a73229772.png,"
CVS®,"Totino's Pizza Rolls, Triple Cheese",$9.89,,,50 ct,[],,"https://www.instacart.com/image-server/197x197/filters:fill(FFF,true):format(jpg)/d2lnr5mha7bycj.cloudfront.net/product-image/file/large_6fe99e82-1846-4775-8c71-2d5f1b75f48e.png,"
CVS®,Hot Pockets Philly Steak And Cheese Frozen Sandwiches,$4.99,,,2 x 4.5 oz,[],,"https://www.instacart.com/image-server/197x197/filters:fill(FFF,true):format(jpg)/d2lnr5mha7bycj.cloudfront.net/product-image/file/large_19d5d36a-0052-4257-84cd-8ea29e16dbaf.jpg,"
CVS®,"Totino's Pizza Rolls, Combination",$18.69,,,100 ct,[],,"https://www.instacart.com/image-server/197x197/filters:fill(FFF,true):format(jpg)/d2lnr5mha7bycj.cloudfront.net/product-image/file/large_093e33a7-fe3d-4c10-97e7-9a96f98dfef4.png,"
CVS®,Mrs. T's Minis Cheddar Seasoned with Bacon Pierogies,$4.39,,,28 each,[],,"https://www.instacart.com/image-server/197x197/filters:fill(FFF,true):format(jpg)/d2lnr5mha7bycj.cloudfront.net/product-image/file/large_8d294f6f-801f-47b5-ab57-37a7c7793011.png,"
CVS®,Grown In Idaho Super Crispy Crinkle Cut Fries,$7.29,,,28 oz,['Vegan'],Many in stock,"https://www.instacart.com/image-server/197x197/filters:fill(FFF,true):format(jpg)/d2lnr5mha7bycj.cloudfront.net/product-image/file/large_a13d79c3-f335-4304-a02f-e7637cf33926.png,"
CVS®,"Totino's Pizza Rolls, Combination",$21.99,,,130 ct,[],,"https://www.instacart.com/image-server/197x197/filters:fill(FFF,true):format(jpg)/d2lnr5mha7bycj.cloudfront.net/product-image/file/large_b6a548ca-8f2d-47f1-bcab-b381f61a2f11.png,"
CVS®,Original price: $7.69,$6.09,,,28 oz,['Gluten-Free'],,"https://www.instacart.com/image-server/197x197/filters:fill(FFF,true):format(jpg)/d2lnr5mha7bycj.cloudfront.net/product-image/file/large_0dd35412-a394-4b23-9d6f-2423982a2b3d.jpg,"
CVS®,Original price: $4.79,$4.39,,,24 oz,[],,"https://www.instacart.com/image-server/197x197/filters:fill(FFF,true):format(jpg)/d2lnr5mha7bycj.cloudfront.net/product-image/file/large_bc06ab21-9de7-4769-97f3-ccb110eed4d4.png,"
CVS®,"Totino's Pizza Rolls, Triple Meat",$21.99,,,130 ct,[],,"https://www.instacart.com/image-server/197x197/filters:fill(FFF,true):format(jpg)/d2lnr5mha7bycj.cloudfront.net/product-image/file/large_16e2e59e-5441-43c7-94bc-e2f5e3d416a0.png,"
CVS®,Original price: $5.49,$4.89,,,5.34 oz,[],,"https://www.instacart.com/image-server/197x197/filters:fill(FFF,true):format(jpg)/d2lnr5mha7bycj.cloudfront.net/product-image/file/large_240b7a1f-ef81-4d71-ad4a-6dd1c3a0cf56.jpg,"
CVS®,Original price: $10.49,$9.39,,,20.28 oz,[],,"https://www.instacart.com/image-server/197x197/filters:fill(FFF,true):format(jpg)/d2lnr5mha7bycj.cloudfront.net/product-image/file/large_4c79ff9a-6d2c-497f-98dc-df6cb961f3bc.jpg,"
CVS®,Bibigo Pork & Vegetable Steamed Dumplings,$4.39,,,6.6 oz,[],,"https://www.instacart.com/image-server/197x197/filters:fill(FFF,true):format(jpg)/d2lnr5mha7bycj.cloudfront.net/product-image/file/large_756df4fd-d517-43fb-9ba8-af935ea55fef.jpg,"
CVS®,Grown In Idaho Super Crispy Shoestring Fries,$7.29,,,28 oz,['Vegan'],,"https://www.instacart.com/image-server/197x197/filters:fill(FFF,true):format(jpg)/d2lnr5mha7bycj.cloudfront.net/product-image/file/large_fd572429-dc3b-4156-97a8-481dfcc3cb50.png,"
CVS®,Original price: $6.09,$5.49,,,5 ct,[],,"https://www.instacart.com/image-server/197x197/filters:fill(FFF,true):format(jpg)/d2lnr5mha7bycj.cloudfront.net/product-image/file/large_13e3a772-e115-49bc-9501-5e01d63cdd9b.jpg,"
CVS®,Original price: $9.89,$8.79,,,1.5 lb,[],,"https://www.instacart.com/image-server/197x197/filters:fill(FFF,true):format(jpg)/d2lnr5mha7bycj.cloudfront.net/product-image/file/large_cbd77837-47a0-4304-a6ba-86292c586930.png,"
CVS®,Totino's Triple Cheese Flavored Pizza Rolls Frozen Kids Snacks,$18.69,,,48.8 oz,[],,"https://www.instacart.com/image-server/197x197/filters:fill(FFF,true):format(jpg)/d2lnr5mha7bycj.cloudfront.net/product-image/file/large_2c795132-6f1c-463e-b42e-f5aed69757fe.png,"
CVS®,Original price: $4.09,$3.29,,,9 ct,[],,"https://www.instacart.com/image-server/197x197/filters:fill(FFF,true):format(jpg)/d2lnr5mha7bycj.cloudfront.net/product-image/file/large_dfd4900a-54c2-409d-9d24-25f505b748c0.jpg,"
CVS®,Original price: $7.69,$6.09,,,32 oz,"['Vegan', 'Gluten-Free']",,"https://www.instacart.com/image-server/197x197/filters:fill(FFF,true):format(jpg)/d2lnr5mha7bycj.cloudfront.net/product-image/file/large_18a6a5d8-d283-4d91-b9b1-58bab7158d3d.jpg,"
CVS®,Original price: $5.49,$4.89,,,5.98 oz,[],,"https://www.instacart.com/image-server/197x197/filters:fill(FFF,true):format(jpg)/d2lnr5mha7bycj.cloudfront.net/product-image/file/large_42a10411-d3e4-42ba-bb97-3bdc493364e4.jpg,"
CVS®,Hot Pockets Philly Steak And Cheese Frozen Sandwiches,$20.89,,,54 oz,[],,"https://www.instacart.com/image-server/197x197/filters:fill(FFF,true):format(jpg)/d2lnr5mha7bycj.cloudfront.net/product-image/file/large_7d15401d-b94c-4354-9872-7c47c358a1c2.jpg,"
CVS®,Totino's Combination Pizza Rolls Frozen Kids Snacks Microwave Air Fryer Ready,$9.89,,,24.8 oz,[],,"https://www.instacart.com/image-server/197x197/filters:fill(FFF,true):format(jpg)/d2lnr5mha7bycj.cloudfront.net/product-image/file/large_76fa9cbd-d6e1-4f7d-a40e-6911a8852510.png,"
CVS®,Original price: $12.09,$10.99,,,16 oz,[],,"https://www.instacart.com/image-server/197x197/filters:fill(FFF,true):format(jpg)/d2lnr5mha7bycj.cloudfront.net/product-image/file/large_e762645f-56e2-42da-af5f-077b0ee213b9.png,"
CVS®,SUPERPRETZEL Original Soft Pretzels,$5.49,,,6 ct,[],Many in stock,"https://www.instacart.com/image-server/197x197/filters:fill(FFF,true):format(jpg)/d2lnr5mha7bycj.cloudfront.net/product-image/file/large_be83a6e2-47bf-4366-8b0b-85117292032e.png,"
CVS®,Original price: $9.39,$8.79,,,12 x 9.75 oz,[],,"https://www.instacart.com/image-server/197x197/filters:fill(FFF,true):format(jpg)/d2lnr5mha7bycj.cloudfront.net/product-image/file/large_e0c59322-cc07-42a7-ab6e-bbabd47e7c0a.png,"
CVS®,Original price: $4.29,$3.29,,,9 oz,[],,"https://www.instacart.com/image-server/197x197/filters:fill(FFF,true):format(jpg)/d2lnr5mha7bycj.cloudfront.net/product-image/file/large_acdd6780-bf50-4d66-b54c-ce71bba01edf.jpg,"
CVS®,Original price: $7.69,$6.09,,,26 oz,"['Vegan', 'Gluten-Free']",,"https://www.instacart.com/image-server/197x197/filters:fill(FFF,true):format(jpg)/d2lnr5mha7bycj.cloudfront.net/product-image/file/large_279caefe-d445-4a0c-a23d-6f815986a9fd.jpg,"
CVS®,Hot Pockets Hot Pocket Pepperoni Pizza,$20.89,,,12 ct,[],,"https://www.instacart.com/image-server/197x197/filters:fill(FFF,true):format(jpg)/d2lnr5mha7bycj.cloudfront.net/product-image/file/large_fdaa0239-b12b-4b1e-9e6d-f7c2b12b368c.jpg,"
CVS®,Grown In Idaho Super Crispy Tots,$7.29,,,28 oz,[],,"https://www.instacart.com/image-server/197x197/filters:fill(FFF,true):format(jpg)/d2lnr5mha7bycj.cloudfront.net/product-image/file/large_773b26d5-b05c-4df3-8326-7fd4e49f533f.png,"
CVS®,"Totino's Pizza Rolls, Supreme",$9.89,,,50 ct,[],,"https://www.instacart.com/image-server/197x197/filters:fill(FFF,true):format(jpg)/d2lnr5mha7bycj.cloudfront.net/product-image/file/large_cb0951d7-b42e-4093-aee7-224d34ef0b52.png,"
CVS®,"Totino's Pizza Rolls, Triple Meat",$9.89,,,50 ct,[],,"https://www.instacart.com/image-server/197x197/filters:fill(FFF,true):format(jpg)/d2lnr5mha7bycj.cloudfront.net/product-image/file/large_17c998da-90b0-405d-bb02-85472ef3e194.png,"
CVS®,SeaPak Calamari with Oven Crispy Breading and Tomato Romano Sauce,$13.19,,,12 oz,[],,"https://www.instacart.com/image-server/197x197/filters:fill(FFF,true):format(jpg)/d2lnr5mha7bycj.cloudfront.net/product-image/file/large_11ebbf1b-81d9-40cc-8342-a463ff35714d.jpg,"
CVS®,Original price: $7.69,$7.19,,,28 oz,['Gluten-Free'],,"https://www.instacart.com/image-server/197x197/filters:fill(FFF,true):format(jpg)/d2lnr5mha7bycj.cloudfront.net/product-image/file/large_3ccb3ca0-10d9-49a0-9e1d-986b4c685e39.jpg,"
CVS®,SeaPak Shrimp Spring Rolls with Sweet Chili Sauce,$14.29,,,18 oz,[],,"https://www.instacart.com/image-server/197x197/filters:fill(FFF,true):format(jpg)/d2lnr5mha7bycj.cloudfront.net/product-image/file/large_841185da-0888-4c27-a0ab-d36dcae8d382.jpg,"
CVS®,Original price: $12.09,$9.89,,,5 lb,"['Vegan', 'Gluten-Free']",,"https://www.instacart.com/image-server/197x197/filters:fill(FFF,true):format(jpg)/d2lnr5mha7bycj.cloudfront.net/product-image/file/large_229ead43-a233-401b-84e5-5cb1b0bee9c9.jpg,"
CVS®,SeaPak Beer Battered Shrimp with Tangy Citrus Sauce,$13.19,,,9 oz,[],,"https://www.instacart.com/image-server/197x197/filters:fill(FFF,true):format(jpg)/d2lnr5mha7bycj.cloudfront.net/product-image/file/large_cb7aaf30-f697-4ed7-8a1f-2b59183e3052.jpg,"
CVS®,SeaPak Budweiser Beer Battered Crab Poppers with Citrus Tartar Sauce,$13.19,,,11 oz,[],,"https://www.instacart.com/image-server/197x197/filters:fill(FFF,true):format(jpg)/d2lnr5mha7bycj.cloudfront.net/product-image/file/large_40429c2a-6fb8-4d38-b63c-8c533c63b1aa.jpg,"
CVS®,Maggi Chicken Flavor Rice Soup Mix,$1.49,,,2.11 oz,[],,"https://www.instacart.com/image-server/197x197/filters:fill(FFF,true):format(jpg)/d2lnr5mha7bycj.cloudfront.net/product-image/file/large_293f60ac-212d-4d69-a123-7e1980e295fd.jpg,"
CVS®,"Totino's Pizza Rolls, Cheese",$9.89,,,24.8 oz,[],,"https://www.instacart.com/image-server/197x197/filters:fill(FFF,true):format(jpg)/d2lnr5mha7bycj.cloudfront.net/product-image/file/large_f05b3c63-7843-448f-b4f6-11d46a4e4875.png,"
CVS®,"Crystal Farms Shredded Cheese, White, Extra Sharp, Cheddar",$5.49,,,7 oz,[],,"https://www.instacart.com/image-server/197x197/filters:fill(FFF,true):format(jpg)/d2lnr5mha7bycj.cloudfront.net/product-image/file/large_5318e744-5334-4779-8145-0e958bad61a2.png,"
CVS®,"Crystal Farms Cheese, Finely Shredded, Asiago & Parmesan Cheese Blend",$5.29,,,5.5 oz,[],,"https://www.instacart.com/image-server/197x197/filters:fill(FFF,true):format(jpg)/d2lnr5mha7bycj.cloudfront.net/product-image/file/large_bbf31002-501d-42da-a92b-3bdcd8d23299.png,"
CVS®,Original price: $6.59,$4.99,,,6 oz,['Keto'],,"https://www.instacart.com/image-server/197x197/filters:fill(FFF,true):format(jpg)/d2lnr5mha7bycj.cloudfront.net/product-image/file/large_4ff389ff-d38e-4247-8548-050c0521a8d1.jpg,"
CVS®,Original price: $12.09,$11.59,,,20 oz,['Keto'],,"https://www.instacart.com/image-server/197x197/filters:fill(FFF,true):format(jpg)/d2lnr5mha7bycj.cloudfront.net/product-image/file/large_51474747-d837-4c9f-9a94-fc6e89ffe4a2.jpg,"
CVS®,Original price: $6.59,$5.49,,,12 x 10 oz,['Keto'],,"https://www.instacart.com/image-server/197x197/filters:fill(FFF,true):format(jpg)/d2lnr5mha7bycj.cloudfront.net/product-image/file/large_7ea41ba7-364f-427b-a858-23f686959f4c.jpeg,"
CVS®,Daisy Small Curd Cottage Cheese,$5.49,,,24 oz,"['Cow Milk', 'Keto']",,"https://www.instacart.com/image-server/197x197/filters:fill(FFF,true):format(jpg)/d2lnr5mha7bycj.cloudfront.net/product-image/file/large_b95745dc-a9e2-408c-b263-6a98aab3f93c.png,"
CVS®,"Crystal Farms Shredded Cheese, Wisconsin, Sharp Cheddar",$5.49,,,8 oz,['Keto'],,"https://www.instacart.com/image-server/197x197/filters:fill(FFF,true):format(jpg)/d2lnr5mha7bycj.cloudfront.net/product-image/file/large_dc8ce440-47b3-44f5-8a1a-22f9457b2ab2.jpg,"
CVS®,Original price: $6.59,$6.39,,,12 x 10 oz,['Keto'],,"https://www.instacart.com/image-server/197x197/filters:fill(FFF,true):format(jpg)/d2lnr5mha7bycj.cloudfront.net/product-image/file/large_70fded79-b797-4503-bbca-288ccfb26b6e.jpg,"
CVS®,Sargento Natural String Cheese Snacks,$8.79,,,12 ct,['Keto'],,"https://www.instacart.com/image-server/197x197/filters:fill(FFF,true):format(jpg)/d2lnr5mha7bycj.cloudfront.net/product-image/file/large_a04b5b2b-a149-48b4-b6fc-c771a906b7d4.jpg,"
CVS®,Crystal Farms Shredded Mozzarella Cheese,$5.49,,,8 oz,[],,"https://www.instacart.com/image-server/197x197/filters:fill(FFF,true):format(jpg)/d2lnr5mha7bycj.cloudfront.net/product-image/file/large_01879a70-eeb3-47b5-96c0-aea61e42ef63.jpg,"
CVS®,Original price: $6.59,$6.39,,,12 each,['Keto'],,"https://www.instacart.com/image-server/197x197/filters:fill(FFF,true):format(jpg)/d2lnr5mha7bycj.cloudfront.net/product-image/file/large_fdcab5d1-4dfb-4980-9787-e789ac23bdb8.jpg,"
CVS®,Original price: $6.59,$4.99,,,8 oz,"['Cow Milk', 'Keto']",,"https://www.instacart.com/image-server/197x197/filters:fill(FFF,true):format(jpg)/d2lnr5mha7bycj.cloudfront.net/product-image/file/large_04f96b8e-1cc6-4054-bd61-5462a88c1bed.jpg,"
CVS®,Sargento Sliced Colby-Jack Natural Cheese,$6.59,,,11 x 1.47 oz,['Keto'],,"https://www.instacart.com/image-server/197x197/filters:fill(FFF,true):format(jpg)/d2lnr5mha7bycj.cloudfront.net/product-image/file/large_762ed436-ced9-4eee-90e7-411d9ae83834.jpg,"
CVS®,Original price: $8.29,$7.19,,,16 oz,['Keto'],,"https://www.instacart.com/image-server/197x197/filters:fill(FFF,true):format(jpg)/d2lnr5mha7bycj.cloudfront.net/product-image/file/large_ec6b46a2-7e1d-4e6d-b3e5-dbff9feb9ae1.jpg,"
CVS®,Original price: $5.49,$4.39,,,16 each,[],Many in stock,"https://www.instacart.com/image-server/197x197/filters:fill(FFF,true):format(jpg)/d2lnr5mha7bycj.cloudfront.net/product-image/file/large_45862948-eb40-4315-8262-087d6771feb0.png,"
CVS®,"BelGioioso Freshly Grated Parmesan Cheese, Cup",$6.19,,,5 oz,['Keto'],,"https://www.instacart.com/image-server/197x197/filters:fill(FFF,true):format(jpg)/d2lnr5mha7bycj.cloudfront.net/product-image/file/large_25f5e756-3a47-46ca-811f-a308907b50da.png,"
CVS®,Original price: $4.99,$3.89,,,0.75 oz,[],,"https://www.instacart.com/image-server/197x197/filters:fill(FFF,true):format(jpg)/d2lnr5mha7bycj.cloudfront.net/product-image/file/large_c0264580-f01e-4f57-be7c-2ab0a4eb640d.png,"
CVS®,"Crystal Farms Cheese, Mac & Cheese, 3 Cheese Blend",$5.49,,,7 oz,[],,"https://www.instacart.com/image-server/197x197/filters:fill(FFF,true):format(jpg)/d2lnr5mha7bycj.cloudfront.net/product-image/file/large_399aa21f-65b5-416e-87b4-068474b2c460.png,"
CVS®,"Crystal Farms Finely Shredded Cheese, Sharp Cheddar, Wisconsin",$5.49,,,8 oz,['Keto'],,"https://www.instacart.com/image-server/197x197/filters:fill(FFF,true):format(jpg)/d2lnr5mha7bycj.cloudfront.net/product-image/file/large_53495ae5-055a-4db5-808c-d0b928dbe64a.jpg,"
CVS®,Crystal Farms Shredded Cheddar Cheese,$5.49,,,8 oz,['Keto'],,"https://www.instacart.com/image-server/197x197/filters:fill(FFF,true):format(jpg)/d2lnr5mha7bycj.cloudfront.net/product-image/file/large_f7fd9061-f5c3-43ca-b388-55fd34fa5ab3.jpg,"
CVS®,Kraft Singles American Cheese Slices,$6.59,,,16 ct,[],,"https://www.instacart.com/image-server/197x197/filters:fill(FFF,true):format(jpg)/d2lnr5mha7bycj.cloudfront.net/product-image/file/large_06a81d43-dcb7-45eb-b3e6-4c091a8f89d2.jpg,"
CVS®,Sargento Sliced Sharp Natural Cheddar Cheese,$6.59,,,11 x 8 oz,['Keto'],,"https://www.instacart.com/image-server/197x197/filters:fill(FFF,true):format(jpg)/d2lnr5mha7bycj.cloudfront.net/product-image/file/large_d848d0f1-69a0-4690-a98e-0922ce84d08a.jpg,"
CVS®,"Crystal Farms Cheese, Muenster",$5.49,,,7 oz,['Keto'],,"https://www.instacart.com/image-server/197x197/filters:fill(FFF,true):format(jpg)/d2lnr5mha7bycj.cloudfront.net/product-image/file/large_0f8efb34-059c-4798-9b0f-4fee7d34a4bf.png,"
CVS®,"Crystal Farms Cheese, Mozzarella, Low-Moisture, Whole Milk",$5.49,,,8 oz,['Cow Milk'],,"https://www.instacart.com/image-server/197x197/filters:fill(FFF,true):format(jpg)/d2lnr5mha7bycj.cloudfront.net/product-image/file/large_5ba2d1a9-aa73-4ab1-be8f-568156c199b1.jpg,"
CVS®,Sargento Shredded Mozzarella & Provolone with Natural Smoke Flavor Natural Cheeses,$6.59,,,8 oz,['Keto'],,"https://www.instacart.com/image-server/197x197/filters:fill(FFF,true):format(jpg)/d2lnr5mha7bycj.cloudfront.net/product-image/file/large_5c7b0b1f-ec84-4ca3-83c1-00957fac816d.jpg,"
CVS®,"Kraft String Cheese Mzarella Cheese Snacks, ct Sticks",$7.69,,,12 ct,[],,"https://www.instacart.com/image-server/197x197/filters:fill(FFF,true):format(jpg)/d2lnr5mha7bycj.cloudfront.net/product-image/file/large_8233b99b-7a6a-4cfa-9d8c-73ce00e7832c.jpg,"
CVS®,"Crystal Farms Cheese Slices, Provolone",$5.49,,,10 each,['Keto'],,"https://www.instacart.com/image-server/197x197/filters:fill(FFF,true):format(jpg)/d2lnr5mha7bycj.cloudfront.net/product-image/file/large_ece7a5da-552c-44b2-8cd1-2811f3d41e3b.png,"
CVS®,"Crystal Farms Finely Shredded Cheese, Mozzarella",$5.49,,,8 oz,[],,"https://www.instacart.com/image-server/197x197/filters:fill(FFF,true):format(jpg)/d2lnr5mha7bycj.cloudfront.net/product-image/file/large_0c1960c1-9944-4bb2-9d73-1423d098276a.jpg,"
CVS®,"Old El Paso Cheese, Mexican Style, 4 Cheese Blend",$5.29,,,7 oz,[],,"https://www.instacart.com/image-server/197x197/filters:fill(FFF,true):format(jpg)/d2lnr5mha7bycj.cloudfront.net/product-image/file/large_14e7d595-7864-46ec-8c3e-12069c9383c8.png,"
CVS®,Original price: $6.59,$5.49,,,5 x 5 oz,['Keto'],,"https://www.instacart.com/image-server/197x197/filters:fill(FFF,true):format(jpg)/d2lnr5mha7bycj.cloudfront.net/product-image/file/large_665b14aa-8846-450f-8f34-6099fac732d0.jpg,"
CVS®,Old El Paso Quesadilla Shredded Cheese,$5.29,,,7 oz,['Keto'],,"https://www.instacart.com/image-server/197x197/filters:fill(FFF,true):format(jpg)/d2lnr5mha7bycj.cloudfront.net/product-image/file/large_fd7f613f-bfb2-4a57-9cbb-4e7259095776.jpg,"
CVS®,"Crystal Farms Shredded Cheese, Monterey Jack",$5.49,,,8 oz,[],,"https://www.instacart.com/image-server/197x197/filters:fill(FFF,true):format(jpg)/d2lnr5mha7bycj.cloudfront.net/product-image/file/large_8133c889-69f2-46cb-a60b-811284ba82e2.png,"
CVS®,"Crystal Farms Cheese Slices, Thins, Provolone",$5.49,,,18 each,['Keto'],,"https://www.instacart.com/image-server/197x197/filters:fill(FFF,true):format(jpg)/d2lnr5mha7bycj.cloudfront.net/product-image/file/large_7f2c4993-ec9b-4407-b4d5-d38bdc327e5c.png,"
CVS®,Original price: $8.79,$7.69,,,5.2 oz,['Keto'],,"https://www.instacart.com/image-server/197x197/filters:fill(FFF,true):format(jpg)/d2lnr5mha7bycj.cloudfront.net/product-image/file/large_c03a4f45-714f-40c8-b777-8c2524726ce9.png,"
CVS®,Original price: $13.19,$9.89,,,24 each,"['Cow Milk', 'Keto']",,"https://www.instacart.com/image-server/197x197/filters:fill(FFF,true):format(jpg)/d2lnr5mha7bycj.cloudfront.net/product-image/file/large_5082e90b-aca2-45c8-a36d-cccbb23d91f6.png,"
CVS®,Original price: $6.59,$4.39,,,16 oz,[],,"https://www.instacart.com/image-server/197x197/filters:fill(FFF,true):format(jpg)/d2lnr5mha7bycj.cloudfront.net/product-image/file/large_3bb1d1a5-4d4c-41ca-a881-202e2c7f8dfd.png,"
CVS®,Westfield Farms Shredded Mexican Style Taco Cheese,$4.39,,,8 oz,[],,"https://www.instacart.com/image-server/197x197/filters:fill(FFF,true):format(jpg)/d2lnr5mha7bycj.cloudfront.net/product-image/file/large_07d09378-e04b-45da-aa98-3643e9b8d783.jpg,"
CVS®,Crystal Farms Shredded Parmesan Cheese,$5.39,,,5 oz,['Keto'],,"https://www.instacart.com/image-server/197x197/filters:fill(FFF,true):format(jpg)/d2lnr5mha7bycj.cloudfront.net/product-image/file/large_be2c2e59-e517-4476-a878-d9d6c7585c3f.jpg,"
CVS®,Original price: $4.39,$3.59,,,16 oz,[],,"https://www.instacart.com/image-server/197x197/filters:fill(FFF,true):format(jpg)/d2lnr5mha7bycj.cloudfront.net/product-image/file/large_140ece2d-1c5f-467d-97df-4da3a3467798.jpg,"
CVS®,"Crystal Farms Cheese, 3 Cheese Mexican Style Blend",$5.49,,,7 oz,[],,"https://www.instacart.com/image-server/197x197/filters:fill(FFF,true):format(jpg)/d2lnr5mha7bycj.cloudfront.net/product-image/file/large_838e1614-c34f-42ce-b9de-e6e2e29b5e5f.png,"
CVS®,Crystal Farms Wisconsin Mozzarella String Cheese,$1.09,,,1.5 lb,['Keto'],,"https://www.instacart.com/image-server/197x197/filters:fill(FFF,true):format(jpg)/d2lnr5mha7bycj.cloudfront.net/product-image/file/large_13c8b971-2b2a-46ad-913e-766ebe57c98c.jpg,"
CVS®,"Crystal Farms Cheese, Thick Cut, Pizzeria",$5.49,,,7 oz,[],,"https://www.instacart.com/image-server/197x197/filters:fill(FFF,true):format(jpg)/d2lnr5mha7bycj.cloudfront.net/product-image/file/large_3396fc60-f756-4ae3-93bb-26f57d1b2843.png,"
CVS®,"Crystal Farms Shredded Cheese, Cheddar, Finely",$5.49,,,8 oz,[],,"https://www.instacart.com/image-server/197x197/filters:fill(FFF,true):format(jpg)/d2lnr5mha7bycj.cloudfront.net/product-image/file/large_b59d2004-cf5e-4f35-9cc0-061a9d467582.jpg,"
CVS®,"Crystal Farms Shredded, Cheese, Romano",$5.39,,,5 oz,['Keto'],,"https://www.instacart.com/image-server/197x197/filters:fill(FFF,true):format(jpg)/d2lnr5mha7bycj.cloudfront.net/product-image/file/large_9eaa5a9f-e0f4-426f-9670-f544fe9117e4.png,"
CVS®,Sargento Sliced Extra Sharp Natural Cheddar Cheese,$6.59,,,10 ct,['Keto'],,"https://www.instacart.com/image-server/197x197/filters:fill(FFF,true):format(jpg)/d2lnr5mha7bycj.cloudfront.net/product-image/file/large_f1e745a4-770f-4363-9671-4174060221fd.jpg,"
CVS®,Crystal Farms Feta Cheese,$4.39,,,4 oz,[],,"https://www.instacart.com/image-server/197x197/filters:fill(FFF,true):format(jpg)/d2lnr5mha7bycj.cloudfront.net/product-image/file/large_1004004a-910f-4c56-9558-ce81e014f03d.jpg,"
CVS®,Original price: $6.09,$5.49,,,8 oz,"['Cow Milk', 'Keto']",,"https://www.instacart.com/image-server/197x197/filters:fill(FFF,true):format(jpg)/d2lnr5mha7bycj.cloudfront.net/product-image/file/large_86005c22-c2ca-4b9a-80f1-62a92b89697e.jpg,"
CVS®,Sargento Sliced Baby Swiss Natural Cheese,$6.59,,,11 ct,['Keto'],,"https://www.instacart.com/image-server/197x197/filters:fill(FFF,true):format(jpg)/d2lnr5mha7bycj.cloudfront.net/product-image/file/large_27311c14-ac4a-46b6-b00e-b29f3b66910d.jpg,"
CVS®,Sargento Sliced Mozzarella Natural Cheese,$6.59,,,11 ct,['Keto'],Many in stock,"https://www.instacart.com/image-server/197x197/filters:fill(FFF,true):format(jpg)/d2lnr5mha7bycj.cloudfront.net/product-image/file/large_76d5175e-e239-42ec-afa9-cd6d07e69f0e.jpg,"
CVS®,"Crystal Farms Shredded Cheese, Cheddar Jack",$5.49,,,8 oz,['Keto'],,"https://www.instacart.com/image-server/197x197/filters:fill(FFF,true):format(jpg)/d2lnr5mha7bycj.cloudfront.net/product-image/file/large_4571e84e-2b0a-4816-8f48-53847193329c.png,"
CVS®,"Crystal Farms Finely Shredded Cheese, Marble Jack",$5.49,,,8 oz,[],,"https://www.instacart.com/image-server/197x197/filters:fill(FFF,true):format(jpg)/d2lnr5mha7bycj.cloudfront.net/product-image/file/large_e18132d7-ea3f-4574-a630-218e2dd46ce8.jpg,"
CVS®,Crystal Farms Marble Jack Shredded Cheese,$5.49,,,8 oz,[],,"https://www.instacart.com/image-server/197x197/filters:fill(FFF,true):format(jpg)/d2lnr5mha7bycj.cloudfront.net/product-image/file/large_e5ad2f6c-083f-4d2f-88cd-97a9977c9c2c.jpg,"
CVS®,Tillamook Farmstyle Thick Cut Mozzarella Shredded Cheese,$5.49,,,8 oz,['Cow Milk'],,"https://www.instacart.com/image-server/197x197/filters:fill(FFF,true):format(jpg)/d2lnr5mha7bycj.cloudfront.net/product-image/file/large_374c7e86-740e-4f4a-93a9-c6a71d7a83e9.jpg,"
CVS®,"Crystal Farms Cheese, Parmesan, Grated, Pre-Priced $3.99",$4.39,,,8 oz,[],,"https://www.instacart.com/image-server/197x197/filters:fill(FFF,true):format(jpg)/d2lnr5mha7bycj.cloudfront.net/product-image/file/large_c30c0ca8-d18e-4024-888f-6c5fbccaf529.png,"
CVS®,Dave's Homogenized Milk,$2.59,,,64 fl oz,[],Many in stock,"https://www.instacart.com/image-server/197x197/filters:fill(FFF,true):format(jpg)/d2lnr5mha7bycj.cloudfront.net/product-image/file/large_643e24bf-aca6-480d-af97-7f429e6618c5.jpg,"
CVS®,"Borden Milk, Vitamin D",$3.09,,,0.5 gal,['Cow Milk'],Many in stock,"https://www.instacart.com/image-server/197x197/filters:fill(FFF,true):format(jpg)/d2lnr5mha7bycj.cloudfront.net/product-image/file/large_57ac67dc-1a66-4d07-8bad-cc1b9681a423.png,"
CVS®,Nestlé NESQUIK Chocolate Lowfat Milk Ready to Drink,$2.79,,,14 fl oz,[],,"https://www.instacart.com/image-server/197x197/filters:fill(FFF,true):format(jpg)/d2lnr5mha7bycj.cloudfront.net/product-image/file/large_8607a89b-7668-4f53-b6c0-7f9577176a7c.jpg,"
CVS®,Dave's 2% Reduced Fat Milk,$4.39,,,1 gal,[],Many in stock,"https://www.instacart.com/image-server/197x197/filters:fill(FFF,true):format(jpg)/d2lnr5mha7bycj.cloudfront.net/product-image/file/large_275faa35-fe9a-471e-a5a2-942376f1623f.jpg,"
CVS®,Dave's 2% Milk,$2.49,,,64 fl oz,[],Many in stock,"https://www.instacart.com/image-server/197x197/filters:fill(FFF,true):format(jpg)/d2lnr5mha7bycj.cloudfront.net/product-image/file/large_8349fcab-2247-4420-b149-5db26193b65d.jpg,"
CVS®,Dave's Half Gallon Skim Milk,$2.49,,,64 fl oz,[],Many in stock,"https://www.instacart.com/image-server/197x197/filters:fill(FFF,true):format(jpg)/d2lnr5mha7bycj.cloudfront.net/product-image/file/large_21d80033-0f33-41ae-8c32-dd5f9d7f9bac.jpg,"
CVS®,Nestlé NESQUIK Strawberry Flavored Lowfat Milk Ready To Drink,$2.79,,,14 fl oz,[],,"https://www.instacart.com/image-server/197x197/filters:fill(FFF,true):format(jpg)/d2lnr5mha7bycj.cloudfront.net/product-image/file/large_6bd15a48-3926-4c68-9973-4a2d38743403.jpg,"
CVS®,Dave's Homogenized Milk,$4.39,,,128 fl oz,[],Many in stock,"https://www.instacart.com/image-server/197x197/filters:fill(FFF,true):format(jpg)/d1s8987jlndkbs.cloudfront.net/assets/missing-item-4bbe82b8555e4d1c12626fd482cb2409713e8e30835645ff3650ef66a725d03c.png,"
CVS®,Dave's 1% Milk,$2.49,,,64 fl oz,[],,"https://www.instacart.com/image-server/197x197/filters:fill(FFF,true):format(jpg)/d2lnr5mha7bycj.cloudfront.net/product-image/file/large_98ebf655-da32-4110-80ab-14495b71af23.jpg,"
CVS®,"Borden Milk, Vitamin D",$2.19,,,1 qt,['Cow Milk'],,"https://www.instacart.com/image-server/197x197/filters:fill(FFF,true):format(jpg)/d2lnr5mha7bycj.cloudfront.net/product-image/file/large_00c26af6-363e-463d-91e9-5eee65e6db46.png,"
CVS®,Califia Farms Unsweetened Vanilla Almondmilk,$7.19,,,48 oz,['Vegan'],,"https://www.instacart.com/image-server/197x197/filters:fill(FFF,true):format(jpg)/d2lnr5mha7bycj.cloudfront.net/product-image/file/large_f01768a7-d88d-40c1-9c5e-9f262961781a.png,"
CVS®,Original price: $6.39,$5.49,,,0.5 gal,[],,"https://www.instacart.com/image-server/197x197/filters:fill(FFF,true):format(jpg)/d2lnr5mha7bycj.cloudfront.net/product-image/file/large_c5f4fc93-e04b-44de-9dbe-fa5210b67559.jpg,"
CVS®,Original price: $5.49,$4.99,,,0.5 gal,[],,"https://www.instacart.com/image-server/197x197/filters:fill(FFF,true):format(jpg)/d2lnr5mha7bycj.cloudfront.net/product-image/file/large_db5355de-31e6-4228-a242-34e02f54499d.jpg,"
CVS®,"Borden Milk, Reduced Fat, 2%",$3.09,,,0.5 gal,['Cow Milk'],Many in stock,"https://www.instacart.com/image-server/197x197/filters:fill(FFF,true):format(jpg)/d2lnr5mha7bycj.cloudfront.net/product-image/file/large_c7cca466-b588-42d8-bb24-142777c6883a.png,"
CVS®,Original price: $5.49,$4.99,,,64 oz,[],,"https://www.instacart.com/image-server/197x197/filters:fill(FFF,true):format(jpg)/d2lnr5mha7bycj.cloudfront.net/product-image/file/large_40914d89-ca5f-4582-a979-4643d1db92a7.jpg,"
CVS®,"fairlife 2% Chocolate Ultra-Filtered Milk, Lactose Free",$6.09,,,52 fl oz,[],,"https://www.instacart.com/image-server/197x197/filters:fill(FFF,true):format(jpg)/d2lnr5mha7bycj.cloudfront.net/product-image/file/large_5801ef66-cafe-4d38-8c96-55cb962f3c02.jpg,"
CVS®,"Borden Milk, Dutch Chocolate",$4.39,,,0.5 gal,[],,"https://www.instacart.com/image-server/197x197/filters:fill(FFF,true):format(jpg)/d2lnr5mha7bycj.cloudfront.net/product-image/file/large_fc1dddec-b44e-4ede-b188-0d6bc0a39410.png,"
CVS®,Almond Breeze Vanilla Shelf-Stable Almondmilk,$4.39,,,32 fl oz,[],,"https://www.instacart.com/image-server/197x197/filters:fill(FFF,true):format(jpg)/d2lnr5mha7bycj.cloudfront.net/product-image/file/large_a5e9809a-c9ba-4c06-bda1-3352a3eabbbf.jpg,"
CVS®,"Borden Milk, Lowfat Milk, Dutch Chocolate, 1%",$6.09,,,1 gal,[],,"https://www.instacart.com/image-server/197x197/filters:fill(FFF,true):format(jpg)/d2lnr5mha7bycj.cloudfront.net/product-image/file/large_8ca8e11e-432e-41fd-96ae-7d0849264c96.png,"
CVS®,Original price: $8.79,$8.29,,,96 fl oz,[],Many in stock,"https://www.instacart.com/image-server/197x197/filters:fill(FFF,true):format(jpg)/d2lnr5mha7bycj.cloudfront.net/product-image/file/large_76eae8a2-8175-4c1e-9141-34afe3482403.jpg,"
CVS®,Original price: $6.39,$5.49,,,64 oz,[],,"https://www.instacart.com/image-server/197x197/filters:fill(FFF,true):format(jpg)/d2lnr5mha7bycj.cloudfront.net/product-image/file/large_c30c3915-a52f-47a0-930c-2f1a52984fa9.jpg,"
CVS®,Original price: $5.49,$4.99,,,64 fl oz,[],,"https://www.instacart.com/image-server/197x197/filters:fill(FFF,true):format(jpg)/d2lnr5mha7bycj.cloudfront.net/product-image/file/large_da08b082-b406-420d-b9d8-ca6b8dd49e01.jpg,"
CVS®,Original price: $6.39,$5.49,,,64 fl oz,[],,"https://www.instacart.com/image-server/197x197/filters:fill(FFF,true):format(jpg)/d2lnr5mha7bycj.cloudfront.net/product-image/file/large_61c8af85-aabe-4f59-8b7a-5d09760c835f.jpg,"
CVS®,Original price: $7.69,$6.59,,,96 fl oz,[],,"https://www.instacart.com/image-server/197x197/filters:fill(FFF,true):format(jpg)/d2lnr5mha7bycj.cloudfront.net/product-image/file/large_4d61be6f-fb96-473c-998e-1afd30a3b947.jpg,"
CVS®,Original price: $6.59,$6.09,,,10 x 6.5 fl oz,[],Many in stock,"https://www.instacart.com/image-server/197x197/filters:fill(FFF,true):format(jpg)/d2lnr5mha7bycj.cloudfront.net/product-image/file/large_e0016444-988e-4a3f-a5f7-a8a68f012414.jpg,"
CVS®,Original price: $7.69,$6.59,,,64 fl oz,"['Cow Milk', 'Organic']",,"https://www.instacart.com/image-server/197x197/filters:fill(FFF,true):format(jpg)/d2lnr5mha7bycj.cloudfront.net/product-image/file/large_041fab7b-a5fa-431d-8327-024b5fdb88a9.jpg,"
CVS®,Original price: $8.79,$7.69,,,64 fl oz,"['Cow Milk', 'Organic']",,"https://www.instacart.com/image-server/197x197/filters:fill(FFF,true):format(jpg)/d2lnr5mha7bycj.cloudfront.net/product-image/file/large_828f5b43-15ef-43b3-aa03-b19a6de523d0.jpg,"
CVS®,"fairlife Whole Ultra-Filtered Milk, Lactose Free",$6.09,,,52 fl oz,[],,"https://www.instacart.com/image-server/197x197/filters:fill(FFF,true):format(jpg)/d2lnr5mha7bycj.cloudfront.net/product-image/file/large_2ed8f4a5-5d98-442c-8f8e-af8782c48dd4.jpg,"
CVS®,Borden Strawberry Vitamin D Milk,$4.39,,,0.5 gal,[],,"https://www.instacart.com/image-server/197x197/filters:fill(FFF,true):format(jpg)/d2lnr5mha7bycj.cloudfront.net/product-image/file/large_ae1698f7-560a-489c-8383-01668aff64fb.jpg,"
CVS®,"fairlife Fat Free Ultra-Filtered Milk, Lactose Free",$6.09,,,52 fl oz,[],,"https://www.instacart.com/image-server/197x197/filters:fill(FFF,true):format(jpg)/d2lnr5mha7bycj.cloudfront.net/product-image/file/large_2edaf243-a89c-4e1a-a376-e60cb1f3ab12.jpg,"
CVS®,Original price: $6.09,$4.39,,,64 fl oz,[],,"https://www.instacart.com/image-server/197x197/filters:fill(FFF,true):format(jpg)/d2lnr5mha7bycj.cloudfront.net/product-image/file/large_aae4b3d2-0d39-4e6c-9ae9-537a0978aa5f.jpg,"
CVS®,"Marburger Farm Dairy Buttermilk, Gourmet",$3.29,,,1 qt,[],,"https://www.instacart.com/image-server/197x197/filters:fill(FFF,true):format(jpg)/d2lnr5mha7bycj.cloudfront.net/product-image/file/large_b3b2c106-bfed-4dfc-b312-92d5acfc0087.png,"
CVS®,Planet Oat Original Oatmilk,$5.19,,,52 fl oz,"['Vegan', 'Gluten-Free']",Many in stock,"https://www.instacart.com/image-server/197x197/filters:fill(FFF,true):format(jpg)/d2lnr5mha7bycj.cloudfront.net/product-image/file/large_b261f8f4-ed76-477a-a6bf-7fb44f2e16d0.jpg,"
CVS®,Planet Oat Unsweetened Original Oatmilk,$5.19,,,52 fl oz,"['Vegan', 'Gluten-Free']",,"https://www.instacart.com/image-server/197x197/filters:fill(FFF,true):format(jpg)/d2lnr5mha7bycj.cloudfront.net/product-image/file/large_602af8fa-d722-4cc7-a51e-00ffb13699bd.jpg,"
CVS®,Planet Oat Unsweetened Vanilla Oatmilk,$5.19,,,52 fl oz,"['Vegan', 'Gluten-Free']",,"https://www.instacart.com/image-server/197x197/filters:fill(FFF,true):format(jpg)/d2lnr5mha7bycj.cloudfront.net/product-image/file/large_8235c845-0335-4021-9c2d-98ec39915123.jpg,"
CVS®,Pillsbury Strawberry Toaster Strudel Pastries,$5.19,,,6 ct,[],,"https://www.instacart.com/image-server/197x197/filters:fill(FFF,true):format(jpg)/d2lnr5mha7bycj.cloudfront.net/product-image/file/large_7ade35b9-4de2-42df-ae0b-c31ff7a4c03a.png,"
CVS®,Food Club Old Fashioned Oats,$3.89,,,18 oz,[],,"https://www.instacart.com/image-server/197x197/filters:fill(FFF,true):format(jpg)/d2lnr5mha7bycj.cloudfront.net/product-image/file/large_ef78443b-f348-4f1b-9b65-8f3b17aebf18.png,"
CVS®,"Pop-Tarts Toaster Pastries, Breakfast Foods, Kids Snacks, Frosted S'mores",$3.89,,,8 ct,[],,"https://www.instacart.com/image-server/197x197/filters:fill(FFF,true):format(jpg)/d2lnr5mha7bycj.cloudfront.net/product-image/file/large_1eb1170c-5f8b-46f4-9332-0cc72c60371e.jpg,"
CVS®,"Post Marshmallow Fruity Pebbles Breakfast Cereal, Gluten Free, Small Box",$6.09,,,11 oz,[],,"https://www.instacart.com/image-server/197x197/filters:fill(FFF,true):format(jpg)/d2lnr5mha7bycj.cloudfront.net/product-image/file/large_16db2dc6-1fdb-4ac1-8a5e-fd42aca0d9c0.jpg,"
CVS®,"Pop-Tarts Toaster Pastries, Breakfast Foods, Kids Snacks, Frosted Strawberry",$3.89,,,8 ct,[],,"https://www.instacart.com/image-server/197x197/filters:fill(FFF,true):format(jpg)/d2lnr5mha7bycj.cloudfront.net/product-image/file/large_9bd9f18b-27bd-4cff-9eca-bd0d29718693.jpg,"
CVS®,Original price: $8.79,$8.29,,,18.8 oz,['Whole Grain'],,"https://www.instacart.com/image-server/197x197/filters:fill(FFF,true):format(jpg)/d2lnr5mha7bycj.cloudfront.net/product-image/file/large_8ac68ac4-977c-416b-9b52-c86d0751d8e6.png,"
CVS®,Cap'N Crunch Regular Cereal,$6.59,,,12.6 oz,[],Many in stock,"https://www.instacart.com/image-server/197x197/filters:fill(FFF,true):format(jpg)/d2lnr5mha7bycj.cloudfront.net/product-image/file/large_f55e0b02-5308-46fd-8460-132fd891828c.png,"
CVS®,"Cap'N Crunch Cereal, Peanut Butter Crunch, Sweetened Corn & Oat",$6.59,,,11.4 oz,[],,"https://www.instacart.com/image-server/197x197/filters:fill(FFF,true):format(jpg)/d2lnr5mha7bycj.cloudfront.net/product-image/file/large_d3b4efd1-ad5b-4e13-a9fe-9e2b854c1d0d.png,"
CVS®,"Food Club Pancake & Waffle Mix, Buttermilk, Complete",$4.39,,,32 oz,[],Many in stock,"https://www.instacart.com/image-server/197x197/filters:fill(FFF,true):format(jpg)/d2lnr5mha7bycj.cloudfront.net/product-image/file/large_e549b143-d232-407b-9097-293e53802820.png,"
CVS®,Hungry Jack Complete Extra Light And Fluffy Pancake Mix And Waffle Mix,$4.09,,,32 oz,[],Many in stock,"https://www.instacart.com/image-server/197x197/filters:fill(FFF,true):format(jpg)/d2lnr5mha7bycj.cloudfront.net/product-image/file/large_202b021f-6fb1-4d60-b18d-b767ce4361d5.png,"
CVS®,Pillsbury Strawberry Toaster Strudel Pastries,$9.89,,,23.4 oz,[],,"https://www.instacart.com/image-server/197x197/filters:fill(FFF,true):format(jpg)/d2lnr5mha7bycj.cloudfront.net/product-image/file/large_4d1cc4f6-b06b-4e0c-adc2-2ca839a9b6be.png,"
CVS®,"Pop-Tarts Toaster Pastries, Breakfast Foods, Kids Snacks, Frosted Strawberry",$6.09,,,12 ct,[],,"https://www.instacart.com/image-server/197x197/filters:fill(FFF,true):format(jpg)/d2lnr5mha7bycj.cloudfront.net/product-image/file/large_f6bc5ae3-d442-4849-a53e-5ddea8261a60.jpg,"
CVS®,Honey Nut Cheerios Heart Healthy Cereal With Happy Heart Shapes,$6.59,,,10.8 oz,"['Gluten-Free', 'Whole Grain']",,"https://www.instacart.com/image-server/197x197/filters:fill(FFF,true):format(jpg)/d2lnr5mha7bycj.cloudfront.net/product-image/file/large_326c1922-6d15-463a-b614-167a4c6f7aa4.png,"
CVS®,"Frosted Flakes Breakfast Cereal, Kids Cereal, Family Breakfast, Strawberry Milkshake",$6.59,,,11.6 oz,[],,"https://www.instacart.com/image-server/197x197/filters:fill(FFF,true):format(jpg)/d2lnr5mha7bycj.cloudfront.net/product-image/file/large_d19ee168-2f0a-43d6-8dc7-91abc55404e1.jpg,"
CVS®,"Pop-Tarts Toaster Pastries, Breakfast Foods, Kids Snacks, Frosted Wild Berry",$3.89,,,4 x 13.5 oz,[],,"https://www.instacart.com/image-server/197x197/filters:fill(FFF,true):format(jpg)/d2lnr5mha7bycj.cloudfront.net/product-image/file/large_c848d6b2-ade4-4903-8ec3-2bb5adc7d31b.jpg,"
CVS®,"Pop-Tarts Toaster Pastries, Breakfast Foods, Kids Snacks, Frosted Chocolate Fudge",$3.89,,,8 ct,[],,"https://www.instacart.com/image-server/197x197/filters:fill(FFF,true):format(jpg)/d2lnr5mha7bycj.cloudfront.net/product-image/file/large_a4dd53d4-517e-4259-b421-dc4cfbb10e04.jpg,"
CVS®,"Pop-Tarts Toaster Pastries, Breakfast Foods, Kids Snacks, Unfrosted Brown Sugar Cinnamon",$3.89,,,4 x 13.5 oz,[],,"https://www.instacart.com/image-server/197x197/filters:fill(FFF,true):format(jpg)/d2lnr5mha7bycj.cloudfront.net/product-image/file/large_7d36249c-8c2f-4001-9b04-52b24eb46209.jpg,"
CVS®,"Kellogg’s Special K Cold Breakfast Cereal, 11 Vitamins and Minerals, 13g Protein, Original",$8.29,,,18 oz,[],,"https://www.instacart.com/image-server/197x197/filters:fill(FFF,true):format(jpg)/d2lnr5mha7bycj.cloudfront.net/product-image/file/large_cfd0d904-2067-4538-9d8f-59c6874180b7.jpg,"
CVS®,Cap'N Crunch Fruit Cereal,$6.59,,,11.7 oz,[],Many in stock,"https://www.instacart.com/image-server/197x197/filters:fill(FFF,true):format(jpg)/d2lnr5mha7bycj.cloudfront.net/product-image/file/large_270c77ec-e5a9-427e-ab35-729fb236f95f.png,"
CVS®,Post Raisin Bran Breakfast Cereal,$6.09,,,16.6 oz,['Whole Grain'],Many in stock,"https://www.instacart.com/image-server/197x197/filters:fill(FFF,true):format(jpg)/d2lnr5mha7bycj.cloudfront.net/product-image/file/large_c9755b5f-4873-44b1-88b0-641e618afa38.png,"
CVS®,"Frosted Flakes Breakfast Cereal, Kids Cereal, Family Breakfast, Original",$7.69,,,17.3 oz,[],Many in stock,"https://www.instacart.com/image-server/197x197/filters:fill(FFF,true):format(jpg)/d2lnr5mha7bycj.cloudfront.net/product-image/file/large_e3cbb3bf-08db-4fa2-af62-63c77437e730.jpg,"
CVS®,"Quaker Grits, Old Fashioned",$3.69,,,24 oz,[],,"https://www.instacart.com/image-server/197x197/filters:fill(FFF,true):format(jpg)/d2lnr5mha7bycj.cloudfront.net/product-image/file/large_587f6a83-9645-42ff-80da-621ab85da757.png,"
CVS®,"Post PEBBLES Fruity PEBBLES Breakfast Cereal, Gluten Free, Kids Snacks, Small Cereal Box",$6.09,,,11 oz,['Gluten-Free'],,"https://www.instacart.com/image-server/197x197/filters:fill(FFF,true):format(jpg)/d2lnr5mha7bycj.cloudfront.net/product-image/file/large_5a56798c-6c28-4925-9105-d443bf7ef65d.jpg,"
CVS®,"Quaker Grits, Quick 5-Minute",$3.69,,,24 oz,[],Many in stock,"https://www.instacart.com/image-server/197x197/filters:fill(FFF,true):format(jpg)/d2lnr5mha7bycj.cloudfront.net/product-image/file/large_7bd43b01-4161-4824-830d-76d2ab6dd781.png,"
CVS®,"Kellogg Froot Loops Breakfast Cereal, Kids Cereal, Family Breakfast, Original",$6.59,,,8.9 oz,['Whole Grain'],Many in stock,"https://www.instacart.com/image-server/197x197/filters:fill(FFF,true):format(jpg)/d2lnr5mha7bycj.cloudfront.net/product-image/file/large_b7f2678e-39ca-49eb-93f8-054cc5f25110.jpg,"
CVS®,General Mills Reese's Puffs Chocolatey Peanut Butter Kids Breakfast Cereal,$6.59,,,11.5 oz,['Whole Grain'],,"https://www.instacart.com/image-server/197x197/filters:fill(FFF,true):format(jpg)/d2lnr5mha7bycj.cloudfront.net/product-image/file/large_9b7cb279-c364-4efa-baa1-454daa611231.png,"
CVS®,Post Honey Bunches of Oats Cinnamon Bunches Breakfast Cereal,$6.09,,,12 oz,[],,"https://www.instacart.com/image-server/197x197/filters:fill(FFF,true):format(jpg)/d2lnr5mha7bycj.cloudfront.net/product-image/file/large_15549af4-6fb0-4c52-b553-1d7670a1a9c0.jpg,"
CVS®,"Kellogg’s Special K Cold Breakfast Cereal, 11 Vitamins and Minerals, Chocolatey Delight",$6.59,,,13.2 oz,[],,"https://www.instacart.com/image-server/197x197/filters:fill(FFF,true):format(jpg)/d2lnr5mha7bycj.cloudfront.net/product-image/file/large_00ddfb0b-3815-4067-bcc5-00edae06f73b.jpg,"
CVS®,"Corn Pops Breakfast Cereal, Kids Cereal, Family Breakfast, Original",$6.59,,,8.8 oz,[],,"https://www.instacart.com/image-server/197x197/filters:fill(FFF,true):format(jpg)/d2lnr5mha7bycj.cloudfront.net/product-image/file/large_5e1b0018-1646-432b-8808-7a0d624fb845.jpg,"
CVS®,Original price: $8.79,$8.29,,,18.6 oz,"['Gluten-Free', 'Whole Grain']",,"https://www.instacart.com/image-server/197x197/filters:fill(FFF,true):format(jpg)/d2lnr5mha7bycj.cloudfront.net/product-image/file/large_d3304b4c-28bb-46ce-8493-b27afff2faf0.png,"
CVS®,"Kellogg’s Special K Breakfast Cereal, Family Breakfast, Fiber Cereal, Fruit and Yogurt",$6.59,,,13 oz,[],,"https://www.instacart.com/image-server/197x197/filters:fill(FFF,true):format(jpg)/d2lnr5mha7bycj.cloudfront.net/product-image/file/large_45086973-d4d3-4661-9956-7a2460a316a5.jpg,"
CVS®,"Cookie Crisp Breakfast Cereal, Chocolate Chip Cookie Taste",$6.59,,,10.6 oz,['Whole Grain'],,"https://www.instacart.com/image-server/197x197/filters:fill(FFF,true):format(jpg)/d2lnr5mha7bycj.cloudfront.net/product-image/file/large_1ba49408-17a7-4714-8068-1ede41b0cf7b.png,"
CVS®,"Cinnamon Toast Crunch Breakfast Cereal Treat Bars, Snack Bars",$6.09,,,6.8 oz,[],,"https://www.instacart.com/image-server/197x197/filters:fill(FFF,true):format(jpg)/d2lnr5mha7bycj.cloudfront.net/product-image/file/large_df85b3f2-1919-4c6b-af12-b867578b68b9.png,"
CVS®,"Kellogg's Apple Jacks Breakfast Cereal, Kids Cereal, Family Breakfast, Original",$6.59,,,8.9 oz,[],,"https://www.instacart.com/image-server/197x197/filters:fill(FFF,true):format(jpg)/d2lnr5mha7bycj.cloudfront.net/product-image/file/large_092d2550-17e6-4c67-98f0-90cc1edd4789.jpg,"
CVS®,"Frosted Flakes Breakfast Cereal, Kids Cereal, Family Breakfast, Original",$6.59,,,12 oz,[],Many in stock,"https://www.instacart.com/image-server/197x197/filters:fill(FFF,true):format(jpg)/d2lnr5mha7bycj.cloudfront.net/product-image/file/large_d7bc8135-5a76-4337-b5d7-222745e8c28a.jpg,"
CVS®,"General Mills Golden Grahams Cereal, Retro Recipe",$6.09,,,11.7 oz,[],Many in stock,"https://www.instacart.com/image-server/197x197/filters:fill(FFF,true):format(jpg)/d2lnr5mha7bycj.cloudfront.net/product-image/file/large_6e04d3d3-0068-4d6d-bee2-6b888e5bb634.png,"
CVS®,"Quaker Instant Oatmeal, Maple & Brown Sugar - Pack",$5.49,,,8 x 1.51 oz,[],Many in stock,"https://www.instacart.com/image-server/197x197/filters:fill(FFF,true):format(jpg)/d2lnr5mha7bycj.cloudfront.net/product-image/file/large_510315b6-2c05-448d-bd5d-e39c14e3efea.png,"
CVS®,"Quaker Instant Oatmeal, Apples & Cinnamon - Pack",$5.49,,,8 x 1.51 oz,[],,"https://www.instacart.com/image-server/197x197/filters:fill(FFF,true):format(jpg)/d2lnr5mha7bycj.cloudfront.net/product-image/file/large_4975c646-0e5e-416b-a9c8-9dd997af5a8e.png,"
CVS®,"Quaker Instant Oatmeal, Protein, Maple & Brown Sugar - Pack",$7.19,,,6 x 2.11 oz,[],,"https://www.instacart.com/image-server/197x197/filters:fill(FFF,true):format(jpg)/d2lnr5mha7bycj.cloudfront.net/product-image/file/large_ebf06f46-429a-487b-8a8d-1a07b1fb274e.png,"
CVS®,"Raisin Bran Breakfast Cereal, Family Breakfast, Fiber Cereal, Original",$6.59,,,16.6 oz,['Whole Grain'],,"https://www.instacart.com/image-server/197x197/filters:fill(FFF,true):format(jpg)/d2lnr5mha7bycj.cloudfront.net/product-image/file/large_51113daa-1787-48d7-9773-15f1a27e7452.jpg,"
CVS®,"Kellogg’s Special K Breakfast Cereal, Family Breakfast, Fiber Cereal, Red Berries",$6.59,,,11.7 oz,['Whole Grain'],,"https://www.instacart.com/image-server/197x197/filters:fill(FFF,true):format(jpg)/d2lnr5mha7bycj.cloudfront.net/product-image/file/large_81b16529-c546-41e2-a537-69c46c61fe48.jpg,"
CVS®,"Frosted Mini-Wheats Breakfast Cereal, Kids Cereal, Family Breakfast, Original",$6.59,,,15.9 oz,['Whole Grain'],,"https://www.instacart.com/image-server/197x197/filters:fill(FFF,true):format(jpg)/d2lnr5mha7bycj.cloudfront.net/product-image/file/large_5fbfc23a-2cba-4d15-ba49-4401d7dc01f0.jpg,"
CVS®,"Kellogg’s Special K Cold Breakfast Cereal, 11 Vitamins and Minerals, Made With Real Almonds",$6.59,,,12.9 oz,[],,"https://www.instacart.com/image-server/197x197/filters:fill(FFF,true):format(jpg)/d2lnr5mha7bycj.cloudfront.net/product-image/file/large_3a7251e3-4051-4cd5-9217-0fabfff89de2.jpg,"
CVS®,Original price: $8.79,$8.29,,,19.7 oz,['Whole Grain'],Many in stock,"https://www.instacart.com/image-server/197x197/filters:fill(FFF,true):format(jpg)/d2lnr5mha7bycj.cloudfront.net/product-image/file/large_b28cac0b-2cc1-4dde-acd1-ed0a2c338ceb.png,"
CVS®,"Crispix Cold Breakfast Cereal, 8 Vitamins and Minerals, Try in Snack Mix, Original",$8.79,,,18 oz,['Gluten-Free'],,"https://www.instacart.com/image-server/197x197/filters:fill(FFF,true):format(jpg)/d2lnr5mha7bycj.cloudfront.net/product-image/file/large_e4104674-3bf8-4ea9-913b-ee4245025a02.jpg,"
CVS®,"Quaker Instant Oatmeal, Protein, Apples & Cinnamon - Pack",$7.19,,,6 x 2.11 oz,[],Many in stock,"https://www.instacart.com/image-server/197x197/filters:fill(FFF,true):format(jpg)/d2lnr5mha7bycj.cloudfront.net/product-image/file/large_2ead986d-d6e2-4294-b1b9-bf59dd1ad0d7.png,"
CVS®,"Quaker Cereal, Multigrain, Cinnamon, Large Size",$6.59,,,18 oz,['Whole Grain'],Many in stock,"https://www.instacart.com/image-server/197x197/filters:fill(FFF,true):format(jpg)/d2lnr5mha7bycj.cloudfront.net/product-image/file/large_61fafcc4-57e2-4062-97dc-572283e87525.png,"
CVS®,"Raisin Bran Breakfast Cereal, Family Breakfast, Fiber Cereal, Original",$6.59,,,15.9 oz,['Whole Grain'],,"https://www.instacart.com/image-server/197x197/filters:fill(FFF,true):format(jpg)/d2lnr5mha7bycj.cloudfront.net/product-image/file/large_b1002e34-6711-4014-8b6a-8f973f6cd227.jpg,"
CVS®,Kellogg's Rice Krispies Breakfast Cereal Original,$7.69,,,12 oz,[],,"https://www.instacart.com/image-server/197x197/filters:fill(FFF,true):format(jpg)/d2lnr5mha7bycj.cloudfront.net/product-image/file/large_37938b27-dd2b-4463-af69-7e1ba018a133.jpg,"
CVS®,"Life Cereal, Multigrain, Original, Large Size",$6.59,,,18 oz,['Multigrain'],Many in stock,"https://www.instacart.com/image-server/197x197/filters:fill(FFF,true):format(jpg)/d2lnr5mha7bycj.cloudfront.net/product-image/file/large_914da911-98ba-420c-a543-f008487e2cb5.png,"
CVS®,"Raisin Bran Breakfast Cereal, Family Breakfast, Fiber Cereal, Original",$8.29,,,24 oz,['Whole Grain'],,"https://www.instacart.com/image-server/197x197/filters:fill(FFF,true):format(jpg)/d2lnr5mha7bycj.cloudfront.net/product-image/file/large_23a3aacf-1fea-4f8f-acb9-94fa66cd6c56.jpg,"
CVS®,Honey Nut Cheerios Heart Healthy Cereal With Happy Heart Shapes,$7.69,,,15.4 oz,"['Gluten-Free', 'Whole Grain']",,"https://www.instacart.com/image-server/197x197/filters:fill(FFF,true):format(jpg)/d2lnr5mha7bycj.cloudfront.net/product-image/file/large_da19175e-6c5c-49ce-ac96-9041516048e3.png,"
CVS®,"Quaker Oatmeal, Maple & Brown Sugar, High Fiber, Instant",$7.19,,,8 x 1.58 oz,[],,"https://www.instacart.com/image-server/197x197/filters:fill(FFF,true):format(jpg)/d2lnr5mha7bycj.cloudfront.net/product-image/file/large_1268eaf0-fd21-42c4-b384-b9519ecd2f22.png,"
CVS®,"Quaker Instant Oatmeal, Flavor Variety - Pack",$5.49,,,8 x 1.51 oz,[],,"https://www.instacart.com/image-server/197x197/filters:fill(FFF,true):format(jpg)/d2lnr5mha7bycj.cloudfront.net/product-image/file/large_6c806aac-a1b1-4df8-a32d-a1281f92b2f2.png,"
CVS®,"Malt-O-Meal Cereal, Fruity Dyno-Bites with Marshmallow, Regular Size",$5.49,,,15 oz,['Gluten-Free'],,"https://www.instacart.com/image-server/197x197/filters:fill(FFF,true):format(jpg)/d2lnr5mha7bycj.cloudfront.net/product-image/file/large_2cb8c58a-135c-457f-8ec3-935eb5f1a475.png,"
CVS®,"Post Oreo O's Breakfast Cereal, Chocolatey Cookie Cereal, Small size box",$6.09,,,11 oz,[],,"https://www.instacart.com/image-server/197x197/filters:fill(FFF,true):format(jpg)/d2lnr5mha7bycj.cloudfront.net/product-image/file/large_6cd18898-47ac-4990-add0-640fbb063461.jpg,"
CVS®,Cap'N Crunch Fruit Cereal,$7.19,,,16.8 oz,[],,"https://www.instacart.com/image-server/197x197/filters:fill(FFF,true):format(jpg)/d2lnr5mha7bycj.cloudfront.net/product-image/file/large_b2871907-c370-42fd-93b8-5310dc436c8b.png,"
CVS®,"Malt-O-Meal Waffle Crunch Cereal, Fruity Breakfast Cereal, Bag",$5.49,,,16 oz,[],,"https://www.instacart.com/image-server/197x197/filters:fill(FFF,true):format(jpg)/d2lnr5mha7bycj.cloudfront.net/product-image/file/large_514dc853-f771-439d-86a5-dbcf99e6fad7.jpg,"
CVS®,Dairymens Fruit Punch Fruit Drink,$3.09,,,1 gal,[],Many in stock,"https://www.instacart.com/image-server/197x197/filters:fill(FFF,true):format(jpg)/d2lnr5mha7bycj.cloudfront.net/product-image/file/large_32b91fcf-e781-45e7-82cc-f485e09a0c35.jpg,"
CVS®,Bolthouse Farms Superfood Immunity Boost,$8.79,,,52 fl oz,[],,"https://www.instacart.com/image-server/197x197/filters:fill(FFF,true):format(jpg)/d2lnr5mha7bycj.cloudfront.net/product-image/file/large_2f62937d-4baf-4124-b3cd-75664e730653.jpg,"
CVS®,Dairymens Blue Raspberry Fruit Drink,$3.09,,,1 gal,[],Many in stock,"https://www.instacart.com/image-server/197x197/filters:fill(FFF,true):format(jpg)/d2lnr5mha7bycj.cloudfront.net/product-image/file/large_265df3ff-311f-46c2-bf01-4e7c0e1b0301.jpg,"
CVS®,Dairymens Orange Pineapple Fruit Drink,$3.09,,,1 gal,[],,"https://www.instacart.com/image-server/197x197/filters:fill(FFF,true):format(jpg)/d2lnr5mha7bycj.cloudfront.net/product-image/file/large_76bf68f7-eff0-4d11-886e-be0c95174601.jpg,"
CVS®,Original price: $2.99,$2.59,,,59 fl oz,[],,"https://www.instacart.com/image-server/197x197/filters:fill(FFF,true):format(jpg)/d2lnr5mha7bycj.cloudfront.net/product-image/file/large_e24fd56a-3652-45ea-8e9a-ce4213f67026.jpg,"
CVS®,Bolthouse Farms Mango Cherry C-Boost®,$4.39,,,15.2 oz,[],,"https://www.instacart.com/image-server/197x197/filters:fill(FFF,true):format(jpg)/d2lnr5mha7bycj.cloudfront.net/product-image/file/large_8135cb3f-c07f-4a12-8ff7-8fdbf48c54a6.jpg,"
CVS®,"Simply Lemonade, All Natural Non-Gmo",$4.39,,,52 fl oz • 4 options,[],,"https://www.instacart.com/image-server/197x197/filters:fill(FFF,true):format(jpg)/d2lnr5mha7bycj.cloudfront.net/product-image/file/large_5e4b0302-ce91-4b53-800a-44843245f1ac.jpg,"
CVS®,"Tropicana Drink, Strawberry Peach Paradise",$5.29,,,52 fl oz,['No Sugar Added'],Many in stock,"https://www.instacart.com/image-server/197x197/filters:fill(FFF,true):format(jpg)/d2lnr5mha7bycj.cloudfront.net/product-image/file/large_a9948cca-91b5-4164-b669-74b0baaf097c.png,"
CVS®,Original price: $4.09,$3.89,,,64 fl oz,[],,"https://www.instacart.com/image-server/197x197/filters:fill(FFF,true):format(jpg)/d2lnr5mha7bycj.cloudfront.net/product-image/file/large_0d6ffe21-9711-4eac-9577-0fdd4a2a2312.jpg,"
CVS®,Original price: $6.09,$4.99,,,64 fl oz,[],,"https://www.instacart.com/image-server/197x197/filters:fill(FFF,true):format(jpg)/d2lnr5mha7bycj.cloudfront.net/product-image/file/large_7f69131f-9e9f-4d5f-aae5-6e69caa323c3.jpg,"
CVS®,Original price: $5.49,$4.39,,,10 x 6 fl oz,[],,"https://www.instacart.com/image-server/197x197/filters:fill(FFF,true):format(jpg)/d2lnr5mha7bycj.cloudfront.net/product-image/file/large_44f68667-0c05-4e62-9203-8a9c3fa64698.jpg,"
CVS®,Original price: $7.69,$5.49,,,52 fl oz • 4 options,[],Many in stock,"https://www.instacart.com/image-server/197x197/filters:fill(FFF,true):format(jpg)/d2lnr5mha7bycj.cloudfront.net/product-image/file/large_c6b9b178-2f4a-499e-9c30-5551ca77555a.png,"
CVS®,Simply Lemonade,$6.59,,,89 fl oz • 4 options,[],,"https://www.instacart.com/image-server/197x197/filters:fill(FFF,true):format(jpg)/d2lnr5mha7bycj.cloudfront.net/product-image/file/large_346d9830-f4ca-4507-89f1-718030310766.jpg,"
CVS®,Original price: $6.09,$4.99,,,64 fl oz • 3 options,[],,"https://www.instacart.com/image-server/197x197/filters:fill(FFF,true):format(jpg)/d2lnr5mha7bycj.cloudfront.net/product-image/file/large_c9661e66-a960-4fc1-9217-70e02d4bf7d5.jpg,"
CVS®,Original price: $6.09,$4.99,,,8 x 6.75 fl oz,['No Sugar Added'],,"https://www.instacart.com/image-server/197x197/filters:fill(FFF,true):format(jpg)/d2lnr5mha7bycj.cloudfront.net/product-image/file/large_aa42cdbb-d7e9-443f-bf13-9789c0250c2e.jpg,"
CVS®,Original price: $5.29,$4.39,,,1 gal,[],,"https://www.instacart.com/image-server/197x197/filters:fill(FFF,true):format(jpg)/d2lnr5mha7bycj.cloudfront.net/product-image/file/large_2078869c-7ee3-4404-9c6f-a0280faf3a53.jpg,"
CVS®,Suja Organic Citrus Immunity Cold-Pressed Juice 1,$4.39,,,12 fl oz,['Organic'],,"https://www.instacart.com/image-server/197x197/filters:fill(FFF,true):format(jpg)/d2lnr5mha7bycj.cloudfront.net/product-image/file/large_314e2b71-84b6-48c0-adf6-1b7e7eb8c00d.jpg,"
CVS®,"Simply Lemonade With Raspberry, All Natural Non-Gmo",$6.59,,,89 fl oz • 4 options,[],,"https://www.instacart.com/image-server/197x197/filters:fill(FFF,true):format(jpg)/d2lnr5mha7bycj.cloudfront.net/product-image/file/large_1f987272-7de6-400a-a9a5-aaa875e53233.jpg,"
CVS®,"Tropicana Juice, Pineapple Mango Splash",$5.29,,,52 fl oz,[],Many in stock,"https://www.instacart.com/image-server/197x197/filters:fill(FFF,true):format(jpg)/d2lnr5mha7bycj.cloudfront.net/product-image/file/large_8db7e402-1a67-43a6-840b-746f6e1a7d67.png,"
CVS®,R.W. Knudsen Family Organic Cherry Juice,$12.09,,,32 fl oz,['Organic'],,"https://www.instacart.com/image-server/197x197/filters:fill(FFF,true):format(jpg)/d2lnr5mha7bycj.cloudfront.net/product-image/file/large_0e8175fc-3acb-4577-ae2e-1daf8364c355.png,"
CVS®,Dairymen's Orange Fruit Drink,$3.09,,,1 gal,[],Many in stock,"https://www.instacart.com/image-server/197x197/filters:fill(FFF,true):format(jpg)/d2lnr5mha7bycj.cloudfront.net/product-image/file/large_3495c65a-22c1-4527-905a-68f84b5b5890.jpg,"
CVS®,AriZona Fruit Punch,$4.99,,,1 gal,[],,"https://www.instacart.com/image-server/197x197/filters:fill(FFF,true):format(jpg)/d2lnr5mha7bycj.cloudfront.net/product-image/file/large_f17bfe67-22a9-4a11-953e-d3c74ec24607.png,"
CVS®,Original price: $3.89,$3.29,,,8 x 4.23 fl oz,['No Sugar Added'],,"https://www.instacart.com/image-server/197x197/filters:fill(FFF,true):format(jpg)/d2lnr5mha7bycj.cloudfront.net/product-image/file/large_58cd5ceb-ced7-42cb-ae30-4c2a904141dd.jpg,"
CVS®,Simply Orange Juice With Calcium,$5.49,,,52 fl oz • 4 options,[],,"https://www.instacart.com/image-server/197x197/filters:fill(FFF,true):format(jpg)/d2lnr5mha7bycj.cloudfront.net/product-image/file/large_a3b400ca-16b7-4313-b122-cacb9d65145d.jpg,"
CVS®,Original price: $6.59,$5.49,,,64 fl oz,['No Sugar Added'],,"https://www.instacart.com/image-server/197x197/filters:fill(FFF,true):format(jpg)/d2lnr5mha7bycj.cloudfront.net/product-image/file/large_6e49ff35-6c05-458a-b045-92022f9d2e52.jpg,"
CVS®,Original price: $5.49,$5.19,,,48 fl oz,['No Sugar Added'],,"https://www.instacart.com/image-server/197x197/filters:fill(FFF,true):format(jpg)/d2lnr5mha7bycj.cloudfront.net/product-image/file/large_f8420361-7f65-4a2f-9e85-45df5076f486.jpg,"
CVS®,"Lemon Perfect Lemon Water, Watermelon, Hydrating",$2.59,,,15.2 fl oz,['Organic'],,"https://www.instacart.com/image-server/197x197/filters:fill(FFF,true):format(jpg)/d2lnr5mha7bycj.cloudfront.net/product-image/file/large_fc013fc8-3663-4f44-99f1-bff54d9a214c.png,"
CVS®,Original price: $4.99,$4.39,,,59 fl oz,[],,"https://www.instacart.com/image-server/197x197/filters:fill(FFF,true):format(jpg)/d2lnr5mha7bycj.cloudfront.net/product-image/file/large_d9b8d9ef-5b8a-4eb6-8879-6e1cc103b6a5.png,"
CVS®,Original price: $8.29,$6.09,,,12 oz,[],,"https://www.instacart.com/image-server/197x197/filters:fill(FFF,true):format(jpg)/d2lnr5mha7bycj.cloudfront.net/product-image/file/large_fb267c71-b2a3-49cf-aad9-fce190871a11.png,"
CVS®,Chicken Bucket,$19.79,,,12 ct,[],,"https://www.instacart.com/image-server/197x197/filters:fill(FFF,true):format(jpg)/d1s8987jlndkbs.cloudfront.net/assets/missing-item-4bbe82b8555e4d1c12626fd482cb2409713e8e30835645ff3650ef66a725d03c.png,"
CVS®,Original price: $9.39,$8.29,,,12 each,[],,"https://www.instacart.com/image-server/197x197/filters:fill(FFF,true):format(jpg)/d2lnr5mha7bycj.cloudfront.net/product-image/file/large_c2de82f1-4565-4484-be57-a53862f25961.jpg,"
CVS®,Outshine Strawberry Frozen Fruit Bars,$6.59,,,6 ct,"['Gluten-Free', 'Fat-Free']",,"https://www.instacart.com/image-server/197x197/filters:fill(FFF,true):format(jpg)/d2lnr5mha7bycj.cloudfront.net/product-image/file/large_a419ae33-ad23-4814-9757-f4bf3f272eb0.jpg,"
CVS®,Lipton Peach Iced Tea - Pack,$9.39,,,12 x 16.9 fl oz,[],,"https://www.instacart.com/image-server/197x197/filters:fill(FFF,true):format(jpg)/d2lnr5mha7bycj.cloudfront.net/product-image/file/large_3551620f-826f-4f94-b32a-46a9b37f63de.png,"
CVS®,"Pepsi Cola, Wild Cherry",$10.29,,,12 x 12 fl oz • 4 options,[],,"https://www.instacart.com/image-server/197x197/filters:fill(FFF,true):format(jpg)/d2lnr5mha7bycj.cloudfront.net/product-image/file/large_63e2e30a-916f-4dad-9c9e-3b51254ce6a9.png,"
CVS®,"Fiora Strong + Absorbent Paper Towels, Giant+ Roll",$8.29,,,6 ct,[],,"https://www.instacart.com/image-server/197x197/filters:fill(FFF,true):format(jpg)/d2lnr5mha7bycj.cloudfront.net/product-image/file/large_30fd9c81-a829-4d61-9cf0-87e1cce24e87.jpg,"
CVS®,Canada Dry Zero Sugar Ginger Ale,$9.89,,,12 x 12 fl oz • 2 options,"['Zero Calories', 'Zero Sugar']",,"https://www.instacart.com/image-server/197x197/filters:fill(FFF,true):format(jpg)/d2lnr5mha7bycj.cloudfront.net/product-image/file/large_07765814-b6ed-40ba-bc26-009623ec5900.jpg,"
CVS®,Pepsi Soda - Pack,$10.29,,,12 x 12 fl oz • 5 options,[],,"https://www.instacart.com/image-server/197x197/filters:fill(FFF,true):format(jpg)/d2lnr5mha7bycj.cloudfront.net/product-image/file/large_acdb2dab-0a4e-486b-8758-ada8f2e89bcd.png,"
CVS®,Pepsi Soda - Pack,$8.29,,,10 x 7.5 fl oz • 5 options,[],Many in stock,"https://www.instacart.com/image-server/197x197/filters:fill(FFF,true):format(jpg)/d2lnr5mha7bycj.cloudfront.net/product-image/file/large_1b1f2555-a6df-42c8-bc7f-4872b5ffb88e.png,"
CVS®,Seedless Watermelon,$10.99,,,,[],Likely out of stock,"https://www.instacart.com/image-server/197x197/filters:fill(FFF,true):format(jpg)/d2lnr5mha7bycj.cloudfront.net/product-image/file/large_4f79ab8d-3485-4fee-8e94-1597ecf719c8.jpg,"
CVS®,"Dixie Paper Plates, 8.5 Inch Lunch/Dinner Plate (Design May Vary)",$5.49,,,48 ct,[],,"https://www.instacart.com/image-server/197x197/filters:fill(FFF,true):format(jpg)/d2lnr5mha7bycj.cloudfront.net/product-image/file/large_80e1485c-725c-4749-b52f-d378217e6e8c.jpeg,"
CVS®,Dairymens Lemon Ice Tea,$3.29,,,1 gal,[],,"https://www.instacart.com/image-server/197x197/filters:fill(FFF,true):format(jpg)/d2lnr5mha7bycj.cloudfront.net/product-image/file/large_b5462910-d10e-47f4-8365-9a699a201999.jpg,"
CVS®,Grandma’s Cole Slaw,$9.89,,,32 oz,[],Many in stock,"https://www.instacart.com/image-server/197x197/filters:fill(FFF,true):format(jpg)/d2lnr5mha7bycj.cloudfront.net/product-image/file/large_c448d67c-014b-4a45-9347-473d883d2890.png,"
CVS®,Original price: $8.29,$7.69,,,21.06 oz,[],,"https://www.instacart.com/image-server/197x197/filters:fill(FFF,true):format(jpg)/d2lnr5mha7bycj.cloudfront.net/product-image/file/large_2e583606-8f38-42ca-bd87-5823152d36ed.jpg,"
CVS®,Butler Ref Meats Grab & Go Chilean Salmon Fillets,$14.29,/lb,,/lb,[],,"https://www.instacart.com/image-server/197x197/filters:fill(FFF,true):format(jpg)/d2lnr5mha7bycj.cloudfront.net/product-image/file/large_bd3def93-9f26-473d-a1e4-1e7f61a2ea0d.jpg,"
CVS®,Reynolds Everyday Aluminum Foil,$3.09,,,30 sq ft,[],Many in stock,"https://www.instacart.com/image-server/197x197/filters:fill(FFF,true):format(jpg)/d2lnr5mha7bycj.cloudfront.net/product-image/file/large_76ce3acf-17db-4c03-a4b4-394775d8ed2f.png,"
CVS®,"Pepsi Cola, 6 Pack",$7.69,,,6 x 16.9 fl oz • 5 options,[],,"https://www.instacart.com/image-server/197x197/filters:fill(FFF,true):format(jpg)/d2lnr5mha7bycj.cloudfront.net/product-image/file/large_0e7db26c-cee4-404e-90c6-39f2c58b45e4.png,"
CVS®,Red Baron Deep Dish Singles Pepperoni Pizzas,$5.89,,,11.2 oz,[],,"https://www.instacart.com/image-server/197x197/filters:fill(FFF,true):format(jpg)/d2lnr5mha7bycj.cloudfront.net/product-image/file/large_aeb4895e-b46e-4712-b0da-0ab119d5205a.jpg,"
CVS®,Jennie-O Fresh Ground Turkey,$6.09,,,16 oz,[],,"https://www.instacart.com/image-server/197x197/filters:fill(FFF,true):format(jpg)/d2lnr5mha7bycj.cloudfront.net/product-image/file/large_98fba83b-26f9-4ecc-9ed8-82ca9f26c420.jpg,"
CVS®,Simply Done Plastic Forks,$1.89,,,24 each,[],Many in stock,"https://www.instacart.com/image-server/197x197/filters:fill(FFF,true):format(jpg)/d2lnr5mha7bycj.cloudfront.net/product-image/file/large_bbf992e8-8908-4b48-97d2-4414999471b3.png,"
CVS®,"Wonder Bread Bread, Classic White",$4.39,,,20 oz,[],,"https://www.instacart.com/image-server/197x197/filters:fill(FFF,true):format(jpg)/d2lnr5mha7bycj.cloudfront.net/product-image/file/large_5096a078-a20c-405e-90ca-6fd67c456694.png,"
CVS®,Original price: $9.39,$8.79,,,24 x 16.9 fl oz,[],,"https://www.instacart.com/image-server/197x197/filters:fill(FFF,true):format(jpg)/d2lnr5mha7bycj.cloudfront.net/product-image/file/large_2458f8c4-83ff-4ec6-a9e1-19b0fa329a3a.jpg,"
CVS®,Rays Hot Souse,$17.59,/lb,,/lb,[],,"https://www.instacart.com/image-server/197x197/filters:fill(FFF,true):format(jpg)/d1s8987jlndkbs.cloudfront.net/assets/missing-item-4bbe82b8555e4d1c12626fd482cb2409713e8e30835645ff3650ef66a725d03c.png,"
CVS®,Armour LunchMaker Turkey,$1.89,,,2.6 oz,[],,"https://www.instacart.com/image-server/197x197/filters:fill(FFF,true):format(jpg)/d2lnr5mha7bycj.cloudfront.net/product-image/file/large_939b5520-8346-4343-bdb8-487567b33473.png,"
CVS®,Deer Park Natural Spring Water,$2.19,,,101.4 oz,[],,"https://www.instacart.com/image-server/197x197/filters:fill(FFF,true):format(jpg)/d2lnr5mha7bycj.cloudfront.net/product-image/file/large_9d8c3117-fd7b-4c1d-a1b5-affb04c47321.jpg,"
CVS®,"Ritz Peanut Butter Sandwich Crackers, Snack Packs",$5.49,,,8 x 1.38 oz,[],,"https://www.instacart.com/image-server/197x197/filters:fill(FFF,true):format(jpg)/d2lnr5mha7bycj.cloudfront.net/product-image/file/large_b6b00077-ae15-4e5d-aff9-579b3f9e75ac.jpg,"
CVS®,"AriZona Green Tea, with Ginseng and Honey",$4.99,,,1 gal,[],,"https://www.instacart.com/image-server/197x197/filters:fill(FFF,true):format(jpg)/d2lnr5mha7bycj.cloudfront.net/product-image/file/large_b274f625-da0a-4249-9c65-3f1a489d6898.png,"
CVS®,Original price: $8.29,$7.69,,,20.6 oz,[],,"https://www.instacart.com/image-server/197x197/filters:fill(FFF,true):format(jpg)/d2lnr5mha7bycj.cloudfront.net/product-image/file/large_fb80c7a2-efbc-4696-ab3b-89da2b9259be.jpg,"
CVS®,Coca Cola Zero Sugar Cola,$10.29,,,12 x 12 fl oz,"['Zero Calories', 'Zero Sugar']",,"https://www.instacart.com/image-server/197x197/filters:fill(FFF,true):format(jpg)/d2lnr5mha7bycj.cloudfront.net/product-image/file/large_2b46bf74-7de2-4163-86a0-17321eba123d.jpg,"
CVS®,Original price: $6.59,$6.09,,,75 sq ft,[],Many in stock,"https://www.instacart.com/image-server/197x197/filters:fill(FFF,true):format(jpg)/d2lnr5mha7bycj.cloudfront.net/product-image/file/large_a4da8029-b476-4436-a78a-cb59500f51bf.png,"
CVS®,Thomas’ Everything Bagels,$6.09,,,6 ct,[],,"https://www.instacart.com/image-server/197x197/filters:fill(FFF,true):format(jpg)/d2lnr5mha7bycj.cloudfront.net/product-image/file/large_c3e69b60-4d9c-44d1-a84b-9839f8e9073b.jpg,"
CVS®,Mountain Dew Soda - Pack,$10.29,,,12 x 12 fl oz • 4 options,[],,"https://www.instacart.com/image-server/197x197/filters:fill(FFF,true):format(jpg)/d2lnr5mha7bycj.cloudfront.net/product-image/file/large_55bf0938-00ff-4760-ae7f-57b3cd8e8c75.png,"
CVS®,Frito Lay Bold Mix,$15.39,,,18 ct,[],,"https://www.instacart.com/image-server/197x197/filters:fill(FFF,true):format(jpg)/d2lnr5mha7bycj.cloudfront.net/product-image/file/large_bb5822e0-366b-46fd-8b06-c3d8284dcc5b.png,"
CVS®,Original price: $5.49,$4.39,,,2 ct,[],,"https://www.instacart.com/image-server/197x197/filters:fill(FFF,true):format(jpg)/d2lnr5mha7bycj.cloudfront.net/product-image/file/large_6f1830f3-8034-4786-913a-f088325ad1df.jpg,"
CVS®,Brisk Lemon Ice Tea - Pack,$10.29,,,12 x 12 fl oz,[],,"https://www.instacart.com/image-server/197x197/filters:fill(FFF,true):format(jpg)/d2lnr5mha7bycj.cloudfront.net/product-image/file/large_2051a9b0-40b5-410c-9044-098d8a01160f.png,"
CVS®,Heluva Good! French Onion Dip,$2.79,,,12 oz,[],Many in stock,"https://www.instacart.com/image-server/197x197/filters:fill(FFF,true):format(jpg)/d2lnr5mha7bycj.cloudfront.net/product-image/file/large_70dccdd5-fd4c-4ced-a27b-9c7103e23aa1.jpg,"
CVS®,Original price: $5.49,$4.99,,,24 oz,[],Many in stock,"https://www.instacart.com/image-server/197x197/filters:fill(FFF,true):format(jpg)/d2lnr5mha7bycj.cloudfront.net/product-image/file/large_b0f5ae36-7e8b-4ca6-ad0b-77c25472e352.jpg,"
CVS®,Lunchables Turkey & American Cheese Cracker Stackers Kids Lunch Snack Meal Kit & Capri Sun,$3.79,,,8.9 oz,[],,"https://www.instacart.com/image-server/197x197/filters:fill(FFF,true):format(jpg)/d2lnr5mha7bycj.cloudfront.net/product-image/file/large_6e018395-fa3d-41fa-abd0-4f3f387ca96f.jpg,"
CVS®,Original price: $7.29,$6.59,,,5 oz,[],,"https://www.instacart.com/image-server/197x197/filters:fill(FFF,true):format(jpg)/d2lnr5mha7bycj.cloudfront.net/product-image/file/large_babfbb4a-c018-4e66-bd96-a34ffc9b079d.JPG,"
CVS®,"Milo's Sweet Tea, Famous",$4.99,,,1 gal,[],,"https://www.instacart.com/image-server/197x197/filters:fill(FFF,true):format(jpg)/d2lnr5mha7bycj.cloudfront.net/product-image/file/large_eb6529b2-6479-4a64-ae98-0c5ff39772a8.png,"
CVS®,Original price: $8.49,$7.69,,,2 lb,[],,"https://www.instacart.com/image-server/197x197/filters:fill(FFF,true):format(jpg)/d2lnr5mha7bycj.cloudfront.net/product-image/file/large_6308a0bc-b32b-44e6-a4e1-423a8c3726a2.png,"
CVS®,Birds Eye Voila! Garlic Chicken Frozen Meal,$9.39,,,21 oz,[],,"https://www.instacart.com/image-server/197x197/filters:fill(FFF,true):format(jpg)/d2lnr5mha7bycj.cloudfront.net/product-image/file/large_3d9a3fff-fa04-4d7f-955e-96a7c4987541.jpg,"
CVS®,Banquet Chicken Pot Pie Frozen Pot Pie Dinner,$2.59,,,7 oz,[],,"https://www.instacart.com/image-server/197x197/filters:fill(FFF,true):format(jpg)/d2lnr5mha7bycj.cloudfront.net/product-image/file/large_ea1ec8f3-17f8-463d-bda8-3cec7f526817.jpg,"
CVS®,On‑Cor Gravy & Salisbury Steaks,$5.49,,,6 ct,[],,"https://www.instacart.com/image-server/197x197/filters:fill(FFF,true):format(jpg)/d2lnr5mha7bycj.cloudfront.net/product-image/file/large_1cdfba0d-2ba3-4376-abb6-20e9c9987b97.png,"
CVS®,DiGiorno Small Four Cheese Traditional Crust Frozen Pizza,$5.99,,,9.2 oz,[],,"https://www.instacart.com/image-server/197x197/filters:fill(FFF,true):format(jpg)/d2lnr5mha7bycj.cloudfront.net/product-image/file/large_97ebc10a-d441-4812-b704-3104115e6b68.jpg,"
CVS®,DiGiorno Original Rising Crust Frozen Pizza Pepperoni,$10.99,,,27.5 oz,[],,"https://www.instacart.com/image-server/197x197/filters:fill(FFF,true):format(jpg)/d2lnr5mha7bycj.cloudfront.net/product-image/file/large_6fbf7746-d059-40b0-be2b-48b1e29399dd.jpg,"
CVS®,White Castle Original Chicken Rings,$13.19,,,20 onz,[],,"https://www.instacart.com/image-server/197x197/filters:fill(FFF,true):format(jpg)/d2lnr5mha7bycj.cloudfront.net/product-image/file/large_8b51706d-5555-42aa-835d-848c8bcecc63.jpg,"
CVS®,"Banquet Backyard BBQ, Frozen Meal",$2.59,,,10.45 oz,[],,"https://www.instacart.com/image-server/197x197/filters:fill(FFF,true):format(jpg)/d2lnr5mha7bycj.cloudfront.net/product-image/file/large_519410d4-2d73-4f00-9295-05bbab507ea7.jpeg,"
CVS®,DiGiorno Small Pepperoni Traditional Crust Frozen Pizza,$5.99,,,9.3 oz,[],,"https://www.instacart.com/image-server/197x197/filters:fill(FFF,true):format(jpg)/d2lnr5mha7bycj.cloudfront.net/product-image/file/large_853c8f67-fa73-4a2b-aa3f-31ac685e8f5a.jpg,"
CVS®,"Banquet Chicken Nuggets with Mac and Cheese and Brownie, Frozen Meal",$2.59,,,7.4 oz,[],,"https://www.instacart.com/image-server/197x197/filters:fill(FFF,true):format(jpg)/d2lnr5mha7bycj.cloudfront.net/product-image/file/large_daf6702e-3a1f-4138-b199-680094dc0814.jpeg,"
CVS®,Stouffer's Family Size Meatloaf Frozen Meal,$14.29,,,33 oz,[],,"https://www.instacart.com/image-server/197x197/filters:fill(FFF,true):format(jpg)/d2lnr5mha7bycj.cloudfront.net/product-image/file/large_59bcf8c3-cbc1-4b72-8d23-6f6ca5bd31c7.jpg,"
CVS®,Birds Eye Voila! Alfredo Chicken Frozen Meal,$13.19,,,42 oz,[],,"https://www.instacart.com/image-server/197x197/filters:fill(FFF,true):format(jpg)/d2lnr5mha7bycj.cloudfront.net/product-image/file/large_c25992c6-9a49-4833-962e-08df17ff01ee.jpg,"
CVS®,White Castle Classic Cheese Sliders,$8.09,,,6 x 1.83 oz,[],,"https://www.instacart.com/image-server/197x197/filters:fill(FFF,true):format(jpg)/d2lnr5mha7bycj.cloudfront.net/product-image/file/large_f4506f6d-a422-4b73-afbb-d44121c13dae.png,"
CVS®,Original price: $5.89,$5.29,,,11 oz,[],,"https://www.instacart.com/image-server/197x197/filters:fill(FFF,true):format(jpg)/d2lnr5mha7bycj.cloudfront.net/product-image/file/large_618eecd8-ce26-425f-a23a-c1eaba363ac1.jpg,"
CVS®,Birds Eye Voila! Alfredo Chicken Frozen Meal,$9.39,,,21 oz,[],,"https://www.instacart.com/image-server/197x197/filters:fill(FFF,true):format(jpg)/d2lnr5mha7bycj.cloudfront.net/product-image/file/large_0c36ac87-cf88-401b-87fa-5b390e4cadad.jpg,"
CVS®,Stouffer's Macaroni & Cheese Frozen Meal,$5.49,,,12 oz,[],,"https://www.instacart.com/image-server/197x197/filters:fill(FFF,true):format(jpg)/d2lnr5mha7bycj.cloudfront.net/product-image/file/large_74cbb5a1-3633-4459-b319-d26051db25e1.jpg,"
CVS®,Original price: $8.29,$7.69,,,17.89 oz,[],,"https://www.instacart.com/image-server/197x197/filters:fill(FFF,true):format(jpg)/d2lnr5mha7bycj.cloudfront.net/product-image/file/large_5053b719-9104-4c66-8309-58e1f14c8bb6.jpg,"
CVS®,Stouffer's Classics Salisbury Steak Frozen Entrée,$5.49,,,9.63 oz,[],,"https://www.instacart.com/image-server/197x197/filters:fill(FFF,true):format(jpg)/d2lnr5mha7bycj.cloudfront.net/product-image/file/large_5bebbb34-b0b7-406b-975b-14be69bc44b4.jpg,"
CVS®,"Marie Callender's Aged Cheddar Cheesy Chicken and Rice Bowl, Frozen Meal",$5.49,,,12 oz,[],,"https://www.instacart.com/image-server/197x197/filters:fill(FFF,true):format(jpg)/d2lnr5mha7bycj.cloudfront.net/product-image/file/large_c3e409de-9574-4fe5-9870-048383a77535.jpeg,"
CVS®,Stouffer's Lasagna With Meat & Sauce Frozen Meal,$5.49,,,10.5 oz,[],,"https://www.instacart.com/image-server/197x197/filters:fill(FFF,true):format(jpg)/d2lnr5mha7bycj.cloudfront.net/product-image/file/large_f43382f2-44f7-48c8-8d89-2bdcf803d58d.jpg,"
CVS®,Birds Eye Voila! Garlic Chicken Frozen Meal,$13.19,,,42 oz,[],,"https://www.instacart.com/image-server/197x197/filters:fill(FFF,true):format(jpg)/d2lnr5mha7bycj.cloudfront.net/product-image/file/large_17fa11f4-1def-40bd-bb1f-32481bcab84f.jpg,"
CVS®,Stouffer's CLASSICS Fettuccini Alfredo,$5.49,,,11.5 oz,[],,"https://www.instacart.com/image-server/197x197/filters:fill(FFF,true):format(jpg)/d2lnr5mha7bycj.cloudfront.net/product-image/file/large_759a085f-baf1-4c42-8299-7048b5f43c19.jpg,"
CVS®,Stouffer's Party Size Macaroni & Cheese Frozen Meal,$18.69,,,76 oz,[],,"https://www.instacart.com/image-server/197x197/filters:fill(FFF,true):format(jpg)/d2lnr5mha7bycj.cloudfront.net/product-image/file/large_4fdd1ee1-bed6-40ba-bf52-72b10e222322.jpg,"
CVS®,Original price: $5.49,$4.39,,,13.1 oz,[],Many in stock,"https://www.instacart.com/image-server/197x197/filters:fill(FFF,true):format(jpg)/d2lnr5mha7bycj.cloudfront.net/product-image/file/large_379e5b3c-7df1-4743-b380-8d18ef7dc855.jpg,"
CVS®,DiGiorno Cheese Stuffed Crust Four Cheese Frozen Pizza,$7.19,,,8.5 oz,[],,"https://www.instacart.com/image-server/197x197/filters:fill(FFF,true):format(jpg)/d2lnr5mha7bycj.cloudfront.net/product-image/file/large_b0ee4d53-6957-4a8b-bcb6-8dca1070a4c3.jpg,"
CVS®,Global Delights Jamaican Style Spicy Beef Turnover,$1.69,,,4.5 oz,[],,"https://www.instacart.com/image-server/197x197/filters:fill(FFF,true):format(jpg)/d2lnr5mha7bycj.cloudfront.net/product-image/file/large_4c76dc1f-6da4-4bac-ad83-58edbf09a33d.jpg,"
CVS®,Original price: $17.59,$16.49,,,15 x 2 oz,[],,"https://www.instacart.com/image-server/197x197/filters:fill(FFF,true):format(jpg)/d2lnr5mha7bycj.cloudfront.net/product-image/file/large_bcbda141-a3ec-421b-b03b-926e65375dd9.jpg,"
CVS®,Original price: $8.49,$7.69,,,8 x 4 oz,[],,"https://www.instacart.com/image-server/197x197/filters:fill(FFF,true):format(jpg)/d2lnr5mha7bycj.cloudfront.net/product-image/file/large_4c1c2663-4192-4e43-b93e-e258172a87a0.png,"
CVS®,Original price: $2.49,$1.99,,,8.5 oz,[],,"https://www.instacart.com/image-server/197x197/filters:fill(FFF,true):format(jpg)/d2lnr5mha7bycj.cloudfront.net/product-image/file/large_85317420-5468-4881-aa95-8e3f84212a93.jpg,"
CVS®,DiGiorno Frozen Pizza - Supreme Pizza - Stuffed Crust Pizza,$14.29,,,26.4 oz,[],,"https://www.instacart.com/image-server/197x197/filters:fill(FFF,true):format(jpg)/d2lnr5mha7bycj.cloudfront.net/product-image/file/large_5c885fb5-cbd5-47be-b7ab-ae5cbbbadf8e.jpg,"
CVS®,"Kraft Frozen Meal, Original Cheddar Mac & Cheese, Macaroni and Cheese Dinner",$5.49,,,12 oz,[],,"https://www.instacart.com/image-server/197x197/filters:fill(FFF,true):format(jpg)/d2lnr5mha7bycj.cloudfront.net/product-image/file/large_9b8bebb1-882b-42f0-bce2-1d34074ed985.jpg,"
CVS®,"Bertolli Chicken Florentine and Farfalle, Frozen Meals",$14.29,,,22 oz,[],,"https://www.instacart.com/image-server/197x197/filters:fill(FFF,true):format(jpg)/d2lnr5mha7bycj.cloudfront.net/product-image/file/large_e0acf73c-ef01-41d6-b9c5-4faef646423f.jpg,"
CVS®,Original price: $5.49,$4.39,,,12 oz,[],,"https://www.instacart.com/image-server/197x197/filters:fill(FFF,true):format(jpg)/d2lnr5mha7bycj.cloudfront.net/product-image/file/large_42c99b6b-28b1-40ae-955c-181ed75c1386.jpg,"
CVS®,Healthy Choice Café Steamers Chicken Fettuccini Alfredo Frozen Meal,$5.49,,,10 oz,[],,"https://www.instacart.com/image-server/197x197/filters:fill(FFF,true):format(jpg)/d2lnr5mha7bycj.cloudfront.net/product-image/file/large_9ae416e7-176a-460e-9694-de39ab9dae11.jpg,"
CVS®,Original price: $5.89,$5.29,,,8.8 oz,[],,"https://www.instacart.com/image-server/197x197/filters:fill(FFF,true):format(jpg)/d2lnr5mha7bycj.cloudfront.net/product-image/file/large_63be1f64-8ff1-413f-bc81-128249793c05.jpg,"
CVS®,Lean Cuisine Features Chicken In Sweet Bbq Sauce,$5.49,,,9 oz,['Gluten-Free'],,"https://www.instacart.com/image-server/197x197/filters:fill(FFF,true):format(jpg)/d2lnr5mha7bycj.cloudfront.net/product-image/file/large_7a964232-0782-4242-ac11-a00fb9f86bc1.jpg,"
CVS®,DiGiorno Frozen Pizza - Three Meat Pizza - Frozen Stuffed Crust Pizza,$14.29,,,24.5 oz,[],,"https://www.instacart.com/image-server/197x197/filters:fill(FFF,true):format(jpg)/d2lnr5mha7bycj.cloudfront.net/product-image/file/large_ecfc421b-83bc-4a92-bc44-3a298ba90ae7.jpg,"
CVS®,Original price: $8.29,$7.69,,,23.45 oz,[],,"https://www.instacart.com/image-server/197x197/filters:fill(FFF,true):format(jpg)/d2lnr5mha7bycj.cloudfront.net/product-image/file/large_17e456f9-b2de-4304-93c6-4518672e5c32.jpg,"
CVS®,Stouffer's Pepperoni French Bread Frozen Pizza,$6.09,,,11.8 oz,[],,"https://www.instacart.com/image-server/197x197/filters:fill(FFF,true):format(jpg)/d2lnr5mha7bycj.cloudfront.net/product-image/file/large_3ce225d6-b444-44ed-b370-77fc67cb2a26.jpg,"
CVS®,Original price: $6.59,$6.09,,,9.75 oz,[],,"https://www.instacart.com/image-server/197x197/filters:fill(FFF,true):format(jpg)/d2lnr5mha7bycj.cloudfront.net/product-image/file/large_e8902dc1-e0c4-477e-a0a1-089c52fc8e42.jpg,"
CVS®,Stouffer's Broccoli Cheddar Pasta Bake Frozen Entrée,$8.79,,,24 oz,[],,"https://www.instacart.com/image-server/197x197/filters:fill(FFF,true):format(jpg)/d2lnr5mha7bycj.cloudfront.net/product-image/file/large_de6f3752-7763-4c61-abf5-e7668cb8730e.jpg,"
CVS®,DiGiorno Original Rising Crust Frozen Pizza Supreme,$10.99,,,31.5 oz,[],,"https://www.instacart.com/image-server/197x197/filters:fill(FFF,true):format(jpg)/d2lnr5mha7bycj.cloudfront.net/product-image/file/large_9fc4bd74-a770-44b7-ae1e-bfb43ca7b421.jpg,"
CVS®,DiGiorno For One Traditional Crust Supreme,$5.99,,,10 oz,[],,"https://www.instacart.com/image-server/197x197/filters:fill(FFF,true):format(jpg)/d2lnr5mha7bycj.cloudfront.net/product-image/file/large_9824b27e-fc74-41f2-be77-c1fc1eb19732.jpg,"
CVS®,Healthy Choice Café Steamers Barbecue Seasoned Steak With Potatoes Frozen Meal,$5.49,,,9.5 oz,[],,"https://www.instacart.com/image-server/197x197/filters:fill(FFF,true):format(jpg)/d2lnr5mha7bycj.cloudfront.net/product-image/file/large_b2113ec0-74b7-4304-b2de-3aafb6076e5c.jpg,"
CVS®,"P.F. Chang's Beef with Broccoli Skillet Meal, Frozen Meal",$14.29,,,22 oz,[],,"https://www.instacart.com/image-server/197x197/filters:fill(FFF,true):format(jpg)/d2lnr5mha7bycj.cloudfront.net/product-image/file/large_8e58a3ae-8337-4c1c-abca-486ecf96e3ef.jpg,"
CVS®,Healthy Choice Café Steamers Four Cheese Ravioli & Chicken Marinara Frozen Meal,$5.49,,,10 oz,[],,"https://www.instacart.com/image-server/197x197/filters:fill(FFF,true):format(jpg)/d2lnr5mha7bycj.cloudfront.net/product-image/file/large_25cce653-c34f-49a8-b615-06b75aff3492.jpg,"
CVS®,"Healthy Choice Café Steamers Grilled Chicken Marinara With Parmesan, Frozen Meal",$5.49,,,9.5 oz,[],,"https://www.instacart.com/image-server/197x197/filters:fill(FFF,true):format(jpg)/d2lnr5mha7bycj.cloudfront.net/product-image/file/large_ee8b4d8b-9172-4c09-96ea-3e0e0d3a08ef.jpg,"
CVS®,"P.F. Chang's Orange Chicken Skillet Meal, Frozen Meal",$14.29,,,22 oz,[],,"https://www.instacart.com/image-server/197x197/filters:fill(FFF,true):format(jpg)/d2lnr5mha7bycj.cloudfront.net/product-image/file/large_1910bd45-5e6f-4621-bf6c-e5c5314345ae.jpg,"
CVS®,DiGiorno Frozen Pizza Croissant Crust Pepperoni,$12.09,,,25 oz,[],,"https://www.instacart.com/image-server/197x197/filters:fill(FFF,true):format(jpg)/d2lnr5mha7bycj.cloudfront.net/product-image/file/large_f86d8c7c-a9f6-4728-9f7c-ddeabfb8eb07.jpg,"
CVS®,Red Baron Frozen Pizza Deep Dish Singles Four Cheese,$5.89,,,11.2 oz,[],,"https://www.instacart.com/image-server/197x197/filters:fill(FFF,true):format(jpg)/d2lnr5mha7bycj.cloudfront.net/product-image/file/large_f1132740-d51a-4bd0-9fbd-a219f99ccd52.jpg,"
CVS®,Original price: $10.49,$9.39,,,28.83 oz,[],,"https://www.instacart.com/image-server/197x197/filters:fill(FFF,true):format(jpg)/d2lnr5mha7bycj.cloudfront.net/product-image/file/large_8f3b0f6e-ed09-4575-8d85-409459de28fb.jpg,"
CVS®,"P.F. Chang's Dan Dan Noodle Bowl, Frozen Meal",$7.69,,,11 oz,[],,"https://www.instacart.com/image-server/197x197/filters:fill(FFF,true):format(jpg)/d2lnr5mha7bycj.cloudfront.net/product-image/file/large_ae597610-7524-42e4-826e-a842c9c4dd89.jpg,"
CVS®,Original price: $8.29,$7.69,,,22.95 oz,[],,"https://www.instacart.com/image-server/197x197/filters:fill(FFF,true):format(jpg)/d2lnr5mha7bycj.cloudfront.net/product-image/file/large_343774b8-d4de-46c9-906d-de19041e35a6.jpg,"
CVS®,Original price: $10.49,$9.39,,,27.51 oz,[],,"https://www.instacart.com/image-server/197x197/filters:fill(FFF,true):format(jpg)/d2lnr5mha7bycj.cloudfront.net/product-image/file/large_b9a394bd-4bbf-46de-a6cd-0d723034ac6c.jpg,"
CVS®,Original price: $10.49,$9.39,,,17.96 oz,[],,"https://www.instacart.com/image-server/197x197/filters:fill(FFF,true):format(jpg)/d2lnr5mha7bycj.cloudfront.net/product-image/file/large_d83d73f5-7b2b-4871-93aa-f47b01286cd3.jpg,"
CVS®,Red Baron Frozen Pizza Deep Dish Singles Supreme,$5.89,,,2 x 5.75 oz,[],,"https://www.instacart.com/image-server/197x197/filters:fill(FFF,true):format(jpg)/d2lnr5mha7bycj.cloudfront.net/product-image/file/large_c6bb0bdf-dcec-489a-ae22-22af30fdcbb0.jpg,"
CVS®,Food Club Ranch Dressing,$4.39,,,16 oz,[],Many in stock,"https://www.instacart.com/image-server/197x197/filters:fill(FFF,true):format(jpg)/d2lnr5mha7bycj.cloudfront.net/product-image/file/large_ce1bf14a-eda0-4fa3-8c12-ad1cb477b3ba.png,"
CVS®,Heinz Tomato Ketchup,$4.99,,,20 oz,[],,"https://www.instacart.com/image-server/197x197/filters:fill(FFF,true):format(jpg)/d2lnr5mha7bycj.cloudfront.net/product-image/file/large_01b297ae-8fd8-4439-b88e-2e8298536bd9.jpg,"
CVS®,Kraft Zesty Italian Fat Free Salad Dressing,$5.49,,,16 fl oz,[],,"https://www.instacart.com/image-server/197x197/filters:fill(FFF,true):format(jpg)/d2lnr5mha7bycj.cloudfront.net/product-image/file/large_cd80666b-a239-4bdf-8d6c-ebfdd3028fa1.jpg,"
CVS®,Heinz Tomato Ketchup,$6.59,,,32 oz,[],,"https://www.instacart.com/image-server/197x197/filters:fill(FFF,true):format(jpg)/d2lnr5mha7bycj.cloudfront.net/product-image/file/large_9353ca97-b2cf-4df1-b216-201b686a5f0b.jpg,"
CVS®,Original price: $6.59,$5.49,,,15 oz,[],,"https://www.instacart.com/image-server/197x197/filters:fill(FFF,true):format(jpg)/d2lnr5mha7bycj.cloudfront.net/product-image/file/large_51c6554e-49d3-47a8-b552-cc325bd416d0.png,"
CVS®,Food Club Chili Sauce,$2.89,,,12 oz,[],Many in stock,"https://www.instacart.com/image-server/197x197/filters:fill(FFF,true):format(jpg)/d2lnr5mha7bycj.cloudfront.net/product-image/file/large_c330ac03-c4d0-4d86-965c-9f82466c931b.png,"
CVS®,Prego Italian Sausage and Garlic Meat Sauce,$4.39,,,23.5 oz,['Gluten-Free'],,"https://www.instacart.com/image-server/197x197/filters:fill(FFF,true):format(jpg)/d2lnr5mha7bycj.cloudfront.net/product-image/file/large_fe06d3dd-049a-41ed-9e1d-69ed6488a7a7.jpg,"
CVS®,Prego Homestyle Alfredo Pasta Sauce,$4.39,,,14.5 oz,[],,"https://www.instacart.com/image-server/197x197/filters:fill(FFF,true):format(jpg)/d2lnr5mha7bycj.cloudfront.net/product-image/file/large_1c272878-8ca8-4ed3-a772-6ad97e2c9120.jpg,"
CVS®,Trappey's Red Devil Cayenne Pepper Sauce,$2.69,,,12 oz,['Vegan'],Many in stock,"https://www.instacart.com/image-server/197x197/filters:fill(FFF,true):format(jpg)/d2lnr5mha7bycj.cloudfront.net/product-image/file/large_59805420-c1a1-4804-99ab-2ac1d4ee3b37.png,"
CVS®,Kraft Raspberry Vinaigrette Lite Salad Dressing,$5.49,,,16 fl oz,[],,"https://www.instacart.com/image-server/197x197/filters:fill(FFF,true):format(jpg)/d2lnr5mha7bycj.cloudfront.net/product-image/file/large_fe880f47-7cbc-4a97-a836-7712b1d93312.jpg,"
CVS®,Prego Traditional Pasta Sauce,$4.39,,,24 oz,['Gluten-Free'],,"https://www.instacart.com/image-server/197x197/filters:fill(FFF,true):format(jpg)/d2lnr5mha7bycj.cloudfront.net/product-image/file/large_f72c9476-f827-415d-ba7c-b66289d63fa7.jpg,"
CVS®,"Badia Spices Garlic, Minced, in Olive Oil",$3.29,,,8 oz,"['Gluten-Free', 'Vegan']",,"https://www.instacart.com/image-server/197x197/filters:fill(FFF,true):format(jpg)/d2lnr5mha7bycj.cloudfront.net/product-image/file/large_fbbe7226-f9f4-4e56-9920-8a98f7ca07e6.png,"
CVS®,"Miracle Whip Mayo-like Dressing, for a Keto and Low Carb Lifestyle",$12.09,,,30 fl oz,[],,"https://www.instacart.com/image-server/197x197/filters:fill(FFF,true):format(jpg)/d2lnr5mha7bycj.cloudfront.net/product-image/file/large_a3d83166-04e9-49b1-9a11-efe01a908e10.jpg,"
CVS®,Kraft Classic Catalina Fat Free Salad Dressing,$5.49,,,16 fl oz,[],,"https://www.instacart.com/image-server/197x197/filters:fill(FFF,true):format(jpg)/d2lnr5mha7bycj.cloudfront.net/product-image/file/large_cc8c64be-b226-49ba-8f49-4561f99637d8.jpg,"
CVS®,Original price: $8.79,$7.69,,,30 fl oz,[],Many in stock,"https://www.instacart.com/image-server/197x197/filters:fill(FFF,true):format(jpg)/d2lnr5mha7bycj.cloudfront.net/product-image/file/large_c6378d0e-f2b0-42bc-954d-8a177815a8e7.png,"
CVS®,Goya Sofrito,$3.99,,,14 oz,[],,"https://www.instacart.com/image-server/197x197/filters:fill(FFF,true):format(jpg)/d2lnr5mha7bycj.cloudfront.net/product-image/file/large_2011e0de-10d6-4ea3-a10b-61a2b4cd8498.png,"
CVS®,Hellmann's Vegan Dressing and Spread Vegan,$8.29,,,11.5 fl oz,['Vegan'],,"https://www.instacart.com/image-server/197x197/filters:fill(FFF,true):format(jpg)/d2lnr5mha7bycj.cloudfront.net/product-image/file/large_eb69e38e-f44c-4725-8500-8e31b092742d.png,"
CVS®,"Goya Sofrito, Tomato Cooking Base",$3.69,,,12 oz,[],Many in stock,"https://www.instacart.com/image-server/197x197/filters:fill(FFF,true):format(jpg)/d2lnr5mha7bycj.cloudfront.net/product-image/file/large_073e0bbc-60c5-457f-9fb5-89223d5a6a38.jpg,"
CVS®,Original price: $2.19,$1.99,,,18 oz,[],,"https://www.instacart.com/image-server/197x197/filters:fill(FFF,true):format(jpg)/d2lnr5mha7bycj.cloudfront.net/product-image/file/large_2495aac6-9d63-4931-897b-165b3d20eb90.jpeg,"
CVS®,Original price: $6.59,$6.29,,,16 fl oz,[],,"https://www.instacart.com/image-server/197x197/filters:fill(FFF,true):format(jpg)/d2lnr5mha7bycj.cloudfront.net/product-image/file/large_873bdc5e-230d-44a4-a2e1-18645b61cfbd.jpg,"
CVS®,Original price: $5.49,$3.89,,,24 oz,['Vegan'],,"https://www.instacart.com/image-server/197x197/filters:fill(FFF,true):format(jpg)/d2lnr5mha7bycj.cloudfront.net/product-image/file/large_c8d120c6-5d95-4e97-9bed-19bf8657c06e.jpg,"
CVS®,"DelGrosso Pasta Sauce, Marinara, Classic Style",$2.99,,,24 oz,['Gluten-Free'],,"https://www.instacart.com/image-server/197x197/filters:fill(FFF,true):format(jpg)/d2lnr5mha7bycj.cloudfront.net/product-image/file/large_d3893183-627b-46cf-9c53-8ed0887ab398.png,"
CVS®,Hidden Valley Original Ranch Salad Dressing & Topping,$7.69,,,24 fl oz,[],,"https://www.instacart.com/image-server/197x197/filters:fill(FFF,true):format(jpg)/d2lnr5mha7bycj.cloudfront.net/product-image/file/large_7837e04b-3fd8-42e3-adc4-ce0a7f9dfb1e.jpg,"
CVS®,Sweet Baby Ray's Original Barbecue Sauce,$3.59,,,18 fl oz,['Gluten-Free'],Many in stock,"https://www.instacart.com/image-server/197x197/filters:fill(FFF,true):format(jpg)/d2lnr5mha7bycj.cloudfront.net/product-image/file/large_79069703-98e2-4229-9d72-9ea1c020a4bb.png,"
CVS®,Mezzetta Super Colossal Spanish Queen Olives Pimiento Stuffed,$9.89,,,10 oz,[],,"https://www.instacart.com/image-server/197x197/filters:fill(FFF,true):format(jpg)/d2lnr5mha7bycj.cloudfront.net/product-image/file/large_04d06a18-0982-4194-bead-3de07d641b6a.jpg,"
CVS®,"Food Club Pickles, Hamburger Dill, Chips",$3.29,,,16 oz,[],,"https://www.instacart.com/image-server/197x197/filters:fill(FFF,true):format(jpg)/d2lnr5mha7bycj.cloudfront.net/product-image/file/large_f3bb63fc-3c83-4cb6-8909-473112241a0f.png,"
CVS®,"Prego Chunky Tomato, Onion and Garlic Pasta Sauce",$4.39,,,24 oz,['Gluten-Free'],,"https://www.instacart.com/image-server/197x197/filters:fill(FFF,true):format(jpg)/d2lnr5mha7bycj.cloudfront.net/product-image/file/large_826db921-fde4-44e0-9526-848ec24b63e7.jpg,"
CVS®,Original price: $4.39,$3.29,,,23.9 oz,[],,"https://www.instacart.com/image-server/197x197/filters:fill(FFF,true):format(jpg)/d2lnr5mha7bycj.cloudfront.net/product-image/file/large_80051900-cd40-4279-9976-a452e6f50be9.jpg,"
CVS®,Original price: $5.49,$4.39,,,13 fl oz,[],,"https://www.instacart.com/image-server/197x197/filters:fill(FFF,true):format(jpg)/d2lnr5mha7bycj.cloudfront.net/product-image/file/large_689c8854-bcb0-4cbd-bcbe-95290c3d1275.png,"
CVS®,Original price: $4.39,$3.29,,,16 oz,[],,"https://www.instacart.com/image-server/197x197/filters:fill(FFF,true):format(jpg)/d2lnr5mha7bycj.cloudfront.net/product-image/file/large_5fa0e0c2-9d71-4137-a2af-2ac37ace3d25.jpg,"
CVS®,Original price: $5.49,$4.39,,,13 oz,[],,"https://www.instacart.com/image-server/197x197/filters:fill(FFF,true):format(jpg)/d2lnr5mha7bycj.cloudfront.net/product-image/file/large_f79da770-6f87-4323-a16e-d728cd478cce.png,"
CVS®,"Buffalo Wild Wings Sauce, Parmesan Garlic",$4.39,,,12 fl oz,[],,"https://www.instacart.com/image-server/197x197/filters:fill(FFF,true):format(jpg)/d2lnr5mha7bycj.cloudfront.net/product-image/file/large_274d42ab-706b-48aa-88a2-c3929ccf04e7.png,"
CVS®,Original price: $3.09,$2.79,,,20 oz,[],,"https://www.instacart.com/image-server/197x197/filters:fill(FFF,true):format(jpg)/d2lnr5mha7bycj.cloudfront.net/product-image/file/large_f69a177e-ea5c-4de4-bd94-6b3c169e82e3.jpeg,"
CVS®,Frank's RedHot® Original Cayenne Pepper Hot Sauce,$9.39,,,23 fl oz,['Vegan'],Many in stock,"https://www.instacart.com/image-server/197x197/filters:fill(FFF,true):format(jpg)/d2lnr5mha7bycj.cloudfront.net/product-image/file/large_ae5a215a-69e7-4235-aed4-56832c27f185.jpg,"
CVS®,Prego Alfredo Pasta Sauce with Roasted Garlic and Parmesan Cheese,$4.39,,,14.5 oz,[],,"https://www.instacart.com/image-server/197x197/filters:fill(FFF,true):format(jpg)/d2lnr5mha7bycj.cloudfront.net/product-image/file/large_36ea7914-0aba-4a12-be4b-8841d9e2b330.jpg,"
CVS®,"Ortega Original Thick and Smooth Mild Taco Sauce, Kosher",$5.49,,,16 oz,['Vegan'],Many in stock,"https://www.instacart.com/image-server/197x197/filters:fill(FFF,true):format(jpg)/d2lnr5mha7bycj.cloudfront.net/product-image/file/large_5669d3b7-ae55-486b-8e77-4b1611cd601b.png,"
CVS®,Tabasco Brand Pepper Sauce,$5.29,,,5 oz,['Gluten-Free'],,"https://www.instacart.com/image-server/197x197/filters:fill(FFF,true):format(jpg)/d2lnr5mha7bycj.cloudfront.net/product-image/file/large_8e6030f4-074f-433f-a056-b8e04dbb6110.png,"
CVS®,Taco Bell Mild Sauce,$2.99,,,7.5 oz,[],,"https://www.instacart.com/image-server/197x197/filters:fill(FFF,true):format(jpg)/d2lnr5mha7bycj.cloudfront.net/product-image/file/large_b57fa42c-9d9a-46a4-a2c3-9060595e8801.jpg,"
CVS®,"Buffalo Wild Wings Sauce, Medium",$4.39,,,12 fl oz,[],,"https://www.instacart.com/image-server/197x197/filters:fill(FFF,true):format(jpg)/d2lnr5mha7bycj.cloudfront.net/product-image/file/large_29b7cf2e-2058-41ce-a2e1-972692522a82.png,"
CVS®,Original price: $4.99,$3.69,,,15 oz,[],,"https://www.instacart.com/image-server/197x197/filters:fill(FFF,true):format(jpg)/d2lnr5mha7bycj.cloudfront.net/product-image/file/large_d3890397-5647-4901-ba36-2a02e5117a66.jpg,"
CVS®,"Badia Spices Garlic, Minced",$2.89,,,8 oz,['Gluten-Free'],,"https://www.instacart.com/image-server/197x197/filters:fill(FFF,true):format(jpg)/d2lnr5mha7bycj.cloudfront.net/product-image/file/large_f9ceacb8-c24f-4fb7-81ac-966de9ef17f6.png,"
CVS®,"Tostitos Salsa Con Queso, Medium",$6.29,,,15 oz,[],,"https://www.instacart.com/image-server/197x197/filters:fill(FFF,true):format(jpg)/d2lnr5mha7bycj.cloudfront.net/product-image/file/large_d91aa032-b7a6-4a8f-89dc-5ae529b2baaf.png,"
CVS®,Heinz 100% Natural Yellow Mustard,$4.39,,,20 oz,[],,"https://www.instacart.com/image-server/197x197/filters:fill(FFF,true):format(jpg)/d2lnr5mha7bycj.cloudfront.net/product-image/file/large_1b0d89e9-d3ba-4b22-a534-0bcab07e01e5.jpg,"
CVS®,Miracle Whip Mayo-like Dressing,$6.59,,,12 fl oz,[],,"https://www.instacart.com/image-server/197x197/filters:fill(FFF,true):format(jpg)/d2lnr5mha7bycj.cloudfront.net/product-image/file/large_ed2b64cf-430b-4ac9-a0b5-40573579486e.jpg,"
CVS®,Frank's RedHot® Sweet Chili Hot Sauce,$6.59,,,12 fl oz,[],,"https://www.instacart.com/image-server/197x197/filters:fill(FFF,true):format(jpg)/d2lnr5mha7bycj.cloudfront.net/product-image/file/large_1e8553d2-d31a-4409-8f69-9b6ce4257724.jpg,"
CVS®,Heinz 100% Natural Spicy Brown Mustard,$3.29,,,14 oz,['Vegan'],,"https://www.instacart.com/image-server/197x197/filters:fill(FFF,true):format(jpg)/d2lnr5mha7bycj.cloudfront.net/product-image/file/large_7309026f-be2e-455f-9e24-8f895fa6a464.jpg,"
CVS®,Heinz Natural Yellow Mustard,$2.79,,,14 oz,[],,"https://www.instacart.com/image-server/197x197/filters:fill(FFF,true):format(jpg)/d2lnr5mha7bycj.cloudfront.net/product-image/file/large_1122fb66-f7a9-4eae-b81d-6ccdc88e3363.jpg,"
CVS®,Del Monte HARVEST SELECTS Crinkle Cut Pickled Beets,$2.99,,,16 oz,['Vegan'],,"https://www.instacart.com/image-server/197x197/filters:fill(FFF,true):format(jpg)/d2lnr5mha7bycj.cloudfront.net/product-image/file/large_d28a4305-f923-4f57-a843-2276a58d584a.jpg,"
CVS®,"Kikkoman Teriyaki Sauce, Garlic & Green Onion",$6.99,,,20.5 oz,[],,"https://www.instacart.com/image-server/197x197/filters:fill(FFF,true):format(jpg)/d2lnr5mha7bycj.cloudfront.net/product-image/file/large_bc9168ad-a47d-4a7f-844f-4dde6e63cbac.png,"
CVS®,"Mrs. Renfro's Salsa, Green, Hot",$6.59,,,16 oz,['Vegan'],,"https://www.instacart.com/image-server/197x197/filters:fill(FFF,true):format(jpg)/d2lnr5mha7bycj.cloudfront.net/product-image/file/large_b5261fcc-6bc1-4c95-8e8f-40cbe70b9961.png,"
CVS®,Kikkoman Teriyaki Marinade & Sauce,$5.49,,,15 fl oz,[],,"https://www.instacart.com/image-server/197x197/filters:fill(FFF,true):format(jpg)/d2lnr5mha7bycj.cloudfront.net/product-image/file/large_13c8b8a4-b1aa-482f-a1e9-135071b3b595.png,"
CVS®,Frank's RedHot® Buffalo Wings Hot Sauce,$9.39,,,23 fl oz,[],Many in stock,"https://www.instacart.com/image-server/197x197/filters:fill(FFF,true):format(jpg)/d2lnr5mha7bycj.cloudfront.net/product-image/file/large_fd5994e7-2c41-4bdd-bfd6-8817df670e66.jpg,"
CVS®,"Pearls Olives, Greek, Kalamata, Pitted",$6.09,,,6 oz,['Vegan'],,"https://www.instacart.com/image-server/197x197/filters:fill(FFF,true):format(jpg)/d2lnr5mha7bycj.cloudfront.net/product-image/file/large_0d099eeb-a695-45d9-8878-97da4a8e10e0.png,"
CVS®,Tabasco Chipotle Sauce,$5.29,,,5 fl oz,['Gluten-Free'],,"https://www.instacart.com/image-server/197x197/filters:fill(FFF,true):format(jpg)/d2lnr5mha7bycj.cloudfront.net/product-image/file/large_8ec75d2e-fbc9-4306-9248-2d93b4bc10a7.png,"
CVS®,Heinz Organic Tomato Ketchup,$5.29,,,14 oz,['Organic'],,"https://www.instacart.com/image-server/197x197/filters:fill(FFF,true):format(jpg)/d2lnr5mha7bycj.cloudfront.net/product-image/file/large_10f57626-feb7-439d-aa77-d67aa2683a4b.jpg,"
