Store,Item Name,Price,Units,Unit Price,Amount,Tags,In Stock,Image
CVS®,Banana,$0.34,each (est.),$0.79 / lb,About 0.43 lb each,[],,"https://www.instacart.com/image-server/197x197/filters:fill(FFF,true):format(jpg)/d2lnr5mha7bycj.cloudfront.net/product-image/file/large_eea6ea6f-74a2-4eab-9cb8-1bc9e2efb961.png,"
CVS®,Hass Avocado,$1.09,,,1 ct,[],Many in stock,"https://www.instacart.com/image-server/197x197/filters:fill(FFF,true):format(jpg)/d2lnr5mha7bycj.cloudfront.net/product-image/file/large_0251fd1d-37f3-47db-8e50-f3a2f4e0984e.png,"
CVS®,Organic Bananas,$0.41,each (est.),$0.99 / lb,About 0.41 lb each,"['Organic', 'Non-GMO']",,"https://www.instacart.com/image-server/197x197/filters:fill(FFF,true):format(jpg)/d2lnr5mha7bycj.cloudfront.net/product-image/file/large_716c0099-a1fb-4cbf-8af2-860a81f52b5e.png,"
CVS®,Original price: $4.29,$2.69,,,1 lb Container,[],Many in stock,"https://www.instacart.com/image-server/197x197/filters:fill(FFF,true):format(jpg)/d2lnr5mha7bycj.cloudfront.net/product-image/file/large_9f7d40d7-d914-4b87-804c-3c9e2ccada0f.png,"
CVS®,Blueberries Package,$4.29,,,1 pint container,[],Many in stock,"https://www.instacart.com/image-server/197x197/filters:fill(FFF,true):format(jpg)/d2lnr5mha7bycj.cloudfront.net/product-image/file/large_3cdb545f-d353-41c9-a3a6-4d5278865224.png,"
CVS®,Clementine Tangerines Bag,$4.29,,,2 lb bag,[],Many in stock,"https://www.instacart.com/image-server/197x197/filters:fill(FFF,true):format(jpg)/d2lnr5mha7bycj.cloudfront.net/product-image/file/large_048bdbf7-33c1-4ee2-9469-268168d5bc98.png,"
CVS®,Lemon,$1.09,,,1 each,[],Many in stock,"https://www.instacart.com/image-server/197x197/filters:fill(FFF,true):format(jpg)/d2lnr5mha7bycj.cloudfront.net/product-image/file/large_32d76aa6-6676-470d-81ee-24a2e73550c5.png,"
CVS®,Limes,$0.59,,,1 each,[],Many in stock,"https://www.instacart.com/image-server/197x197/filters:fill(FFF,true):format(jpg)/d2lnr5mha7bycj.cloudfront.net/product-image/file/large_2e7f6427-9d64-4594-a422-e2282f1b0cc3.png,"
CVS®,Raspberries Package,$4.29,,,6 oz Container,[],Many in stock,"https://www.instacart.com/image-server/197x197/filters:fill(FFF,true):format(jpg)/d2lnr5mha7bycj.cloudfront.net/product-image/file/large_0484cff0-827d-4da2-bd47-7887aae666ba.png,"
CVS®,Honeycrisp Apple,$0.99,each (est.),$2.19 / lb,About 0.45 lb each,[],,"https://www.instacart.com/image-server/197x197/filters:fill(FFF,true):format(jpg)/d2lnr5mha7bycj.cloudfront.net/product-image/file/large_b11a95cd-6c86-46bd-8d0e-de0b6e6e91df.png,"
CVS®,Original price: $5.39,$4.29,,,6 oz Container,"['Organic', 'Non-GMO']",Many in stock,"https://www.instacart.com/image-server/197x197/filters:fill(FFF,true):format(jpg)/d2lnr5mha7bycj.cloudfront.net/product-image/file/large_701b2e31-5927-4522-9353-1ad8f12cdd2c.png,"
CVS®,Organic Hass Avocado,$2.19,,,1 each,"['Organic', 'Non-GMO']",Many in stock,"https://www.instacart.com/image-server/197x197/filters:fill(FFF,true):format(jpg)/d2lnr5mha7bycj.cloudfront.net/product-image/file/large_670150b6-7c97-4d17-8b68-e929fddcd167.png,"
CVS®,Organic Lemon,$1.09,,,1 ct,"['Organic', 'Non-GMO']",Many in stock,"https://www.instacart.com/image-server/197x197/filters:fill(FFF,true):format(jpg)/d2lnr5mha7bycj.cloudfront.net/product-image/file/large_4923abac-01ce-4bf4-8de6-e2cb30478bcf.png,"
CVS®,Large Hass Avocados,$2.69,,,1 each,[],Many in stock,"https://www.instacart.com/image-server/197x197/filters:fill(FFF,true):format(jpg)/d2lnr5mha7bycj.cloudfront.net/product-image/file/large_5311af99-b199-415d-9f54-13701df3c112.png,"
CVS®,Lemon,$4.29,,,2 lb bag,[],Many in stock,"https://www.instacart.com/image-server/197x197/filters:fill(FFF,true):format(jpg)/d2lnr5mha7bycj.cloudfront.net/product-image/file/large_e576a716-ebd9-4d84-91a1-1034ae7b6356.png,"
CVS®,Blueberries,$4.29,,,6 oz container,[],Many in stock,"https://www.instacart.com/image-server/197x197/filters:fill(FFF,true):format(jpg)/d2lnr5mha7bycj.cloudfront.net/product-image/file/large_ec401b48-ca48-4bf4-a969-241c6a68d921.png,"
CVS®,Original price: $9.40,$7.21,/pkg (est.),$3.29 / lb,About 2.19 lb / package,[],,"https://www.instacart.com/image-server/197x197/filters:fill(FFF,true):format(jpg)/d2lnr5mha7bycj.cloudfront.net/product-image/file/large_403632e9-ba28-4000-ae68-f66aa02e8e1e.png,"
CVS®,Organic Raspberries Package,$5.39,,,6 oz Package,"['Organic', 'Non-GMO']",Many in stock,"https://www.instacart.com/image-server/197x197/filters:fill(FFF,true):format(jpg)/d2lnr5mha7bycj.cloudfront.net/product-image/file/large_46b5fd1a-a475-4fc9-932a-1db80fd4c5cf.png,"
CVS®,Original price: $5.39,$4.29,,,6 oz container,"['Organic', 'Non-GMO']",Many in stock,"https://www.instacart.com/image-server/197x197/filters:fill(FFF,true):format(jpg)/d2lnr5mha7bycj.cloudfront.net/product-image/file/large_ff6b3b65-c53d-4f9e-b0fa-15c0be5150ca.png,"
CVS®,Organic Honeycrisp Apple,$6.49,,,2 lb bag,"['Non-GMO', 'Organic']",Many in stock,"https://www.instacart.com/image-server/197x197/filters:fill(FFF,true):format(jpg)/d2lnr5mha7bycj.cloudfront.net/product-image/file/large_512d49b8-f906-46d6-a710-b19950995900.png,"
CVS®,Plum,$1.24,each (est.),$3.29 / lb,About 0.38 lb each,[],,"https://www.instacart.com/image-server/197x197/filters:fill(FFF,true):format(jpg)/d2lnr5mha7bycj.cloudfront.net/product-image/file/large_1bd33d36-5dfe-4440-916f-7386150d75c7.png,"
CVS®,Original price: $4.29,$2.69,,,6 oz container,[],Many in stock,"https://www.instacart.com/image-server/197x197/filters:fill(FFF,true):format(jpg)/d2lnr5mha7bycj.cloudfront.net/product-image/file/large_48c523d6-08e9-412d-bf43-4ba15494d471.png,"
CVS®,Original price: $2.19,$1.09,,,1 ct,[],Many in stock,"https://www.instacart.com/image-server/197x197/filters:fill(FFF,true):format(jpg)/d2lnr5mha7bycj.cloudfront.net/product-image/file/large_3a7bffa9-952a-421e-8dad-0ce3b7089e9a.png,"
CVS®,Fresh Thyme Market Pineapple Chunks,$6.49,,,20 oz,[],Many in stock,"https://www.instacart.com/image-server/197x197/filters:fill(FFF,true):format(jpg)/d2lnr5mha7bycj.cloudfront.net/product-image/file/large_c48af219-5b19-4547-8025-9777e6041d1f.png,"
CVS®,Yellow Peach,$1.25,each (est.),$3.29 / lb,About 0.38 lb each,[],,"https://www.instacart.com/image-server/197x197/filters:fill(FFF,true):format(jpg)/d2lnr5mha7bycj.cloudfront.net/product-image/file/large_2599f9a8-fd15-469f-83fc-5ce2ecf4cdc3.png,"
CVS®,Original price: $7.59,$5.39,,,2 lb container,[],,"https://www.instacart.com/image-server/197x197/filters:fill(FFF,true):format(jpg)/d2lnr5mha7bycj.cloudfront.net/product-image/file/large_4ab32a65-a8a1-443c-b6d5-3e5f26d49907.png,"
CVS®,Original price: $4.29,$3.49,,,14 oz container,[],,"https://www.instacart.com/image-server/197x197/filters:fill(FFF,true):format(jpg)/d2lnr5mha7bycj.cloudfront.net/product-image/file/large_14ce2abb-91e4-4627-9646-bcd62cb16251.png,"
CVS®,Original price: $4.29,$3.29,,,"Original price: $4.29
$4.29",[],Many in stock,"https://www.instacart.com/image-server/197x197/filters:fill(FFF,true):format(jpg)/d2lnr5mha7bycj.cloudfront.net/product-image/file/large_9499db60-a6e9-4b4c-847d-f31fe6f4a202.png,"
CVS®,Mini Seedless Watermelon,$5.39,,,1 ct,[],,"https://www.instacart.com/image-server/197x197/filters:fill(FFF,true):format(jpg)/d2lnr5mha7bycj.cloudfront.net/product-image/file/large_41cd510a-87e1-45b4-af42-ab750e336dcc.png,"
CVS®,Organic Green Seedless Grapes,$11.43,/pkg (est.),$5.39 / lb,About 2.12 lb / package,"['Organic', 'Non-GMO']",,"https://www.instacart.com/image-server/197x197/filters:fill(FFF,true):format(jpg)/d2lnr5mha7bycj.cloudfront.net/product-image/file/large_61d0c8b4-671e-4828-8f71-bc1e9a279549.png,"
CVS®,Original price: $3.29,$2.59,,,8 oz,[],,"https://www.instacart.com/image-server/197x197/filters:fill(FFF,true):format(jpg)/d2lnr5mha7bycj.cloudfront.net/product-image/file/large_0a615e05-6e63-401c-85c4-410a1be5ecd2.png,"
CVS®,Organic Honeycrisp Apple,$1.45,each (est.),$3.29 / lb,About 0.44 lb each,"['Non-GMO', 'Organic']",,"https://www.instacart.com/image-server/197x197/filters:fill(FFF,true):format(jpg)/d2lnr5mha7bycj.cloudfront.net/product-image/file/large_5af48967-f75b-46c3-a30b-5de611964054.png,"
CVS®,Navel Orange,$4.29,,,3 lb bag,[],Many in stock,"https://www.instacart.com/image-server/197x197/filters:fill(FFF,true):format(jpg)/d2lnr5mha7bycj.cloudfront.net/product-image/file/large_17e82f18-3e46-42f9-8c2f-674e618ddf69.png,"
CVS®,Original price: $9.31,$7.14,/pkg (est.),$3.29 / lb,About 2.17 lb / package,[],,"https://www.instacart.com/image-server/197x197/filters:fill(FFF,true):format(jpg)/d2lnr5mha7bycj.cloudfront.net/product-image/file/large_985551d5-43a7-4b0d-ac24-f1c48e413242.png,"
CVS®,Original price: $5.39,$4.29,,,16 oz container,[],,"https://www.instacart.com/image-server/197x197/filters:fill(FFF,true):format(jpg)/d2lnr5mha7bycj.cloudfront.net/product-image/file/large_1f8a57f0-0072-477b-8f03-b129793f4e1c.png,"
CVS®,Original price: $3.29,$2.59,,,8 oz container,[],,"https://www.instacart.com/image-server/197x197/filters:fill(FFF,true):format(jpg)/d2lnr5mha7bycj.cloudfront.net/product-image/file/large_e535d573-c899-4e3e-ad3d-ad945ebeb517.png,"
CVS®,Bartlett Pear,$0.85,each (est.),$2.19 / lb,About 0.39 lb each,[],,"https://www.instacart.com/image-server/197x197/filters:fill(FFF,true):format(jpg)/d2lnr5mha7bycj.cloudfront.net/product-image/file/large_4ffc5e8e-4f55-4b32-8c3c-257b33552489.png,"
CVS®,Original price: $5.39,$3.29,,,1 container,[],,"https://www.instacart.com/image-server/197x197/filters:fill(FFF,true):format(jpg)/d2lnr5mha7bycj.cloudfront.net/product-image/file/large_c9eddf59-6fa1-4cb8-b65e-ca619a2ab782.jpg,"
CVS®,Cotton Candy Grapes,$5.39,/lb,,/lb,[],,"https://www.instacart.com/image-server/197x197/filters:fill(FFF,true):format(jpg)/d2lnr5mha7bycj.cloudfront.net/product-image/file/large_fcb1d7c6-fd4b-4220-96ec-083c669025ba.png,"
CVS®,Organic Strawberries,$5.39,,,1 ct,"['Organic', 'Non-GMO']",Likely out of stock,"https://www.instacart.com/image-server/197x197/filters:fill(FFF,true):format(jpg)/d2lnr5mha7bycj.cloudfront.net/product-image/file/large_661e4efe-7442-483c-9d2a-1eacc3b8708b.png,"
CVS®,Red Bell Pepper,$2.19,,,,[],Many in stock,"https://www.instacart.com/image-server/197x197/filters:fill(FFF,true):format(jpg)/d2lnr5mha7bycj.cloudfront.net/product-image/file/large_577cb8a7-dba4-424d-a178-c56d73338427.png,"
CVS®,Broccoli Crown,$1.72,each (est.),$2.19 / lb,About 0.79 lb each,[],,"https://www.instacart.com/image-server/197x197/filters:fill(FFF,true):format(jpg)/d2lnr5mha7bycj.cloudfront.net/product-image/file/large_2631b361-6449-4c67-baa4-5ee4e75075cd.png,"
CVS®,Yellow Onion,$1.25,each (est.),$1.39 / lb,About 0.9 lb each,[],,"https://www.instacart.com/image-server/197x197/filters:fill(FFF,true):format(jpg)/d2lnr5mha7bycj.cloudfront.net/product-image/file/large_855659de-602c-4cb6-97a0-e6d5739a664b.png,"
CVS®,NatureSweet Cherubs Salad Tomatoes,$7.59,,,24 oz,[],,"https://www.instacart.com/image-server/197x197/filters:fill(FFF,true):format(jpg)/d2lnr5mha7bycj.cloudfront.net/product-image/file/large_c205f8d7-8d63-4e6f-8b95-6641b7467c1b.png,"
CVS®,Roma Tomato,$0.49,each (est.),$2.19 / lb,About 0.23 lb each,[],,"https://www.instacart.com/image-server/197x197/filters:fill(FFF,true):format(jpg)/d2lnr5mha7bycj.cloudfront.net/product-image/file/large_618ecd8d-4578-40fc-a60a-31befc995aa8.png,"
CVS®,Green Onions (Scallions),$1.09,,,1 bunch,[],Many in stock,"https://www.instacart.com/image-server/197x197/filters:fill(FFF,true):format(jpg)/d2lnr5mha7bycj.cloudfront.net/product-image/file/large_9891f79e-47b5-40bf-b995-ba1eaa38049e.png,"
CVS®,Original price: $2.69,$2.19,,,12 oz,['Organic'],Many in stock,"https://www.instacart.com/image-server/197x197/filters:fill(FFF,true):format(jpg)/d2lnr5mha7bycj.cloudfront.net/product-image/file/large_061bc62d-6b9b-496f-aafc-85827f7376d5.png,"
CVS®,NatureSweet Cherubs Heavenly Salad Tomatoes,$4.29,,,10 oz,[],Many in stock,"https://www.instacart.com/image-server/197x197/filters:fill(FFF,true):format(jpg)/d2lnr5mha7bycj.cloudfront.net/product-image/file/large_b74bc25d-b569-464a-a44f-8a0d5d2d2c29.png,"
CVS®,Green Bell Pepper,$1.69,,,1 each,[],Many in stock,"https://www.instacart.com/image-server/197x197/filters:fill(FFF,true):format(jpg)/d2lnr5mha7bycj.cloudfront.net/product-image/file/large_5967f9df-e9ac-4918-a2dc-07576fdda15e.png,"
CVS®,Garlic,$0.79,,,1 each,[],Many in stock,"https://www.instacart.com/image-server/197x197/filters:fill(FFF,true):format(jpg)/d2lnr5mha7bycj.cloudfront.net/product-image/file/large_b05ff317-0c13-4e50-ba7b-1e4f571a6795.png,"
CVS®,Original price: $0.93,$0.66,each (est.),$0.99 / lb,About 0.67 lb each,[],,"https://www.instacart.com/image-server/197x197/filters:fill(FFF,true):format(jpg)/d2lnr5mha7bycj.cloudfront.net/product-image/file/large_a0360403-b6c9-4211-8021-a3fa2ea3e281.png,"
CVS®,Gourmet Garden™ Lightly Dried Cilantro,$5.99,,,0.35 oz container,"['Non-GMO', 'Organic']",,"https://www.instacart.com/image-server/197x197/filters:fill(FFF,true):format(jpg)/d2lnr5mha7bycj.cloudfront.net/product-image/file/large_21761ddb-265d-4494-a01b-15fe044b2fab.jpg,"
CVS®,Original price: $3.39,$1.12,each (est.),$1.09 / lb,About 1.03 lb each,['In season'],,"https://www.instacart.com/image-server/197x197/filters:fill(FFF,true):format(jpg)/d2lnr5mha7bycj.cloudfront.net/product-image/file/large_4b8a30e1-982e-4d55-8100-a9ec2132bde7.png,"
CVS®,English Seedless Cucumber,$2.19,,,1 ct,[],Many in stock,"https://www.instacart.com/image-server/197x197/filters:fill(FFF,true):format(jpg)/d2lnr5mha7bycj.cloudfront.net/product-image/file/large_1e9fe404-8fdb-4a75-9c16-666d43d13b99.png,"
CVS®,Gourmet Garden™ Lightly Dried Basil,$5.99,,,0.4 oz,[],,"https://www.instacart.com/image-server/197x197/filters:fill(FFF,true):format(jpg)/d2lnr5mha7bycj.cloudfront.net/product-image/file/large_9b63f128-c888-49c2-9a8d-053644b886cd.jpg,"
CVS®,Organic Cucumber,$2.19,,,1 ct,"['Organic', 'Non-GMO']",Many in stock,"https://www.instacart.com/image-server/197x197/filters:fill(FFF,true):format(jpg)/d2lnr5mha7bycj.cloudfront.net/product-image/file/large_1dce7626-b172-45ed-847c-fd47957cca8a.png,"
CVS®,Jalapeno Pepper,$0.34,/pkg (est.),$2.19 / lb,About 0.16 lb / package,[],,"https://www.instacart.com/image-server/197x197/filters:fill(FFF,true):format(jpg)/d2lnr5mha7bycj.cloudfront.net/product-image/file/large_8810eb6e-06ee-4244-9205-f1af505277e0.png,"
CVS®,Zucchini Squash,$0.68,each (est.),$1.69 / lb,About 0.41 lb each,[],,"https://www.instacart.com/image-server/197x197/filters:fill(FFF,true):format(jpg)/d2lnr5mha7bycj.cloudfront.net/product-image/file/large_6a161547-1e96-46df-a4af-bea04c12db56.png,"
CVS®,Organic Cilantro,$1.69,,,1 ct,"['Non-GMO', 'Organic']",Many in stock,"https://www.instacart.com/image-server/197x197/filters:fill(FFF,true):format(jpg)/d2lnr5mha7bycj.cloudfront.net/product-image/file/large_22814842-b6fb-4e85-a426-8b42eff18c9e.png,"
CVS®,Organic Green Onions (Scallions),$1.69,,,1 bunch,"['Organic', 'Non-GMO']",Many in stock,"https://www.instacart.com/image-server/197x197/filters:fill(FFF,true):format(jpg)/d2lnr5mha7bycj.cloudfront.net/product-image/file/large_47e08866-194a-479c-9389-ee4a010998a3.png,"
CVS®,Russet Potato,$0.91,each (est.),$1.09 / lb,About 0.84 lb each,[],,"https://www.instacart.com/image-server/197x197/filters:fill(FFF,true):format(jpg)/d2lnr5mha7bycj.cloudfront.net/product-image/file/large_6cf871eb-309b-4092-b4eb-bbf6269370d3.png,"
CVS®,Harvest Select Russet Potato Bag,$3.29,,,5 lb bag,[],Many in stock,"https://www.instacart.com/image-server/197x197/filters:fill(FFF,true):format(jpg)/d2lnr5mha7bycj.cloudfront.net/product-image/file/large_a4f8a9c7-1711-45c6-8c40-6e183ae88f99.png,"
CVS®,Sweet Onion,$1.44,each (est.),$1.69 / lb,About 0.85 lb each,[],,"https://www.instacart.com/image-server/197x197/filters:fill(FFF,true):format(jpg)/d2lnr5mha7bycj.cloudfront.net/product-image/file/large_3a4e955a-53a2-4f98-9884-75ecc8c85cda.png,"
CVS®,Ginger Root,$1.50,each (est.),$4.29 / lb,About 0.35 lb each,[],,"https://www.instacart.com/image-server/197x197/filters:fill(FFF,true):format(jpg)/d2lnr5mha7bycj.cloudfront.net/product-image/file/large_b1470ecf-5f25-45ba-926b-9d4c1801c3b7.png,"
CVS®,Organic Celery,$2.19,,,1 ct,"['Organic', 'Non-GMO']",Many in stock,"https://www.instacart.com/image-server/197x197/filters:fill(FFF,true):format(jpg)/d2lnr5mha7bycj.cloudfront.net/product-image/file/large_d9131eb1-c8c1-4711-ba56-1f4696016fde.png,"
CVS®,Original price: $3.18,$1.58,each (est.),$1.09 / lb,About 1.45 lb each,[],,"https://www.instacart.com/image-server/197x197/filters:fill(FFF,true):format(jpg)/d2lnr5mha7bycj.cloudfront.net/product-image/file/large_bde0f8fe-a5cb-4c2c-860c-a12332feb7d3.png,"
CVS®,"Highline Mushrooms Mushrooms, Organic, Mini",$2.99,,,8 oz container,"['In season', 'Organic']",Many in stock,"https://www.instacart.com/image-server/197x197/filters:fill(FFF,true):format(jpg)/d2lnr5mha7bycj.cloudfront.net/product-image/file/large_024a4884-b510-497d-8586-7d88f9afb940.png,"
CVS®,Romaine Lettuce,$3.29,,,1 ct,[],Many in stock,"https://www.instacart.com/image-server/197x197/filters:fill(FFF,true):format(jpg)/d2lnr5mha7bycj.cloudfront.net/product-image/file/large_e3b2d39c-96b7-4f2e-af88-07e8010c25ee.png,"
CVS®,Celery,$2.19,,,,[],Many in stock,"https://www.instacart.com/image-server/197x197/filters:fill(FFF,true):format(jpg)/d2lnr5mha7bycj.cloudfront.net/product-image/file/large_0b924f1d-729c-4bfe-8eae-2214794f88a9.png,"
CVS®,Yellow Bell Pepper,$2.19,,,,[],Many in stock,"https://www.instacart.com/image-server/197x197/filters:fill(FFF,true):format(jpg)/d2lnr5mha7bycj.cloudfront.net/product-image/file/large_78aa76d4-8a73-4ef8-97a8-65f85ee07eb0.png,"
CVS®,Iceberg Lettuce,$3.29,,,1 each,[],Many in stock,"https://www.instacart.com/image-server/197x197/filters:fill(FFF,true):format(jpg)/d2lnr5mha7bycj.cloudfront.net/product-image/file/large_cd079400-945a-4f3e-88df-2d16e62e3fd9.png,"
CVS®,Original price: $4.08,$2.72,each (est.),$2.19 / lb,About 1.24 lb each,[],,"https://www.instacart.com/image-server/197x197/filters:fill(FFF,true):format(jpg)/d2lnr5mha7bycj.cloudfront.net/product-image/file/large_e0b32dd8-eb48-47ed-8ae0-11ef70c2d941.png,"
CVS®,Original price: $1.45,$0.96,each (est.),$2.19 / lb,About 0.44 lb each,[],,"https://www.instacart.com/image-server/197x197/filters:fill(FFF,true):format(jpg)/d2lnr5mha7bycj.cloudfront.net/product-image/file/large_769be227-b5e8-45f7-a480-f743dfd0fa21.png,"
CVS®,Italian Parsley,$1.09,,,1 bunch,[],Many in stock,"https://www.instacart.com/image-server/197x197/filters:fill(FFF,true):format(jpg)/d2lnr5mha7bycj.cloudfront.net/product-image/file/large_db157679-f2af-48cd-b00f-93eb137af83a.png,"
CVS®,Organic Zucchini Squash,$0.92,each (est.),$2.19 / lb,About 0.42 lb each,"['Organic', 'Non-GMO']",,"https://www.instacart.com/image-server/197x197/filters:fill(FFF,true):format(jpg)/d2lnr5mha7bycj.cloudfront.net/product-image/file/large_76faabe6-f3cd-4db1-bec7-b322e6b4048b.png,"
CVS®,Original price: $5.39,$4.29,,,5 lb bag,[],Many in stock,"https://www.instacart.com/image-server/197x197/filters:fill(FFF,true):format(jpg)/d2lnr5mha7bycj.cloudfront.net/product-image/file/large_8cc2d2fe-81fb-44f8-bae6-035c24a237ee.png,"
CVS®,Original price: $4.69,$3.62,each (est.),$1.69 / lb,About 2.14 lb each,[],,"https://www.instacart.com/image-server/197x197/filters:fill(FFF,true):format(jpg)/d2lnr5mha7bycj.cloudfront.net/product-image/file/large_fbb20e19-c221-4cf9-b53f-1e771f08fd3d.png,"
CVS®,Fresh Express Spinach,$2.69,,,8 oz,['Non-GMO'],Many in stock,"https://www.instacart.com/image-server/197x197/filters:fill(FFF,true):format(jpg)/d2lnr5mha7bycj.cloudfront.net/product-image/file/large_1742e3f0-22c9-4221-981d-5c042c9886f2.png,"
CVS®,Original price: $4.29,$3.49,,,"Original price: $4.29
$4.29",[],Many in stock,"https://www.instacart.com/image-server/197x197/filters:fill(FFF,true):format(jpg)/d2lnr5mha7bycj.cloudfront.net/product-image/file/large_4f76192e-c977-452f-a8a0-aee2f7407bf5.png,"
CVS®,Orange Bell Pepper,$2.19,,,,[],,"https://www.instacart.com/image-server/197x197/filters:fill(FFF,true):format(jpg)/d2lnr5mha7bycj.cloudfront.net/product-image/file/large_34ac9d4d-a124-4676-929e-6d87e0c35b98.png,"
CVS®,Original price: $4.29,$2.69,,,5 oz container,['Organic'],,"https://www.instacart.com/image-server/197x197/filters:fill(FFF,true):format(jpg)/d2lnr5mha7bycj.cloudfront.net/product-image/file/large_b3f13c84-388e-412c-bcc2-40be67e8aaf8.png,"
CVS®,Original price: $2.74,$2.11,each (est.),$1.69 / lb,About 1.25 lb each,[],,"https://www.instacart.com/image-server/197x197/filters:fill(FFF,true):format(jpg)/d2lnr5mha7bycj.cloudfront.net/product-image/file/large_dc39db53-0eb7-40bb-b845-6de6b0adf3b2.png,"
CVS®,Salmon Fillet,$12.89,/lb,,/lb,[],,"https://www.instacart.com/image-server/197x197/filters:fill(FFF,true):format(jpg)/d2lnr5mha7bycj.cloudfront.net/product-image/file/large_a9ededa0-70fd-45b5-adbd-3c22e9f2dde2.png,"
CVS®,"Force of Nature Ground Bison, 100% Grass Fed, Regeneratively Sourced",$16.19,,,14 oz,['Grass-Fed'],Many in stock,"https://www.instacart.com/image-server/197x197/filters:fill(FFF,true):format(jpg)/d2lnr5mha7bycj.cloudfront.net/product-image/file/large_26e063bd-d0b8-4f3d-af9b-23c33dfc4401.png,"
CVS®,Original price: $15.09,$9.69,,,10 ct,[],,"https://www.instacart.com/image-server/197x197/filters:fill(FFF,true):format(jpg)/d2lnr5mha7bycj.cloudfront.net/product-image/file/large_3a6fe7de-0eb0-4cc2-ab49-ad4ca8c21591.jpg,"
CVS®,Original price: $6.99,$5.69,/lb,,"/lb
Original price: $6.99
$6.99",[],,"https://www.instacart.com/image-server/197x197/filters:fill(FFF,true):format(jpg)/d2lnr5mha7bycj.cloudfront.net/product-image/file/large_bc85b660-c034-4ca6-b493-c0790102ec76.png,"
CVS®,Red Onion,$1.65,each (est.),$2.19 / lb,About 0.76 lb each,['Vegan'],,"https://www.instacart.com/image-server/197x197/filters:fill(FFF,true):format(jpg)/d2lnr5mha7bycj.cloudfront.net/product-image/file/large_da1a5c21-acb7-4c3b-9e84-684b710c40b2.png,"
CVS®,Fresh Thyme Market Organic Cage Free Medium Brown Eggs,$5.99,,,31.5 oz,"['Cage-Free', 'Organic']",Many in stock,"https://www.instacart.com/image-server/197x197/filters:fill(FFF,true):format(jpg)/d2lnr5mha7bycj.cloudfront.net/product-image/file/large_3ba113c3-2c66-4946-b46e-03a79d81d9f5.png,"
CVS®,Original price: $7.59,$5.99,,,9 oz,['Gluten-Free'],,"https://www.instacart.com/image-server/197x197/filters:fill(FFF,true):format(jpg)/d2lnr5mha7bycj.cloudfront.net/product-image/file/large_6ff7c3bb-2622-4deb-a3b0-5fac924fcfd4.png,"
CVS®,Original price: $6.49,$5.39,,,1 pt,"['Vegan', 'Gluten-Free']",,"https://www.instacart.com/image-server/197x197/filters:fill(FFF,true):format(jpg)/d2lnr5mha7bycj.cloudfront.net/product-image/file/large_83e623fe-b87d-477a-93a6-132abc70d366.png,"
CVS®,Original price: $19.39,$7.59,/lb,,"/lb
Original price: $19.39
$19.39",[],Many in stock,"https://www.instacart.com/image-server/197x197/filters:fill(FFF,true):format(jpg)/d2lnr5mha7bycj.cloudfront.net/product-image/file/large_4fe9e0bd-1bdc-4d00-97ba-603177d33211.png,"
CVS®,Fresh Thyme Market 4-Cheese Mexican Blend,$3.79,,,8 oz,[],,"https://www.instacart.com/image-server/197x197/filters:fill(FFF,true):format(jpg)/d2lnr5mha7bycj.cloudfront.net/product-image/file/large_982358fb-d1b4-427e-b46c-b203f3f1cbd3.png,"
CVS®,Fresh Thyme Market Purified Drinking Water,$4.29,,,24 each,[],,"https://www.instacart.com/image-server/197x197/filters:fill(FFF,true):format(jpg)/d2lnr5mha7bycj.cloudfront.net/product-image/file/large_c802c320-7462-4eab-88c5-10d53e0b3dd4.png,"
CVS®,Original price: $7.59,$5.99,,,12 oz,['Vegan'],,"https://www.instacart.com/image-server/197x197/filters:fill(FFF,true):format(jpg)/d2lnr5mha7bycj.cloudfront.net/product-image/file/large_d989e6ef-9941-4333-9f3b-0335aee89800.png,"
CVS®,Good Foods Avocado Mash with Sea Salt & Black Pepper,$6.49,,,8 oz,['Vegan'],,"https://www.instacart.com/image-server/197x197/filters:fill(FFF,true):format(jpg)/d2lnr5mha7bycj.cloudfront.net/product-image/file/large_aed4467d-83a2-48f8-9da1-a10e9097ee9c.jpg,"
CVS®,Fresh Thyme Market Fresh Thyme Sourdough Bread,$4.29,,,16 oz,[],Many in stock,"https://www.instacart.com/image-server/197x197/filters:fill(FFF,true):format(jpg)/d2lnr5mha7bycj.cloudfront.net/product-image/file/large_5086ddb1-3c47-428a-9704-d6aaad9afb3a.png,"
CVS®,Organic Boneless Skinless Chicken Breast,$9.69,/lb,,/lb,"['Organic', 'Breast']",Likely out of stock,"https://www.instacart.com/image-server/197x197/filters:fill(FFF,true):format(jpg)/d2lnr5mha7bycj.cloudfront.net/product-image/file/large_1b4685a0-710c-44c8-9b8e-f3248b749293.png,"
CVS®,Traditional Medicinals Organic Peppermint Caffeine Free Herbal Teas,$6.19,,,16 ct,[],,"https://www.instacart.com/image-server/197x197/filters:fill(FFF,true):format(jpg)/d2lnr5mha7bycj.cloudfront.net/product-image/file/large_16c44456-49a1-4fb1-b70b-eed3ace84f22.jpg,"
CVS®,Genexa Kids' Cold Crush,$16.19,,,60 ct,[],,"https://www.instacart.com/image-server/197x197/filters:fill(FFF,true):format(jpg)/d2lnr5mha7bycj.cloudfront.net/product-image/file/large_2759d31a-e892-481c-80a3-54e2f56c98cb.jpg,"
CVS®,"Thomas Farms Organic Grass Fed Ground Beef, 93% Lean 7% Fat",$8.99,,,16 oz,"['Organic', 'Grass-Fed']",,"https://www.instacart.com/image-server/197x197/filters:fill(FFF,true):format(jpg)/d2lnr5mha7bycj.cloudfront.net/product-image/file/large_d9bde381-59eb-405b-b809-07759b7ba8cb.jpg,"
CVS®,Yukon Gold Potato,$0.49,each (est.),$1.09 / lb,About 0.45 lb each,[],,"https://www.instacart.com/image-server/197x197/filters:fill(FFF,true):format(jpg)/d2lnr5mha7bycj.cloudfront.net/product-image/file/large_f92ea462-05af-48b5-858b-fd797f9cbe0c.png,"
CVS®,JonnyPops Organic Cotton Candy Cloud,$6.69,,,8 x 14.8 oz,"['Gluten-Free', 'Vegan']",,"https://www.instacart.com/image-server/197x197/filters:fill(FFF,true):format(jpg)/d2lnr5mha7bycj.cloudfront.net/product-image/file/large_d35786cc-0111-4cc0-9b84-b34ea1752f9c.jpg,"
CVS®,"Good Foods Guacamole, Traditional, Chunky, 4 Pack",$6.49,,,4 each,['Vegan'],Many in stock,"https://www.instacart.com/image-server/197x197/filters:fill(FFF,true):format(jpg)/d2lnr5mha7bycj.cloudfront.net/product-image/file/large_0df07909-4c21-4556-8754-9f11c2c5fce8.jpg,"
CVS®,"Evergreen Peanut Butter Banana Bread, Frozen, Mini Waffles",$6.99,,,9 x 9 oz,[],,"https://www.instacart.com/image-server/197x197/filters:fill(FFF,true):format(jpg)/d2lnr5mha7bycj.cloudfront.net/product-image/file/large_35923080-b1cf-4f05-8f71-08f2067d5965.png,"
CVS®,Boneless New York Strip Steak,$13.18,/pkg (est.),$17.19 / lb,About 0.77 lb / package,['Strip Steak'],,"https://www.instacart.com/image-server/197x197/filters:fill(FFF,true):format(jpg)/d2lnr5mha7bycj.cloudfront.net/product-image/file/large_e9247d5d-9441-468f-ad43-d8be64136216.png,"
CVS®,Original price: $7.59,$6.99,,,8 fl oz,['Organic'],Many in stock,"https://www.instacart.com/image-server/197x197/filters:fill(FFF,true):format(jpg)/d2lnr5mha7bycj.cloudfront.net/product-image/file/large_4728deb7-c239-4e2a-af9f-08c8a09725f9.png,"
CVS®,Fresh Thyme Market Heavy Whipping Cream,$2.69,,,8 fl oz,[],,"https://www.instacart.com/image-server/197x197/filters:fill(FFF,true):format(jpg)/d2lnr5mha7bycj.cloudfront.net/product-image/file/large_98222b3e-909e-4cc0-9ac8-dda207f2b267.png,"
CVS®,Original price: $6.49,$5.39,,,16 oz,['Organic'],,"https://www.instacart.com/image-server/197x197/filters:fill(FFF,true):format(jpg)/d2lnr5mha7bycj.cloudfront.net/product-image/file/large_06e4d25b-9b9a-44c1-8034-61a2b267daed.png,"
CVS®,Original price: $4.29,$3.79,,,12 fl oz,[],,"https://www.instacart.com/image-server/197x197/filters:fill(FFF,true):format(jpg)/d2lnr5mha7bycj.cloudfront.net/product-image/file/large_25b58024-1322-4fe4-8aa1-b483ad92c56e.png,"
CVS®,Original price: $14.59,$11.89,/lb,,$0.74/oz,[],,"https://www.instacart.com/image-server/197x197/filters:fill(FFF,true):format(jpg)/d2lnr5mha7bycj.cloudfront.net/product-image/file/large_679bec29-8e3e-47ca-95ea-13eef26fcc4f.png,"
CVS®,Cedar's Foods Topped Organic Hot Honey Hommus,$4.99,,,10 oz,['Vegan'],Many in stock,"https://www.instacart.com/image-server/197x197/filters:fill(FFF,true):format(jpg)/d2lnr5mha7bycj.cloudfront.net/product-image/file/large_13b390f7-59d2-47a4-b19a-2427fd203a58.jpg,"
CVS®,"OLIPOP Prebiotic Soda, Ginger Ale",$2.69,,,12 fl oz,[],,"https://www.instacart.com/image-server/197x197/filters:fill(FFF,true):format(jpg)/d2lnr5mha7bycj.cloudfront.net/product-image/file/large_cc890951-2996-44de-a4e2-f71bd76e2070.png,"
CVS®,"Cure Watermelon, Electrolyte Hydration, Vegan, Drink Mix Powder",$17.19,,,8 ct,[],,"https://www.instacart.com/image-server/197x197/filters:fill(FFF,true):format(jpg)/d2lnr5mha7bycj.cloudfront.net/product-image/file/large_ea8bc2a7-64bf-481a-b2c2-b0b7ef09aa18.jpg,"
CVS®,Original price: $6.49,$5.39,,,8 oz,['Vegan'],,"https://www.instacart.com/image-server/197x197/filters:fill(FFF,true):format(jpg)/d2lnr5mha7bycj.cloudfront.net/product-image/file/large_db6c53f8-f868-4a60-981a-b78b3d9d8556.png,"
CVS®,Original price: $3.99,$3.79,,,52 fl oz,[],,"https://www.instacart.com/image-server/197x197/filters:fill(FFF,true):format(jpg)/d2lnr5mha7bycj.cloudfront.net/product-image/file/large_961a36c7-0fb9-46bf-8f41-6f930e6b4432.png,"
CVS®,Fresh Thyme Market Organic Tofu - Extra Firm,$2.69,,,12 oz,[],,"https://www.instacart.com/image-server/197x197/filters:fill(FFF,true):format(jpg)/d2lnr5mha7bycj.cloudfront.net/product-image/file/large_17157139-9179-4737-9782-3d55b1efdbf7.png,"
CVS®,Kerrygold Grass-Fed Salted Butter Sticks,$5.19,,,8 oz,['Grass-Fed'],Many in stock,"https://www.instacart.com/image-server/197x197/filters:fill(FFF,true):format(jpg)/d2lnr5mha7bycj.cloudfront.net/product-image/file/large_66e3be6a-01a7-465e-a4b1-75c48361c265.png,"
CVS®,wildwonder Strawberry Passion Sparkling Prebiotic + Probiotic Drink,$3.79,,,12 fl oz,['Organic'],,"https://www.instacart.com/image-server/197x197/filters:fill(FFF,true):format(jpg)/d2lnr5mha7bycj.cloudfront.net/product-image/file/large_b6b3aa1b-5bd8-4a2d-8b6a-8b9d6a267cf7.png,"
CVS®,Fresh Thyme Market Spring Water 24Pk,$4.29,,,405.6 fl oz,[],Many in stock,"https://www.instacart.com/image-server/197x197/filters:fill(FFF,true):format(jpg)/d2lnr5mha7bycj.cloudfront.net/product-image/file/large_110fa4d3-311c-40e9-9e4b-0158bd83cd66.png,"
CVS®,Fresh Thyme Market Edamame Shelled,$3.29,,,12 oz,[],,"https://www.instacart.com/image-server/197x197/filters:fill(FFF,true):format(jpg)/d2lnr5mha7bycj.cloudfront.net/product-image/file/large_6406df0d-eaff-48ab-9a3c-73030cd38599.png,"
CVS®,Fresh Thyme Market UHT Pasteurized Half & Half,$3.79,,,32 fl oz,[],Many in stock,"https://www.instacart.com/image-server/197x197/filters:fill(FFF,true):format(jpg)/d2lnr5mha7bycj.cloudfront.net/product-image/file/large_6b086267-ae7c-4be0-b0bb-a46b6c6b2814.png,"
CVS®,Original price: $2.69,$2.19,,,12 fl oz,[],,"https://www.instacart.com/image-server/197x197/filters:fill(FFF,true):format(jpg)/d2lnr5mha7bycj.cloudfront.net/product-image/file/large_7b445b17-9e64-477f-8259-eebcdcaf288f.jpg,"
CVS®,Chubby Snacks Peanut Butter & Grape Jam,$10.79,,,4 x 10.6 oz,[],,"https://www.instacart.com/image-server/197x197/filters:fill(FFF,true):format(jpg)/d2lnr5mha7bycj.cloudfront.net/product-image/file/large_c3cacd48-4f30-4098-8d97-521f94cdc1df.png,"
CVS®,"Love Beets Baby Beets, Organic Classic Vinegar, Marinated",$4.29,,,6.5 oz,[],Many in stock,"https://www.instacart.com/image-server/197x197/filters:fill(FFF,true):format(jpg)/d2lnr5mha7bycj.cloudfront.net/product-image/file/large_2cf09007-d920-4d81-840f-e54d8980171e.png,"
CVS®,Applegate Naturals Chicken & Maple Breakfast Sausage Links 7oz,$6.49,,,7 oz,['Gluten-Free'],,"https://www.instacart.com/image-server/197x197/filters:fill(FFF,true):format(jpg)/d2lnr5mha7bycj.cloudfront.net/product-image/file/large_363264fd-3427-4908-93fb-b073525c6522.png,"
CVS®,Stonyfield Organic Lowfat Yogurt Smoothies Strawberry Banana 3. Oz.,$5.99,,,6 x 3.1 fl oz,['Organic'],Many in stock,"https://www.instacart.com/image-server/197x197/filters:fill(FFF,true):format(jpg)/d2lnr5mha7bycj.cloudfront.net/product-image/file/large_828aecd4-4cc3-4bb6-9c07-676f08355c46.jpg,"
CVS®,Original price: $2.69,$2.49,,,18 fl oz,[],Many in stock,"https://www.instacart.com/image-server/197x197/filters:fill(FFF,true):format(jpg)/d2lnr5mha7bycj.cloudfront.net/product-image/file/large_a2c91470-59cf-4ffc-8fa5-7142d93de32c.png,"
CVS®,Original price: $8.09,$5.99,,,4.5 oz,['Gluten-Free'],,"https://www.instacart.com/image-server/197x197/filters:fill(FFF,true):format(jpg)/d2lnr5mha7bycj.cloudfront.net/product-image/file/large_af4af01a-307f-4426-95c3-8e1dec2920db.png,"
CVS®,Good Foods Plant Based Queso Style Dip,$7.59,,,8 oz,['Vegan'],Many in stock,"https://www.instacart.com/image-server/197x197/filters:fill(FFF,true):format(jpg)/d2lnr5mha7bycj.cloudfront.net/product-image/file/large_0d4b6f7d-a695-4971-a7b3-930c0055c86d.jpg,"
CVS®,MALK Unsweetened Almond,$6.49,,,28 fl oz,"['Organic', 'Vegan']",,"https://www.instacart.com/image-server/197x197/filters:fill(FFF,true):format(jpg)/d2lnr5mha7bycj.cloudfront.net/product-image/file/large_18696036-c739-4e61-b86d-f3b8a97ba554.png,"
CVS®,"Dave's Killer Bread White Bread Done Right, Artisan-Style Organic White Bread, 24 oz Loaf",$8.09,,,24 oz,"['Organic', 'Vegan']",,"https://www.instacart.com/image-server/197x197/filters:fill(FFF,true):format(jpg)/d2lnr5mha7bycj.cloudfront.net/product-image/file/large_f6d74d63-a15f-4b28-8e33-514b8e237bfe.png,"
CVS®,"Tru Fru Bananas, Peanut Butter",$8.59,,,8 oz,['Gluten-Free'],,"https://www.instacart.com/image-server/197x197/filters:fill(FFF,true):format(jpg)/d2lnr5mha7bycj.cloudfront.net/product-image/file/large_e832cad5-4608-4e8c-9103-beadcefc3b07.png,"
CVS®,"OLIPOP Prebiotic Soda, Cherry Cola",$10.29,,,4 x 12 fl oz,[],,"https://www.instacart.com/image-server/197x197/filters:fill(FFF,true):format(jpg)/d2lnr5mha7bycj.cloudfront.net/product-image/file/large_23635122-7c92-404f-8319-be7f9d321665.png,"
CVS®,Canyon Bakehouse Gluten Free Sliced Mountain White Bread,$8.59,,,18 oz,['Gluten-Free'],,"https://www.instacart.com/image-server/197x197/filters:fill(FFF,true):format(jpg)/d2lnr5mha7bycj.cloudfront.net/product-image/file/large_38f08dcc-6bcd-41f8-8faf-270261dff83c.png,"
CVS®,Original price: $4.29,$3.29,,,6.5 fl oz,[],,"https://www.instacart.com/image-server/197x197/filters:fill(FFF,true):format(jpg)/d2lnr5mha7bycj.cloudfront.net/product-image/file/large_b6b5bfa1-2b26-4793-9b2d-a7eb88699bec.jpg,"
CVS®,Original price: $5.39,$3.49,,,20 x 9 in,[],,"https://www.instacart.com/image-server/197x197/filters:fill(FFF,true):format(jpg)/d2lnr5mha7bycj.cloudfront.net/product-image/file/large_2ce63c32-396c-4606-8df0-9ab20b495b48.png,"
CVS®,"Glad Tall Kitchen Bags, Drawstring, Original Scent, 13 Gallon",$13.99,,,40 x 14 gal,[],,"https://www.instacart.com/image-server/197x197/filters:fill(FFF,true):format(jpg)/d2lnr5mha7bycj.cloudfront.net/product-image/file/large_3e6bbc47-fc44-4a41-bd33-d89369e2a34f.jpg,"
CVS®,"Alexia Fries, Organic",$7.59,,,15 oz,['Vegan'],,"https://www.instacart.com/image-server/197x197/filters:fill(FFF,true):format(jpg)/d2lnr5mha7bycj.cloudfront.net/product-image/file/large_bbfdb9a2-2cb9-43dd-9049-bda2ee97d71e.png,"
CVS®,"Dave's Killer Bread Plain Awesome Bagels, Organic Bagels, 13g Whole Grains per Bagel, 5 Count",$6.99,,,5 ct,[],,"https://www.instacart.com/image-server/197x197/filters:fill(FFF,true):format(jpg)/d2lnr5mha7bycj.cloudfront.net/product-image/file/large_4fa3e6dd-ed66-425e-a805-bb197e4ee397.png,"
CVS®,Original price: $13.99,$8.39,,,17 fl oz,['Organic'],,"https://www.instacart.com/image-server/197x197/filters:fill(FFF,true):format(jpg)/d2lnr5mha7bycj.cloudfront.net/product-image/file/large_c4fb8b5f-c9cc-4632-90c0-5323c57784df.png,"
CVS®,Original price: $5.39,$4.89,,,0.81 oz,[],,"https://www.instacart.com/image-server/197x197/filters:fill(FFF,true):format(jpg)/d2lnr5mha7bycj.cloudfront.net/product-image/file/large_d8714267-b878-4e7e-827e-ff06f2e6deeb.png,"
CVS®,"Dave's Killer Bread 21 Whole Grains & Seeds Thin-Sliced, Whole Grain Organic Bread, 20.5 oz Loaf",$6.69,,,20.5 oz,"['Organic', 'Vegan']",,"https://www.instacart.com/image-server/197x197/filters:fill(FFF,true):format(jpg)/d2lnr5mha7bycj.cloudfront.net/product-image/file/large_ad536ffb-c1b2-4fa2-8e07-518440f595e9.png,"
CVS®,Original price: $6.49,$5.69,,,14 oz,['Vegan'],Many in stock,"https://www.instacart.com/image-server/197x197/filters:fill(FFF,true):format(jpg)/d2lnr5mha7bycj.cloudfront.net/product-image/file/large_7a9b9dd5-992c-4c9d-9bd0-a153eb0f1941.jpg,"
CVS®,"Dave's Killer Bread Killer Classic English Muffins, Organic English Muffins, 6 Count",$7.59,,,6 ct,[],,"https://www.instacart.com/image-server/197x197/filters:fill(FFF,true):format(jpg)/d2lnr5mha7bycj.cloudfront.net/product-image/file/large_2b748472-26c2-4d4e-a59d-016576f67c34.png,"
CVS®,"OWYN Protein Shake, Cookies & Creamless, 4 Pack",$11.89,,,4 each,[],,"https://www.instacart.com/image-server/197x197/filters:fill(FFF,true):format(jpg)/d2lnr5mha7bycj.cloudfront.net/product-image/file/large_c6a8ec05-70dc-4541-b32f-97f80cf7b8f9.png,"
CVS®,Original price: $3.59,$2.99,,,13.66 fl oz,[],,"https://www.instacart.com/image-server/197x197/filters:fill(FFF,true):format(jpg)/d2lnr5mha7bycj.cloudfront.net/product-image/file/large_e5ef2e34-3120-43cf-8a58-5cdd64343c76.jpg,"
CVS®,"Sun Chips Flavored Whole Grain Snacks, Garden Salsa",$5.19,,,7 oz,[],,"https://www.instacart.com/image-server/197x197/filters:fill(FFF,true):format(jpg)/d2lnr5mha7bycj.cloudfront.net/product-image/file/large_82af7078-e59f-46bd-9279-446717d3c053.png,"
CVS®,Pirate's Booty Aged White Cheddar,$8.59,,,6 each,['Gluten-Free'],,"https://www.instacart.com/image-server/197x197/filters:fill(FFF,true):format(jpg)/d2lnr5mha7bycj.cloudfront.net/product-image/file/large_66823a5a-1bdd-411c-b5d8-cf788ccb9a91.png,"
CVS®,Nature's Bakery Whole Wheat Raspberry Fig Bar,$6.99,,,6 x 2 oz,['Vegan'],,"https://www.instacart.com/image-server/197x197/filters:fill(FFF,true):format(jpg)/d2lnr5mha7bycj.cloudfront.net/product-image/file/large_c8f55a6c-cf1f-4cb6-b2f6-b1676b313413.png,"
CVS®,Albanese 12 Flavor Gummi Bears,$4.29,,,9 oz,"['Gluten-Free', 'Fat-Free']",,"https://www.instacart.com/image-server/197x197/filters:fill(FFF,true):format(jpg)/d2lnr5mha7bycj.cloudfront.net/product-image/file/large_8128cde3-33b4-4909-9698-c236b9762c37.jpg,"
CVS®,Ritz Fresh Stacks Original Crackers,$5.39,,,8 x 1.48 oz,[],,"https://www.instacart.com/image-server/197x197/filters:fill(FFF,true):format(jpg)/d2lnr5mha7bycj.cloudfront.net/product-image/file/large_2f87bf55-29b3-44fc-a625-f37c626ab5b2.jpg,"
CVS®,Chomps Grass-Fed Original Beef Stick,$2.69,,,1.15 oz,"['Gluten-Free', 'Keto']",,"https://www.instacart.com/image-server/197x197/filters:fill(FFF,true):format(jpg)/d2lnr5mha7bycj.cloudfront.net/product-image/file/large_2d6251ee-b288-45e9-b7a1-0a2fc787e1e7.JPG,"
CVS®,Original price: $6.09,$4.39,,,5 oz,"['Gluten-Free', 'Vegan']",,"https://www.instacart.com/image-server/197x197/filters:fill(FFF,true):format(jpg)/d2lnr5mha7bycj.cloudfront.net/product-image/file/large_609a3a73-286a-40b0-9e17-fd3086cf028a.png,"
CVS®,Original price: $6.19,$5.39,,,9 ct,"['Organic', 'Gluten-Free']",,"https://www.instacart.com/image-server/197x197/filters:fill(FFF,true):format(jpg)/d2lnr5mha7bycj.cloudfront.net/product-image/file/large_9bc571ed-d56c-4f67-828d-b99621717e65.jpg,"
CVS®,Boulder Canyon Avocado Oil Classic Sea Salt Kettle Style Potato Chips,$4.59,,,5.25 oz,"['Gluten-Free', 'Vegan']",,"https://www.instacart.com/image-server/197x197/filters:fill(FFF,true):format(jpg)/d2lnr5mha7bycj.cloudfront.net/product-image/file/large_2576b193-8ffb-499c-b1b6-de47617570a6.png,"
CVS®,"LesserEvil Organic Popcorn, White Cheddar",$4.69,,,4.6 oz,"['Organic', 'Gluten-Free']",,"https://www.instacart.com/image-server/197x197/filters:fill(FFF,true):format(jpg)/d2lnr5mha7bycj.cloudfront.net/product-image/file/large_e630770c-cd3e-4bb6-8afb-60f5f87954c0.png,"
CVS®,"LesserEvil Organic Popcorn, Himalayan Pink Salt",$4.69,,,4.6 oz,"['Organic', 'Gluten-Free']",,"https://www.instacart.com/image-server/197x197/filters:fill(FFF,true):format(jpg)/d2lnr5mha7bycj.cloudfront.net/product-image/file/large_ea9b59ef-cff6-4da8-81dd-cc0f9f291853.png,"
CVS®,"Hu Gems, Organic, Dark Chocolate, Snacking & Baking",$10.79,,,9 oz,"['Gluten-Free', 'Organic']",Many in stock,"https://www.instacart.com/image-server/197x197/filters:fill(FFF,true):format(jpg)/d2lnr5mha7bycj.cloudfront.net/product-image/file/large_23da0646-6028-47d4-8233-b4a28358cc88.png,"
CVS®,Original price: $6.19,$4.29,,,4 oz,"['Gluten-Free', 'Organic']",,"https://www.instacart.com/image-server/197x197/filters:fill(FFF,true):format(jpg)/d2lnr5mha7bycj.cloudfront.net/product-image/file/large_6f0c515c-34c5-404c-a704-344417e6c4f7.png,"
CVS®,Original price: $7.99,$6.49,,,24 oz,[],Many in stock,"https://www.instacart.com/image-server/197x197/filters:fill(FFF,true):format(jpg)/d2lnr5mha7bycj.cloudfront.net/product-image/file/large_a0216c6f-8d1d-4125-9d4c-8a7e364ff569.png,"
CVS®,Original price: $3.29,$2.69,,,3 oz,['Gluten-Free'],,"https://www.instacart.com/image-server/197x197/filters:fill(FFF,true):format(jpg)/d2lnr5mha7bycj.cloudfront.net/product-image/file/large_15a581ea-bc80-40a3-9b76-da0321e56144.png,"
CVS®,"Goodie Girl Cookies, Fudge Striped",$7.59,,,7 oz,['Gluten-Free'],Many in stock,"https://www.instacart.com/image-server/197x197/filters:fill(FFF,true):format(jpg)/d2lnr5mha7bycj.cloudfront.net/product-image/file/large_5ef76565-3cdc-4bd6-a5a7-4e4e9a4a2be9.png,"
CVS®,"Cheez-It Cheese Crackers, Baked Snack Crackers, Lunch Snacks, Original",$5.09,,,12.4 oz,['Light Sodium'],,"https://www.instacart.com/image-server/197x197/filters:fill(FFF,true):format(jpg)/d2lnr5mha7bycj.cloudfront.net/product-image/file/large_54e48933-be19-4482-b14d-66e763289e24.jpg,"
CVS®,Cheetos Simply Puffs White Cheddar Cheese Flavored Snacks,$4.89,,,8 oz,[],,"https://www.instacart.com/image-server/197x197/filters:fill(FFF,true):format(jpg)/d2lnr5mha7bycj.cloudfront.net/product-image/file/large_6bac7465-47d9-4541-9a42-f79c6f47353c.png,"
CVS®,"Xochitl Corn Chips, White, Sea Salt, Mexican Style",$4.99,,,12 oz,"['Gluten-Free', 'Vegan']",,"https://www.instacart.com/image-server/197x197/filters:fill(FFF,true):format(jpg)/d2lnr5mha7bycj.cloudfront.net/product-image/file/large_89812654-ed9f-49f3-a754-f012d32a150e.png,"
CVS®,"GoMacro MacroBars, Chocolate Chip Cookie Dough",$8.59,,,7 x 0.9 oz,"['Vegan', 'Organic']",,"https://www.instacart.com/image-server/197x197/filters:fill(FFF,true):format(jpg)/d2lnr5mha7bycj.cloudfront.net/product-image/file/large_b487c4b8-f2d0-4fa3-898f-8e4436a6da72.png,"
CVS®,Original price: $2.89,$2.69,,,4.22 oz,"['Vegan', 'Organic']",,"https://www.instacart.com/image-server/197x197/filters:fill(FFF,true):format(jpg)/d2lnr5mha7bycj.cloudfront.net/product-image/file/large_df026bfc-bd3d-4153-800c-01ee69d72f9b.jpg,"
CVS®,Original price: $5.39,$4.29,,,5 x 1.3 oz,"['Vegan', 'Gluten-Free']",,"https://www.instacart.com/image-server/197x197/filters:fill(FFF,true):format(jpg)/d2lnr5mha7bycj.cloudfront.net/product-image/file/large_d627e63d-56fe-4421-ac7a-55d7663e074a.png,"
CVS®,Original price: $4.29,$3.29,,,4 oz,"['Gluten-Free', 'Vegan']",,"https://www.instacart.com/image-server/197x197/filters:fill(FFF,true):format(jpg)/d2lnr5mha7bycj.cloudfront.net/product-image/file/large_89330219-ec9f-4050-826c-3ab45bf4dd1e.png,"
CVS®,Original price: $6.99,$4.89,,,5.5 oz,"['Gluten-Free', 'Vegan']",,"https://www.instacart.com/image-server/197x197/filters:fill(FFF,true):format(jpg)/d2lnr5mha7bycj.cloudfront.net/product-image/file/large_7dbf7608-e866-4090-9779-b2a7909b33ad.jpg,"
CVS®,Boulder Canyon Cheddar Sour Cream Thin & Crispy Chip,$4.59,,,6 oz,['Gluten-Free'],Many in stock,"https://www.instacart.com/image-server/197x197/filters:fill(FFF,true):format(jpg)/d2lnr5mha7bycj.cloudfront.net/product-image/file/large_77bf3dc9-28fb-486a-9180-777be7892dd6.png,"
CVS®,Original price: $4.69,$3.79,,,16 oz,"['No Sugar Added', 'Vegan']",,"https://www.instacart.com/image-server/197x197/filters:fill(FFF,true):format(jpg)/d2lnr5mha7bycj.cloudfront.net/product-image/file/large_7c19a417-aaba-4f5f-a466-f5d97256aa3e.jpg,"
CVS®,Original price: $7.59,$4.39,,,7 oz,"['Gluten-Free', 'Organic']",,"https://www.instacart.com/image-server/197x197/filters:fill(FFF,true):format(jpg)/d2lnr5mha7bycj.cloudfront.net/product-image/file/large_91ba6c9c-2ea5-4f46-baee-1db5a04fe0fc.png,"
CVS®,"GoMacro MacroBar, Oatmeal Chocolate Chip Cookie",$8.59,,,7 x 0.9 oz,"['Vegan', 'Organic']",,"https://www.instacart.com/image-server/197x197/filters:fill(FFF,true):format(jpg)/d2lnr5mha7bycj.cloudfront.net/product-image/file/large_1d2de2aa-2739-4e8b-8b73-acaf4b1749f1.png,"
CVS®,Original price: $8.59,$5.39,,,2.5 oz,"['Gluten-Free', 'Grass-Fed']",,"https://www.instacart.com/image-server/197x197/filters:fill(FFF,true):format(jpg)/d2lnr5mha7bycj.cloudfront.net/product-image/file/large_a995bc58-f67b-4230-b2b6-cb80e6af7ce7.png,"
CVS®,Original price: $4.09,$3.79,,,5 oz,"['Gluten-Free', 'Vegan']",,"https://www.instacart.com/image-server/197x197/filters:fill(FFF,true):format(jpg)/d2lnr5mha7bycj.cloudfront.net/product-image/file/large_87b35609-f3d5-4c4b-9f2f-059291f9da29.jpg,"
CVS®,Original price: $2.69,$2.19,,,1.2 oz,"['Vegan', 'Gluten-Free']",,"https://www.instacart.com/image-server/197x197/filters:fill(FFF,true):format(jpg)/d2lnr5mha7bycj.cloudfront.net/product-image/file/large_9cf4362d-4b1e-4520-836b-4c8e10f05035.jpg,"
CVS®,Beyond Good 80% Pure Dark Chocolate,$4.89,,,2.64 oz,"['Gluten-Free', 'Organic']",Many in stock,"https://www.instacart.com/image-server/197x197/filters:fill(FFF,true):format(jpg)/d2lnr5mha7bycj.cloudfront.net/product-image/file/large_89b69a87-ed2a-4d20-aed0-226c10875cad.png,"
CVS®,Original price: $3.29,$2.69,,,5 oz,[],Many in stock,"https://www.instacart.com/image-server/197x197/filters:fill(FFF,true):format(jpg)/d2lnr5mha7bycj.cloudfront.net/product-image/file/large_85cb5db9-a493-414b-a81e-61959a1b8c8d.png,"
CVS®,"GoMacro MacroBar, Oatmeal Chocolate Chip",$11.89,,,4 x 2.3 oz,"['Vegan', 'Organic']",,"https://www.instacart.com/image-server/197x197/filters:fill(FFF,true):format(jpg)/d2lnr5mha7bycj.cloudfront.net/product-image/file/large_bd02eee4-882c-4fbe-bb42-600a48e6fb16.png,"
CVS®,Original price: $5.39,$3.79,,,7.5 oz,['Organic'],,"https://www.instacart.com/image-server/197x197/filters:fill(FFF,true):format(jpg)/d2lnr5mha7bycj.cloudfront.net/product-image/file/large_b5945e01-8266-496f-b9f3-fbdbdbbbf870.png,"
CVS®,"Cheez-It Cheese Crackers, Baked Snack Crackers, Lunch Snacks, Extra Toasty",$5.09,,,12.4 oz,[],,"https://www.instacart.com/image-server/197x197/filters:fill(FFF,true):format(jpg)/d2lnr5mha7bycj.cloudfront.net/product-image/file/large_46f01836-f601-4066-800b-e17d8ea574f7.jpg,"
CVS®,"Endangered Species Chocolate, Extreme Dark, 88% Cocoa",$3.79,,,3 oz,"['Gluten-Free', 'Vegan']",,"https://www.instacart.com/image-server/197x197/filters:fill(FFF,true):format(jpg)/d2lnr5mha7bycj.cloudfront.net/product-image/file/large_f099b984-1a66-44c5-9987-b86c803b6425.png,"
CVS®,Original price: $5.39,$4.89,,,4.5 oz,['Gluten-Free'],Many in stock,"https://www.instacart.com/image-server/197x197/filters:fill(FFF,true):format(jpg)/d2lnr5mha7bycj.cloudfront.net/product-image/file/large_ef9ec6f8-470c-4c09-9bcb-806113fd7d70.png,"
CVS®,Original price: $3.29,$2.69,,,6 oz,[],,"https://www.instacart.com/image-server/197x197/filters:fill(FFF,true):format(jpg)/d2lnr5mha7bycj.cloudfront.net/product-image/file/large_8b1c6876-6089-4119-8361-7b2d6e731988.png,"
CVS®,Original price: $7.59,$4.39,,,10 x 0.7 oz,"['Gluten-Free', 'Organic']",,"https://www.instacart.com/image-server/197x197/filters:fill(FFF,true):format(jpg)/d2lnr5mha7bycj.cloudfront.net/product-image/file/large_70781938-3327-4946-9ad2-8110f57c0e95.png,"
CVS®,"Catalina Crunch Chocolate Mint, Keto Sandwich Cookies",$8.59,,,16 ct,"['Vegan', 'Keto']",Many in stock,"https://www.instacart.com/image-server/197x197/filters:fill(FFF,true):format(jpg)/d2lnr5mha7bycj.cloudfront.net/product-image/file/large_469d0b06-b007-4acb-86ce-6006c3b390fa.jpg,"
CVS®,Beyond Good 92% Pure Dark Chocolate,$4.89,,,2.64 oz,"['Gluten-Free', 'Organic']",,"https://www.instacart.com/image-server/197x197/filters:fill(FFF,true):format(jpg)/d2lnr5mha7bycj.cloudfront.net/product-image/file/large_d4bcb402-6d9c-41ee-a9eb-0e37889ef088.png,"
CVS®,Original price: $10.29,$9.49,,,4 x 4.22 oz,"['Vegan', 'Organic']",Many in stock,"https://www.instacart.com/image-server/197x197/filters:fill(FFF,true):format(jpg)/d2lnr5mha7bycj.cloudfront.net/product-image/file/large_bb3a11d6-4bd9-40ba-b6ae-a1cda1bda16b.jpg,"
CVS®,Original price: $17.19,$12.89,,,16 x 0.5 oz,"['Gluten-Free', 'Keto']",,"https://www.instacart.com/image-server/197x197/filters:fill(FFF,true):format(jpg)/d2lnr5mha7bycj.cloudfront.net/product-image/file/large_554079a8-aeec-4e41-9fdd-707c4fa6680b.png,"
CVS®,Original price: $6.99,$5.39,,,4 oz,"['Gluten-Free', 'Vegan']",,"https://www.instacart.com/image-server/197x197/filters:fill(FFF,true):format(jpg)/d2lnr5mha7bycj.cloudfront.net/product-image/file/large_04279f13-101c-4dc2-8fdc-8f2a4cd7fc32.jpg,"
CVS®,Kodiak Cakes S'mores Chewy Bars,$8.59,,,5 x 1.23 oz,[],,"https://www.instacart.com/image-server/197x197/filters:fill(FFF,true):format(jpg)/d2lnr5mha7bycj.cloudfront.net/product-image/file/large_b39ff7dc-2b61-4092-b91b-a8b4dbc4ac28.jpg,"
CVS®,"Justin's Peanut Butter Cups, Organic, Dark Chocolate, Mini",$7.29,,,4.7 oz,"['Gluten-Free', 'Organic']",,"https://www.instacart.com/image-server/197x197/filters:fill(FFF,true):format(jpg)/d2lnr5mha7bycj.cloudfront.net/product-image/file/large_d9e6576b-4bd4-46f1-abef-a4e2d145f4f1.png,"
CVS®,"Goodie Girl Sandwich Cookies, Birthday Cake",$7.59,,,10.6 oz,['Gluten-Free'],Many in stock,"https://www.instacart.com/image-server/197x197/filters:fill(FFF,true):format(jpg)/d2lnr5mha7bycj.cloudfront.net/product-image/file/large_03a2d472-4f1b-40dd-a160-1aa52f40ae11.png,"
CVS®,Original price: $5.99,$4.29,,,6.35 oz,[],,"https://www.instacart.com/image-server/197x197/filters:fill(FFF,true):format(jpg)/d2lnr5mha7bycj.cloudfront.net/product-image/file/large_add1f66c-e154-4890-98c9-a618b6066179.png,"
CVS®,Original price: $7.59,$6.49,,,5.25 oz,['Keto'],,"https://www.instacart.com/image-server/197x197/filters:fill(FFF,true):format(jpg)/d2lnr5mha7bycj.cloudfront.net/product-image/file/large_25529810-e45a-40bc-815c-67575c02cbb1.png,"
CVS®,Original price: $6.99,$5.39,,,3.5 oz,"['Gluten-Free', 'No Sugar Added']",,"https://www.instacart.com/image-server/197x197/filters:fill(FFF,true):format(jpg)/d2lnr5mha7bycj.cloudfront.net/product-image/file/large_f03cd24a-fe19-4964-94e8-49021e826e90.jpg,"
CVS®,"Endangered Species Dark Chocolate, Smooth, 72% Cocoa",$3.79,,,3 oz,"['Gluten-Free', 'Vegan']",,"https://www.instacart.com/image-server/197x197/filters:fill(FFF,true):format(jpg)/d2lnr5mha7bycj.cloudfront.net/product-image/file/large_c546dfc9-14eb-4c7e-aa3c-bbd7b18c847f.png,"
CVS®,"Endangered Species Dark Chocolate, Caramel & Sea Salt, 60% Cocoa",$3.79,,,3 oz,['Gluten-Free'],,"https://www.instacart.com/image-server/197x197/filters:fill(FFF,true):format(jpg)/d2lnr5mha7bycj.cloudfront.net/product-image/file/large_25440cd1-c6e6-4cb6-b898-f22394620115.png,"
CVS®,"Catalina Crunch Chocolate Vanilla, Keto Sandwich Cookies",$8.59,,,6.8 oz,"['Vegan', 'Keto']",Many in stock,"https://www.instacart.com/image-server/197x197/filters:fill(FFF,true):format(jpg)/d2lnr5mha7bycj.cloudfront.net/product-image/file/large_67ea7813-1ae8-4710-8f9c-afc6f156728a.jpg,"
CVS®,Lindt Classic Recipe Milk Chocolate Candy Bar,$4.29,,,4.4 oz,[],,"https://www.instacart.com/image-server/197x197/filters:fill(FFF,true):format(jpg)/d2lnr5mha7bycj.cloudfront.net/product-image/file/large_6905021c-1e44-46f5-93ed-fb71683e697f.jpg,"
CVS®,Kodiak Cakes Chocolate Chip Chewy Bars,$8.59,,,5 x 6.17 oz,[],,"https://www.instacart.com/image-server/197x197/filters:fill(FFF,true):format(jpg)/d2lnr5mha7bycj.cloudfront.net/product-image/file/large_121fef3d-43fb-4915-98f5-d2c99b8519fe.jpg,"
CVS®,"GoMacro MacroBars, Peanut Butter Chocolate Chip",$11.89,,,4 x 2.4 oz,"['Organic', 'Gluten-Free']",,"https://www.instacart.com/image-server/197x197/filters:fill(FFF,true):format(jpg)/d2lnr5mha7bycj.cloudfront.net/product-image/file/large_1491bf7b-e683-4dd9-a402-0963cf6cc8f2.png,"
CVS®,Original price: $2.69,$1.69,,,1.69 oz,"['Vegan', 'Organic']",,"https://www.instacart.com/image-server/197x197/filters:fill(FFF,true):format(jpg)/d2lnr5mha7bycj.cloudfront.net/product-image/file/large_8f416bb1-12a5-42b6-9921-50f38d610073.png,"
CVS®,"Kodiak Cakes Granola Bars, Crunchy, Chocolate Chip",$8.59,,,6 x 1.59 oz,[],,"https://www.instacart.com/image-server/197x197/filters:fill(FFF,true):format(jpg)/d2lnr5mha7bycj.cloudfront.net/product-image/file/large_e8388a0a-b915-4c72-8323-68cd9791137c.png,"
CVS®,Original price: $6.49,$4.89,,,8 x 3.5 oz,"['Gluten-Free', 'Vegan']",,"https://www.instacart.com/image-server/197x197/filters:fill(FFF,true):format(jpg)/d2lnr5mha7bycj.cloudfront.net/product-image/file/large_a8468e40-c10b-4206-a04d-f2077c42185d.png,"
CVS®,"Spry Sugar Free Gum Natural Fruit Flavor with Xylitol, No Aspartame",$10.79,,,100 ct,"['Zero Sugar', 'Gluten-Free']",,"https://www.instacart.com/image-server/197x197/filters:fill(FFF,true):format(jpg)/d2lnr5mha7bycj.cloudfront.net/product-image/file/large_8987ad23-4ccb-4aa9-96c3-c2e8b9c66744.jpg,"
CVS®,"Cerebelly Smart Bars, Apple Kale",$5.69,,,5 x 0.84 oz,"['Vegan', 'Organic']",,"https://www.instacart.com/image-server/197x197/filters:fill(FFF,true):format(jpg)/d2lnr5mha7bycj.cloudfront.net/product-image/file/large_288a2f1a-d9c3-482d-b14d-c4b2328310d2.png,"
CVS®,Feel Good Foods Gluten-Free Chicken Potstickers,$10.79,,,10 oz,['Gluten-Free'],,"https://www.instacart.com/image-server/197x197/filters:fill(FFF,true):format(jpg)/d2lnr5mha7bycj.cloudfront.net/product-image/file/large_69b03113-2bee-499f-a2dc-c63fdaee09d0.png,"
CVS®,"Royal Asia Prawn Dumplings, Dim Sum",$6.49,,,7 ct,[],,"https://www.instacart.com/image-server/197x197/filters:fill(FFF,true):format(jpg)/d2lnr5mha7bycj.cloudfront.net/product-image/file/large_82758c89-3d5a-4b7c-ad17-58ca658d300b.png,"
CVS®,Original price: $7.59,$5.99,,,8 each,[],,"https://www.instacart.com/image-server/197x197/filters:fill(FFF,true):format(jpg)/d2lnr5mha7bycj.cloudfront.net/product-image/file/large_e46f5954-bbd7-4e17-bbfc-05ecb186fb91.png,"
CVS®,Applegate Naturals Gluten Free Uncured Beef Corn Dogs,$9.69,,,4 ct,"['Gluten-Free', 'Grass-Fed']",,"https://www.instacart.com/image-server/197x197/filters:fill(FFF,true):format(jpg)/d2lnr5mha7bycj.cloudfront.net/product-image/file/large_30acecbc-2b93-4725-a7b3-cb98b1910dfa.png,"
CVS®,Feel Good Foods Gluten-Free Chicken Egg Rolls,$10.79,,,9 oz,['Gluten-Free'],Many in stock,"https://www.instacart.com/image-server/197x197/filters:fill(FFF,true):format(jpg)/d2lnr5mha7bycj.cloudfront.net/product-image/file/large_40c3276a-e478-4af1-802b-870a45add8ed.png,"
CVS®,Cascadian Farm Organic Spud Puppies Frozen Potatoes,$6.49,,,16 oz,['Vegan'],,"https://www.instacart.com/image-server/197x197/filters:fill(FFF,true):format(jpg)/d2lnr5mha7bycj.cloudfront.net/product-image/file/large_6b26cac0-588d-4885-a962-664edc7ce4a5.png,"
CVS®,Feel Good Foods Gluten-Free Vegetable Potsticker Dumplings,$10.79,,,10 oz,"['Gluten-Free', 'Vegan']",Many in stock,"https://www.instacart.com/image-server/197x197/filters:fill(FFF,true):format(jpg)/d2lnr5mha7bycj.cloudfront.net/product-image/file/large_0b621278-23a9-40b6-9695-3958d32e0933.png,"
CVS®,The Pizza Cupcake Margherita - Gourmet Pizza Snack,$11.89,,,11.2 oz,[],Many in stock,"https://www.instacart.com/image-server/197x197/filters:fill(FFF,true):format(jpg)/d2lnr5mha7bycj.cloudfront.net/product-image/file/large_2e698cb0-71ad-45bc-be93-c36d57af2e33.jpg,"
CVS®,Fresh Thyme Market Potato Moneterey Jack Jalapeno Pierogies,$5.39,,,16 oz,[],Many in stock,"https://www.instacart.com/image-server/197x197/filters:fill(FFF,true):format(jpg)/d2lnr5mha7bycj.cloudfront.net/product-image/file/large_ea1b36a5-6928-416e-8ec0-dd34c2836ec0.png,"
CVS®,"Feel Good Foods Potato, Egg & Cheese Pocket Sandwiches",$8.09,,,8 oz,['Gluten-Free'],,"https://www.instacart.com/image-server/197x197/filters:fill(FFF,true):format(jpg)/d2lnr5mha7bycj.cloudfront.net/product-image/file/large_39a3df76-c1ba-4802-acb8-c99aaa09f130.png,"
CVS®,"Brazi Bites Garlic Asiago, Brazilian Cheese Bread",$8.09,,,18 x 11.5 oz,['Gluten-Free'],,"https://www.instacart.com/image-server/197x197/filters:fill(FFF,true):format(jpg)/d2lnr5mha7bycj.cloudfront.net/product-image/file/large_5e3da670-d9e3-4624-8840-f3838167d893.png,"
CVS®,Laoban Ginger Chicken Dumplings,$7.59,,,8 oz,[],,"https://www.instacart.com/image-server/197x197/filters:fill(FFF,true):format(jpg)/d2lnr5mha7bycj.cloudfront.net/product-image/file/large_6bc1f8b6-eea4-43bd-87f9-632007c79016.jpg,"
CVS®,Fresh Thyme Market Potato Fried Onion Perogies,$5.39,,,16 oz,[],,"https://www.instacart.com/image-server/197x197/filters:fill(FFF,true):format(jpg)/d2lnr5mha7bycj.cloudfront.net/product-image/file/large_6eb17de2-0257-4bce-9069-2c5ada3a1936.png,"
CVS®,Laoban Pork Soup Dumplings,$7.59,,,8 oz,[],,"https://www.instacart.com/image-server/197x197/filters:fill(FFF,true):format(jpg)/d2lnr5mha7bycj.cloudfront.net/product-image/file/large_cb40e2bf-86c3-4e8d-8e28-035cf1121294.jpg,"
CVS®,Brazi Bites Four Cheese Pizza Snacks,$8.09,,,10 oz,['Gluten-Free'],,"https://www.instacart.com/image-server/197x197/filters:fill(FFF,true):format(jpg)/d2lnr5mha7bycj.cloudfront.net/product-image/file/large_ba0a1754-754d-4ecc-a6fc-ded55ad50189.png,"
CVS®,Laoban Pork & Chive Dumplings,$7.59,,,8 oz,[],,"https://www.instacart.com/image-server/197x197/filters:fill(FFF,true):format(jpg)/d2lnr5mha7bycj.cloudfront.net/product-image/file/large_c2c2b8f9-73d5-4d4c-8d4c-0077fee1c7f8.jpg,"
CVS®,The Pizza Cupcake Pepperoni - Gourmet Pizza Snack,$11.89,,,11.45 oz,[],Many in stock,"https://www.instacart.com/image-server/197x197/filters:fill(FFF,true):format(jpg)/d2lnr5mha7bycj.cloudfront.net/product-image/file/large_368170fe-9e71-4947-829c-39774eea2f9b.jpg,"
CVS®,Feel Good Foods Gluten-Free Vegetable Egg Rolls,$10.79,,,9 oz,['Gluten-Free'],,"https://www.instacart.com/image-server/197x197/filters:fill(FFF,true):format(jpg)/d2lnr5mha7bycj.cloudfront.net/product-image/file/large_c119f0c8-b18f-4c34-9ae8-cb4675fe38c0.png,"
CVS®,Brazi Bites Pepperoni Pizza Snacks,$8.09,,,10 oz,['Gluten-Free'],,"https://www.instacart.com/image-server/197x197/filters:fill(FFF,true):format(jpg)/d2lnr5mha7bycj.cloudfront.net/product-image/file/large_cd15bc82-7354-4e75-8667-f3b60a630472.png,"
CVS®,Original price: $6.99,$6.49,,,10 oz,['Gluten-Free'],,"https://www.instacart.com/image-server/197x197/filters:fill(FFF,true):format(jpg)/d2lnr5mha7bycj.cloudfront.net/product-image/file/large_35f76ab9-1247-48ac-9350-40538b3d2144.png,"
CVS®,"Spudz Seasoned Fries, Classic Sea Salt",$7.59,,,15 oz,[],Many in stock,"https://www.instacart.com/image-server/197x197/filters:fill(FFF,true):format(jpg)/d2lnr5mha7bycj.cloudfront.net/product-image/file/large_df9fc2f5-754b-4349-8b98-750506ec79c9.png,"
CVS®,"Brazi Bites Cheddar & Parmesan, Brazilian Cheese Bread",$8.09,,,11.5 oz,['Gluten-Free'],,"https://www.instacart.com/image-server/197x197/filters:fill(FFF,true):format(jpg)/d2lnr5mha7bycj.cloudfront.net/product-image/file/large_1330bc1e-27ad-4620-96b6-de3dafd402df.png,"
CVS®,Cascadian Farm Organic Straight Cut French Fries Frozen Potatoes,$6.49,,,16 oz,['Vegan'],Many in stock,"https://www.instacart.com/image-server/197x197/filters:fill(FFF,true):format(jpg)/d2lnr5mha7bycj.cloudfront.net/product-image/file/large_019bea42-86f2-4240-b332-9249bb8be17b.png,"
CVS®,Chubby Snacks Almond Butter & Strawberry Jam,$10.79,,,4 x 10.6 oz,['Vegan'],Many in stock,"https://www.instacart.com/image-server/197x197/filters:fill(FFF,true):format(jpg)/d2lnr5mha7bycj.cloudfront.net/product-image/file/large_5b382646-721e-42d2-96cf-e700840bac33.png,"
CVS®,Alexia® Crispy Waffle Cut Potatoes With Seasoned Salt,$8.09,,,15 oz,['Vegan'],,"https://www.instacart.com/image-server/197x197/filters:fill(FFF,true):format(jpg)/d2lnr5mha7bycj.cloudfront.net/product-image/file/large_19237250-3925-427a-82f0-c0c0204b7864.png,"
CVS®,Feel Good Foods Gluten-Free Pepperoni Snack Bites,$9.69,,,7 oz,['Gluten-Free'],,"https://www.instacart.com/image-server/197x197/filters:fill(FFF,true):format(jpg)/d2lnr5mha7bycj.cloudfront.net/product-image/file/large_672d19a7-204b-4db6-8dab-297191980c3c.png,"
CVS®,"Alexia Fries, Crispy Rosemary",$8.09,,,16 oz,['Vegan'],,"https://www.instacart.com/image-server/197x197/filters:fill(FFF,true):format(jpg)/d2lnr5mha7bycj.cloudfront.net/product-image/file/large_dfcd7576-e3eb-46c5-8245-17a896763a91.png,"
CVS®,"Strong Roots Crispy Skinny Fries, Vegan, Gluten Free Frozen Fries",$6.49,,,20 oz,[],Many in stock,"https://www.instacart.com/image-server/197x197/filters:fill(FFF,true):format(jpg)/d2lnr5mha7bycj.cloudfront.net/product-image/file/large_9a7b2ee6-22d8-4c28-91a8-b706fc0949b9.jpg,"
CVS®,"Alexia Fries, Organic, Sweet Potato",$8.09,,,15 oz,[],,"https://www.instacart.com/image-server/197x197/filters:fill(FFF,true):format(jpg)/d2lnr5mha7bycj.cloudfront.net/product-image/file/large_2cf0acd7-05ed-4166-818b-e3e2d107357d.png,"
CVS®,Feel Good Foods Gluten-Free Three Cheese Snack Bites,$9.69,,,7 oz,['Gluten-Free'],,"https://www.instacart.com/image-server/197x197/filters:fill(FFF,true):format(jpg)/d2lnr5mha7bycj.cloudfront.net/product-image/file/large_1cd80a21-d95e-46d8-909b-44f8d0a89451.png,"
CVS®,"Yasso Poppables, Greek Yogurt, Sea Salt Caramel",$8.09,,,6.84 fl oz,[],,"https://www.instacart.com/image-server/197x197/filters:fill(FFF,true):format(jpg)/d2lnr5mha7bycj.cloudfront.net/product-image/file/large_55879c79-211b-48f4-bd68-c02b00aa6599.png,"
CVS®,Via Emilia Food Broccoli Fries,$5.39,,,14 oz,[],,"https://www.instacart.com/image-server/197x197/filters:fill(FFF,true):format(jpg)/d2lnr5mha7bycj.cloudfront.net/product-image/file/large_58b41f0b-4b8f-43c3-983b-77b3b24aca90.png,"
CVS®,"Strong Roots Crispy Crinkle Fries, Vegan, Gluten Free Frozen Fries",$6.49,,,20 oz,[],,"https://www.instacart.com/image-server/197x197/filters:fill(FFF,true):format(jpg)/d2lnr5mha7bycj.cloudfront.net/product-image/file/large_31578cc6-52e1-40b0-a5a0-a4b07c30241d.jpg,"
CVS®,Alexia Organic Crinkle Cut Fries with Sea Salt,$7.59,,,16 oz,['Vegan'],,"https://www.instacart.com/image-server/197x197/filters:fill(FFF,true):format(jpg)/d2lnr5mha7bycj.cloudfront.net/product-image/file/large_f9270691-4438-4635-a5bd-75c2e4ebfa12.png,"
CVS®,"Kasia's Pierogies, Sauerkraut",$6.99,,,14 oz,[],,"https://www.instacart.com/image-server/197x197/filters:fill(FFF,true):format(jpg)/d2lnr5mha7bycj.cloudfront.net/product-image/file/large_7ce68524-000e-4371-b0c9-3766d27a36ec.png,"
CVS®,"Kasia's Pierogies, Potato & Cheddar",$6.99,,,14 oz,[],,"https://www.instacart.com/image-server/197x197/filters:fill(FFF,true):format(jpg)/d2lnr5mha7bycj.cloudfront.net/product-image/file/large_34618731-b98c-47dd-b80b-957379850e06.png,"
CVS®,"Alexia Puffs, Yukon Select, Organic",$7.59,,,16 oz,['Vegan'],,"https://www.instacart.com/image-server/197x197/filters:fill(FFF,true):format(jpg)/d2lnr5mha7bycj.cloudfront.net/product-image/file/large_db3f74ba-f8bc-4a5d-81ff-5eae06c26432.png,"
CVS®,"Strong Roots Proper Fries, Vegan, Gluten Free Frozen Fries",$6.49,,,20 oz,[],,"https://www.instacart.com/image-server/197x197/filters:fill(FFF,true):format(jpg)/d2lnr5mha7bycj.cloudfront.net/product-image/file/large_a505a0dd-351a-40b8-bccc-69379b552bd4.jpg,"
CVS®,"Alexia Fries, Sweet Potato",$8.09,,,20 oz,[],,"https://www.instacart.com/image-server/197x197/filters:fill(FFF,true):format(jpg)/d2lnr5mha7bycj.cloudfront.net/product-image/file/large_18d527b9-1203-4990-a903-38de999359ff.png,"
CVS®,Eastern Standard Provisions Co. Gluten Free One-Timer Soft Pretzel Bites,$7.59,,,5.25 oz,[],,"https://www.instacart.com/image-server/197x197/filters:fill(FFF,true):format(jpg)/d2lnr5mha7bycj.cloudfront.net/product-image/file/large_89653ef1-b56a-42db-86cf-f87042dbf75b.png,"
CVS®,"Alexia Fries, Sweet Potato",$8.09,,,15 oz,[],,"https://www.instacart.com/image-server/197x197/filters:fill(FFF,true):format(jpg)/d2lnr5mha7bycj.cloudfront.net/product-image/file/large_170c3eee-f443-459b-bfb3-cbf694b81108.png,"
CVS®,"Alexia Puffs, Sweet Potato, Crispy, Bite-Size",$8.09,,,20 oz,[],,"https://www.instacart.com/image-server/197x197/filters:fill(FFF,true):format(jpg)/d2lnr5mha7bycj.cloudfront.net/product-image/file/large_7d9aa32d-a165-4999-b24f-be3462f04b06.png,"
CVS®,"Alexia Onion Rings, Crispy",$7.59,,,11 oz,['Vegan'],,"https://www.instacart.com/image-server/197x197/filters:fill(FFF,true):format(jpg)/d2lnr5mha7bycj.cloudfront.net/product-image/file/large_2096bed6-d09b-4abe-9202-3f277852c5ac.png,"
CVS®,"Alexia Fries, Seasoned, Sweet Potato, Waffle Cut",$8.09,,,20 oz,[],,"https://www.instacart.com/image-server/197x197/filters:fill(FFF,true):format(jpg)/d2lnr5mha7bycj.cloudfront.net/product-image/file/large_ea9c505b-31ed-47a2-8251-f02665cf4d33.png,"
CVS®,Laoban Livin' on the Vedge Dumplings,$7.59,,,8 oz,['Vegan'],,"https://www.instacart.com/image-server/197x197/filters:fill(FFF,true):format(jpg)/d2lnr5mha7bycj.cloudfront.net/product-image/file/large_18dde59e-1941-4451-9beb-b766c10b34e6.jpg,"
CVS®,"Totino's Pizza Rolls, Pepperoni",$9.69,,,50 ct,[],,"https://www.instacart.com/image-server/197x197/filters:fill(FFF,true):format(jpg)/d2lnr5mha7bycj.cloudfront.net/product-image/file/large_02edecfd-2ee7-4873-96b1-6c4a72178c33.png,"
CVS®,Totino's Combination Pizza Rolls Frozen Kids Snacks Microwave Air Fryer Ready,$9.69,,,24.8 oz,[],,"https://www.instacart.com/image-server/197x197/filters:fill(FFF,true):format(jpg)/d2lnr5mha7bycj.cloudfront.net/product-image/file/large_76fa9cbd-d6e1-4f7d-a40e-6911a8852510.png,"
CVS®,"Totino's Pizza Rolls, Cheese",$9.69,,,24.8 oz,[],,"https://www.instacart.com/image-server/197x197/filters:fill(FFF,true):format(jpg)/d2lnr5mha7bycj.cloudfront.net/product-image/file/large_f05b3c63-7843-448f-b4f6-11d46a4e4875.png,"
CVS®,"good culture Cottage Cheese, Low-Fat, Classic",$4.29,,,16 oz,"['Cow Milk', 'Grass-Fed']",,"https://www.instacart.com/image-server/197x197/filters:fill(FFF,true):format(jpg)/d2lnr5mha7bycj.cloudfront.net/product-image/file/large_5210eb01-eb57-4c65-94f9-7f6da1ab3484.png,"
CVS®,Fresh Thyme Market Colby Jack Cheese,$3.79,,,8 oz,[],Many in stock,"https://www.instacart.com/image-server/197x197/filters:fill(FFF,true):format(jpg)/d2lnr5mha7bycj.cloudfront.net/product-image/file/large_12d75b4a-67af-4843-8418-8fb9457b5f6e.png,"
CVS®,Boar's Head White Vermont Cheddar Cheese,$7.59,,,8 oz,['Keto'],Many in stock,"https://www.instacart.com/image-server/197x197/filters:fill(FFF,true):format(jpg)/d2lnr5mha7bycj.cloudfront.net/product-image/file/large_c7073118-ba5e-468e-af4e-387160c0b024.png,"
CVS®,Fresh Thyme Market Mozzarella Cheese,$3.79,,,8 oz,[],,"https://www.instacart.com/image-server/197x197/filters:fill(FFF,true):format(jpg)/d2lnr5mha7bycj.cloudfront.net/product-image/file/large_57ced275-c407-4f0a-8e9e-a6559ba6c392.png,"
CVS®,Fresh Thyme Market Sharp Cheddar Cheese,$3.79,,,8 oz,[],Many in stock,"https://www.instacart.com/image-server/197x197/filters:fill(FFF,true):format(jpg)/d2lnr5mha7bycj.cloudfront.net/product-image/file/large_665c6703-25fc-4e56-a472-f13a598e303d.png,"
CVS®,Fresh Thyme Market String Cheese,$6.29,,,12 oz,[],,"https://www.instacart.com/image-server/197x197/filters:fill(FFF,true):format(jpg)/d2lnr5mha7bycj.cloudfront.net/product-image/file/large_9be59fa1-a62e-4d19-bbb7-ad1a766f4757.png,"
CVS®,Boar's Head 43% Lower Sodium Provolone Cheese,$7.59,,,8 oz,['Keto'],Many in stock,"https://www.instacart.com/image-server/197x197/filters:fill(FFF,true):format(jpg)/d2lnr5mha7bycj.cloudfront.net/product-image/file/large_fe966776-690b-4b47-9039-b46df161ae56.png,"
CVS®,Fresh Thyme Market Cheese Slices,$3.79,,,8 oz,[],Many in stock,"https://www.instacart.com/image-server/197x197/filters:fill(FFF,true):format(jpg)/d2lnr5mha7bycj.cloudfront.net/product-image/file/large_53c05f6c-7cd2-4c04-969f-995cc25939fa.png,"
CVS®,Fresh Thyme Market Organic Sliced Colby Jack Cheese,$5.49,,,6 oz,"['Organic', 'Non-GMO']",Many in stock,"https://www.instacart.com/image-server/197x197/filters:fill(FFF,true):format(jpg)/d2lnr5mha7bycj.cloudfront.net/product-image/file/large_e45a7ec3-cdda-4d61-8c36-d6b0da0e7ce4.png,"
CVS®,Fresh Thyme Market Natural Cottage Cheese 2% Small Curd,$4.29,,,24 oz,[],,"https://www.instacart.com/image-server/197x197/filters:fill(FFF,true):format(jpg)/d2lnr5mha7bycj.cloudfront.net/product-image/file/large_bc28ee9a-cff3-48c9-bf84-f2a11a9f6ebb.png,"
CVS®,Boar's Head Yellow American Cheese,$8.09,,,8 oz,"['Cow Milk', 'Keto']",Many in stock,"https://www.instacart.com/image-server/197x197/filters:fill(FFF,true):format(jpg)/d2lnr5mha7bycj.cloudfront.net/product-image/file/large_75106c1d-26ec-4acb-b6f2-741089f2e2c8.png,"
CVS®,Fresh Thyme Market Muenster Cheese,$3.79,,,8 oz,[],Many in stock,"https://www.instacart.com/image-server/197x197/filters:fill(FFF,true):format(jpg)/d2lnr5mha7bycj.cloudfront.net/product-image/file/large_59dc0c6a-21e1-42c9-ac32-ede5da9d5a96.png,"
CVS®,Organic Valley 3 Cheese Organic Thick Cut Shredded Mexican Cheese Blend,$6.49,,,6 oz,"['Cow Milk', 'Organic']",,"https://www.instacart.com/image-server/197x197/filters:fill(FFF,true):format(jpg)/d2lnr5mha7bycj.cloudfront.net/product-image/file/large_8c5a5bf4-bc5f-40ce-8680-56d8c04dde57.jpg,"
CVS®,Fresh Thyme Market Mild Cheddar Cheese,$3.79,,,8 oz,[],,"https://www.instacart.com/image-server/197x197/filters:fill(FFF,true):format(jpg)/d2lnr5mha7bycj.cloudfront.net/product-image/file/large_4287af52-1a24-4be3-a180-44a8d7682145.png,"
CVS®,Original price: $6.99,$5.59,,,5.3 oz,['Keto'],,"https://www.instacart.com/image-server/197x197/filters:fill(FFF,true):format(jpg)/d2lnr5mha7bycj.cloudfront.net/product-image/file/large_454d0878-d9ff-4a36-aa63-c99108e0b4da.png,"
CVS®,Fresh Thyme Market Parmesan Cheese,$4.29,,,5 oz,[],Many in stock,"https://www.instacart.com/image-server/197x197/filters:fill(FFF,true):format(jpg)/d2lnr5mha7bycj.cloudfront.net/product-image/file/large_60d284a5-4f66-4e9e-b490-7cf0a34a568e.png,"
CVS®,Fresh Thyme Market Pepper Jack Cheese,$3.79,,,8 oz,[],Many in stock,"https://www.instacart.com/image-server/197x197/filters:fill(FFF,true):format(jpg)/d2lnr5mha7bycj.cloudfront.net/product-image/file/large_3e855c70-6869-48d6-8bd1-7525f05bd6f0.png,"
CVS®,Original price: $2.89,$2.19,,,8 oz,[],Many in stock,"https://www.instacart.com/image-server/197x197/filters:fill(FFF,true):format(jpg)/d2lnr5mha7bycj.cloudfront.net/product-image/file/large_94472826-05b4-4303-9d2c-1a72a4e705f2.png,"
CVS®,"Wyke Farms Ivy's Vintage Reserve, Cheddar Cheese",$8.59,,,7 oz,['Keto'],Many in stock,"https://www.instacart.com/image-server/197x197/filters:fill(FFF,true):format(jpg)/d2lnr5mha7bycj.cloudfront.net/product-image/file/large_5fe2e175-52c0-4f08-8ba6-6e6fc0b650d3.jpg,"
CVS®,Fresh Thyme Market Swiss Cheese,$3.79,,,6 oz,[],Many in stock,"https://www.instacart.com/image-server/197x197/filters:fill(FFF,true):format(jpg)/d2lnr5mha7bycj.cloudfront.net/product-image/file/large_8242855f-8607-4e21-99cb-8076c6deee0a.png,"
CVS®,Original price: $3.79,$2.19,,,8 oz,[],Many in stock,"https://www.instacart.com/image-server/197x197/filters:fill(FFF,true):format(jpg)/d2lnr5mha7bycj.cloudfront.net/product-image/file/large_9c93bcb9-b56d-406e-826d-fed2c308ae61.png,"
CVS®,"Green Valley Creamery Shredded Cheese, Lactose Free, Part-Skim, Low-Moisture, Mozzarella",$5.99,,,6 oz,[],,"https://www.instacart.com/image-server/197x197/filters:fill(FFF,true):format(jpg)/d2lnr5mha7bycj.cloudfront.net/product-image/file/large_f942ebb8-d508-408c-b951-fd5055da3434.png,"
CVS®,"Organic Valley String Cheese, Organic, Mozzarella",$8.09,,,8 oz,"['Organic', 'Cow Milk']",,"https://www.instacart.com/image-server/197x197/filters:fill(FFF,true):format(jpg)/d2lnr5mha7bycj.cloudfront.net/product-image/file/large_c1eb209f-1cec-46b8-8c1e-bc9c7fbf1d52.png,"
CVS®,"Green Valley Creamery Shredded Cheese, Lactose Free, 3 Cheese Mexican",$5.99,,,6 oz,['Keto'],,"https://www.instacart.com/image-server/197x197/filters:fill(FFF,true):format(jpg)/d2lnr5mha7bycj.cloudfront.net/product-image/file/large_99ea6f3c-bb85-4ec7-8c7c-f8a89c7b0080.png,"
CVS®,BelGioioso Fresh Mozzarella Cheese Sliced,$5.39,,,8 oz,[],Many in stock,"https://www.instacart.com/image-server/197x197/filters:fill(FFF,true):format(jpg)/d2lnr5mha7bycj.cloudfront.net/product-image/file/large_1770a5a3-0d6a-4df0-96c2-da42488fed95.png,"
CVS®,Boar's Head Imported Swiss Cheese,$12.89,/lb,,$0.81/oz,[],,"https://www.instacart.com/image-server/197x197/filters:fill(FFF,true):format(jpg)/d2lnr5mha7bycj.cloudfront.net/product-image/file/large_06af0e31-b1b7-4a1d-a169-299bddbf417e.png,"
CVS®,Fresh Thyme Market Goat Cheese,$4.29,,,4 oz,['Goat Milk'],Many in stock,"https://www.instacart.com/image-server/197x197/filters:fill(FFF,true):format(jpg)/d2lnr5mha7bycj.cloudfront.net/product-image/file/large_e9aa98a5-0bd9-464d-aca2-b5a2e7ed7dbf.png,"
CVS®,"good culture Cottage Cheese, 4% Milkfat, Whole Milk Classic",$4.29,,,16 oz,"['Cow Milk', 'Grass-Fed']",,"https://www.instacart.com/image-server/197x197/filters:fill(FFF,true):format(jpg)/d2lnr5mha7bycj.cloudfront.net/product-image/file/large_4c5049d3-caa3-492d-9962-b7643da0291a.png,"
CVS®,Original price: $10.09,$8.09,,,5 oz,"['Keto', 'Non-GMO']",,"https://www.instacart.com/image-server/197x197/filters:fill(FFF,true):format(jpg)/d2lnr5mha7bycj.cloudfront.net/product-image/file/large_6906fb4d-bb45-4f12-8bc9-a5c58ad25925.png,"
CVS®,Organic Valley 3 Cheese Organic Thick Cut Shredded Italian Cheese Blend,$6.49,,,6 oz,"['Organic', 'Keto']",,"https://www.instacart.com/image-server/197x197/filters:fill(FFF,true):format(jpg)/d2lnr5mha7bycj.cloudfront.net/product-image/file/large_b398ad58-fc09-4ef9-8828-233d41ac36fa.jpg,"
CVS®,Boar's Head White American Cheese,$8.59,/lb,,$0.54/oz,[],Many in stock,"https://www.instacart.com/image-server/197x197/filters:fill(FFF,true):format(jpg)/d2lnr5mha7bycj.cloudfront.net/product-image/file/large_737a08c3-7531-4028-a793-81e1082d2661.png,"
CVS®,Original price: $7.59,$6.09,,,8 oz,['Buffalo Milk'],,"https://www.instacart.com/image-server/197x197/filters:fill(FFF,true):format(jpg)/d2lnr5mha7bycj.cloudfront.net/product-image/file/large_f93f1e79-dfc4-40d6-b179-cd7d7c322c94.png,"
CVS®,"Green Valley Creamery Sliced Cheese, Lactose Free, Mild Cheddar",$5.99,,,6 each,['Keto'],Many in stock,"https://www.instacart.com/image-server/197x197/filters:fill(FFF,true):format(jpg)/d2lnr5mha7bycj.cloudfront.net/product-image/file/large_01e99ad6-7a1a-470a-9184-c4887f733085.png,"
CVS®,Original price: $5.39,$3.29,,,5 oz,['Keto'],,"https://www.instacart.com/image-server/197x197/filters:fill(FFF,true):format(jpg)/d2lnr5mha7bycj.cloudfront.net/product-image/file/large_67e90efe-9916-4ef9-8cb9-c61f513d31f2.png,"
CVS®,Boar's Head Yellow American Cheese,$8.59,/lb,,$0.54/oz,[],,"https://www.instacart.com/image-server/197x197/filters:fill(FFF,true):format(jpg)/d2lnr5mha7bycj.cloudfront.net/product-image/file/large_0da9c576-b37b-40a9-b604-941f83c065e1.png,"
CVS®,Original price: $5.39,$4.29,,,5 x 5 oz,['Keto'],,"https://www.instacart.com/image-server/197x197/filters:fill(FFF,true):format(jpg)/d2lnr5mha7bycj.cloudfront.net/product-image/file/large_665b14aa-8846-450f-8f34-6099fac732d0.jpg,"
CVS®,Original price: $7.59,$6.09,,,5.2 oz,['Keto'],,"https://www.instacart.com/image-server/197x197/filters:fill(FFF,true):format(jpg)/d2lnr5mha7bycj.cloudfront.net/product-image/file/large_c03a4f45-714f-40c8-b777-8c2524726ce9.png,"
CVS®,Original price: $5.69,$4.59,,,8 oz,['Keto'],Many in stock,"https://www.instacart.com/image-server/197x197/filters:fill(FFF,true):format(jpg)/d2lnr5mha7bycj.cloudfront.net/product-image/file/large_da5e2945-d167-4647-b3ea-7d62c9e49bf9.png,"
CVS®,Original price: $5.99,$4.29,,,7.1 oz,[],,"https://www.instacart.com/image-server/197x197/filters:fill(FFF,true):format(jpg)/d2lnr5mha7bycj.cloudfront.net/product-image/file/large_3be762a5-da21-44a7-9498-e0a1d2ca5fee.png,"
CVS®,Original price: $9.69,$8.59,/lb,,$0.54/oz,[],,"https://www.instacart.com/image-server/197x197/filters:fill(FFF,true):format(jpg)/d2lnr5mha7bycj.cloudfront.net/product-image/file/large_66914790-0bee-4f05-bfa6-17c631ab1744.png,"
CVS®,Original price: $9.69,$7.59,,,4.2 oz,"['Vegan', 'Organic']",Many in stock,"https://www.instacart.com/image-server/197x197/filters:fill(FFF,true):format(jpg)/d2lnr5mha7bycj.cloudfront.net/product-image/file/large_825e5900-8432-4970-93bb-d26080a547b4.png,"
CVS®,"good culture Cottage Cheese, Simply, Low-Fat Classic",$1.99,,,5.3 oz,"['Cow Milk', 'Keto']",,"https://www.instacart.com/image-server/197x197/filters:fill(FFF,true):format(jpg)/d2lnr5mha7bycj.cloudfront.net/product-image/file/large_35de765e-c430-4749-a534-38eb796baeea.png,"
CVS®,Original price: $8.59,$6.89,,,8 oz,"['Organic', 'Keto']",,"https://www.instacart.com/image-server/197x197/filters:fill(FFF,true):format(jpg)/d2lnr5mha7bycj.cloudfront.net/product-image/file/large_93b1a6d5-cf45-406f-bfc0-dfdec96e2f06.png,"
CVS®,Original price: $5.99,$4.69,,,7 oz,"['Vegan', 'Non-GMO']",Many in stock,"https://www.instacart.com/image-server/197x197/filters:fill(FFF,true):format(jpg)/d2lnr5mha7bycj.cloudfront.net/product-image/file/large_3f3c1f7c-72d7-442f-8cae-2905b3f22346.jpg,"
CVS®,Original price: $6.99,$5.59,,,198 g,['Cow Milk'],,"https://www.instacart.com/image-server/197x197/filters:fill(FFF,true):format(jpg)/d2lnr5mha7bycj.cloudfront.net/product-image/file/large_b87ca980-0388-4cae-afb8-ef96de672000.png,"
CVS®,Boar's Head Muenster Cheese,$8.59,/lb,,$0.54/oz,[],Many in stock,"https://www.instacart.com/image-server/197x197/filters:fill(FFF,true):format(jpg)/d2lnr5mha7bycj.cloudfront.net/product-image/file/large_edfebfb3-b29c-4334-9dd1-96402c82e698.png,"
CVS®,Boar's Head Baby Swiss Cheese,$13.49,/lb,,$0.84/oz,[],Many in stock,"https://www.instacart.com/image-server/197x197/filters:fill(FFF,true):format(jpg)/d2lnr5mha7bycj.cloudfront.net/product-image/file/large_dfc026e7-5b52-4e5b-86ba-f7140f019df5.png,"
CVS®,Boar's Head Low Sodium Provolone Cheese,$9.69,/lb,,$0.61/oz,[],Many in stock,"https://www.instacart.com/image-server/197x197/filters:fill(FFF,true):format(jpg)/d2lnr5mha7bycj.cloudfront.net/product-image/file/large_763c7325-9a4a-4308-b028-d85037eb2c0b.png,"
CVS®,Original price: $6.99,$5.59,,,7 oz,"['Cow Milk', 'Keto']",Many in stock,"https://www.instacart.com/image-server/197x197/filters:fill(FFF,true):format(jpg)/d2lnr5mha7bycj.cloudfront.net/product-image/file/large_708be312-f5cd-442d-b6de-cfe45f926641.png,"
CVS®,Original price: $8.09,$6.49,,,7 oz,"['Cow Milk', 'Keto']",Many in stock,"https://www.instacart.com/image-server/197x197/filters:fill(FFF,true):format(jpg)/d2lnr5mha7bycj.cloudfront.net/product-image/file/large_840775ba-a3f5-41fa-b22c-a3e8d53ceb42.png,"
CVS®,Cabot Cracker Cut Pepper Jack Cheese,$6.49,,,7 oz,['Keto'],,"https://www.instacart.com/image-server/197x197/filters:fill(FFF,true):format(jpg)/d2lnr5mha7bycj.cloudfront.net/product-image/file/large_e95355e5-42ad-4e96-b554-8bf3367bf9fd.jpg,"
CVS®,Lifeway Old Fash Farmers Chse,$5.39,,,16 oz,"['Cow Milk', 'Keto']",,"https://www.instacart.com/image-server/197x197/filters:fill(FFF,true):format(jpg)/d2lnr5mha7bycj.cloudfront.net/product-image/file/large_bf738b6e-8199-4688-b6b3-0c3e07ab4ee5.png,"
CVS®,"Sartori Shredded Cheese, Parmesan Classic",$6.49,,,7 oz,['Keto'],Many in stock,"https://www.instacart.com/image-server/197x197/filters:fill(FFF,true):format(jpg)/d2lnr5mha7bycj.cloudfront.net/product-image/file/large_7f93bf83-1c88-4d35-9eee-8c37453c1b8c.png,"
CVS®,"Sartori Grated Cheese, Parmesan Classic",$6.49,,,7 oz,"['Cow Milk', 'Keto']",Many in stock,"https://www.instacart.com/image-server/197x197/filters:fill(FFF,true):format(jpg)/d2lnr5mha7bycj.cloudfront.net/product-image/file/large_3a64134a-e41a-4310-a259-4c7974732de7.png,"
CVS®,Cabot Cracker Cut Colby Jack Cheese,$6.49,,,7 oz,['Keto'],,"https://www.instacart.com/image-server/197x197/filters:fill(FFF,true):format(jpg)/d2lnr5mha7bycj.cloudfront.net/product-image/file/large_26f56d64-59e0-4406-a8b5-5916bb7f05ae.jpg,"
CVS®,Fresh Thyme Market Vitamin D Milk,$3.79,,,1 gal,[],,"https://www.instacart.com/image-server/197x197/filters:fill(FFF,true):format(jpg)/d2lnr5mha7bycj.cloudfront.net/product-image/file/large_2d6468f1-0347-44b4-9837-38bf332e6d51.png,"
CVS®,Fresh Thyme Market Grade A 2% Reduced Fat Milk,$2.49,,,0.5 gal,[],,"https://www.instacart.com/image-server/197x197/filters:fill(FFF,true):format(jpg)/d2lnr5mha7bycj.cloudfront.net/product-image/file/large_997ee4a3-c12e-445d-9965-59a82f37e99c.jpg,"
CVS®,Fresh Thyme Market Milk With Vitamin D,$2.49,,,0.5 gal,[],,"https://www.instacart.com/image-server/197x197/filters:fill(FFF,true):format(jpg)/d2lnr5mha7bycj.cloudfront.net/product-image/file/large_d6b244d5-19e8-450c-bb17-64066f72540e.jpg,"
CVS®,Elmhurst Unsweetened Oat Milk,$7.59,,,32 fl oz,"['Vegan', 'Gluten-Free']",Many in stock,"https://www.instacart.com/image-server/197x197/filters:fill(FFF,true):format(jpg)/d2lnr5mha7bycj.cloudfront.net/product-image/file/large_88068e8a-ff9d-40cc-a324-845f01f50e9a.jpg,"
CVS®,Organic Valley Whole Milk,$6.49,,,64 oz,"['Cow Milk', 'Organic']",,"https://www.instacart.com/image-server/197x197/filters:fill(FFF,true):format(jpg)/d2lnr5mha7bycj.cloudfront.net/product-image/file/large_f7ba115a-3098-427a-a0da-9a0cf50d55e8.jpg,"
CVS®,Fresh Thyme Market Organic Milk Whole,$4.89,,,1.89 L,['Organic'],,"https://www.instacart.com/image-server/197x197/filters:fill(FFF,true):format(jpg)/d2lnr5mha7bycj.cloudfront.net/product-image/file/large_bff8c7e8-d278-4aa0-8d6b-9269a8761851.png,"
CVS®,Fresh Thyme Market Organic Milk 2%,$4.89,,,1.89 L,['Organic'],,"https://www.instacart.com/image-server/197x197/filters:fill(FFF,true):format(jpg)/d2lnr5mha7bycj.cloudfront.net/product-image/file/large_2a210903-7aa0-4ade-82d5-c300200af13d.png,"
CVS®,Organic Valley Family First Omega 2% (Reduced Fat) Organic Milk,$6.99,,,64 oz,"['Cow Milk', 'Organic']",,"https://www.instacart.com/image-server/197x197/filters:fill(FFF,true):format(jpg)/d2lnr5mha7bycj.cloudfront.net/product-image/file/large_3cbf69ea-83d7-4406-9495-b9c1842b9667.png,"
CVS®,Original price: $2.79,$2.69,,,13.5 fl oz,['Organic'],,"https://www.instacart.com/image-server/197x197/filters:fill(FFF,true):format(jpg)/d2lnr5mha7bycj.cloudfront.net/product-image/file/large_0ff221a5-9b43-4a85-89b2-53b7b2aa091f.png,"
CVS®,Almond Breeze Unsweetened Original Almondmilk Non Dairy Milk Alternative,$4.09,,,64 fl oz,[],,"https://www.instacart.com/image-server/197x197/filters:fill(FFF,true):format(jpg)/d2lnr5mha7bycj.cloudfront.net/product-image/file/large_da08b082-b406-420d-b9d8-ca6b8dd49e01.jpg,"
CVS®,"Organic Valley Omega-3 DHA, Whole Organic Milk, Family First",$6.99,,,64 oz,['Organic'],,"https://www.instacart.com/image-server/197x197/filters:fill(FFF,true):format(jpg)/d2lnr5mha7bycj.cloudfront.net/product-image/file/large_fa2b2169-fc4c-4b00-b0ec-dea6b123bc18.png,"
CVS®,Fresh Thyme Market Organic 2% Reduced Fat Milk,$7.59,,,128 fl oz,['Organic'],,"https://www.instacart.com/image-server/197x197/filters:fill(FFF,true):format(jpg)/d2lnr5mha7bycj.cloudfront.net/product-image/file/large_6e4e3282-40ef-4085-887c-c8db101c3a8a.jpg,"
CVS®,"Chobani Oatmilk, Extra Creamy",$5.39,,,52 fl oz,"['Vegan', 'Gluten-Free']",,"https://www.instacart.com/image-server/197x197/filters:fill(FFF,true):format(jpg)/d2lnr5mha7bycj.cloudfront.net/product-image/file/large_9c0ba207-6397-4592-a485-bfc0a85ad63a.png,"
CVS®,Original price: $6.99,$6.49,,,64 fl oz,"['Vegan', 'Gluten-Free']",,"https://www.instacart.com/image-server/197x197/filters:fill(FFF,true):format(jpg)/d2lnr5mha7bycj.cloudfront.net/product-image/file/large_14a1995b-ec01-436f-9610-684c8a1dd1f4.png,"
CVS®,Bolthouse Farms Protein Plus® Chocolate,$4.29,,,15.2 fl oz,[],,"https://www.instacart.com/image-server/197x197/filters:fill(FFF,true):format(jpg)/d2lnr5mha7bycj.cloudfront.net/product-image/file/large_6a63ff69-b7d7-4e9d-9395-891ca5920c72.jpg,"
CVS®,"Chobani Oatmilk, Original",$5.39,,,52 fl oz,"['Vegan', 'Gluten-Free']",,"https://www.instacart.com/image-server/197x197/filters:fill(FFF,true):format(jpg)/d2lnr5mha7bycj.cloudfront.net/product-image/file/large_492a75c9-07e7-47da-9e9d-8d258f6bf6a1.png,"
CVS®,"Organic Valley 100% Grass Fed, Organic 2% Milk",$7.59,,,64 oz,"['Cow Milk', 'Organic']",,"https://www.instacart.com/image-server/197x197/filters:fill(FFF,true):format(jpg)/d2lnr5mha7bycj.cloudfront.net/product-image/file/large_e6f74d88-fdb1-4548-a743-55b54fb0f0e8.jpg,"
CVS®,Horizon Organic Reduced Fat Organic Milk,$6.49,,,64 fl oz,"['Cow Milk', 'Organic']",,"https://www.instacart.com/image-server/197x197/filters:fill(FFF,true):format(jpg)/d2lnr5mha7bycj.cloudfront.net/product-image/file/large_041fab7b-a5fa-431d-8327-024b5fdb88a9.jpg,"
CVS®,Califia Farms Unsweetened Vanilla Almondmilk,$4.89,,,48 oz,['Vegan'],,"https://www.instacart.com/image-server/197x197/filters:fill(FFF,true):format(jpg)/d2lnr5mha7bycj.cloudfront.net/product-image/file/large_53daaa74-51c3-4c2d-88ba-20fdb441c180.jpg,"
CVS®,Horizon Organic 2% Reduced Fat DHA Omega-3 Milk,$6.49,,,64 fl oz,"['Cow Milk', 'Organic']",,"https://www.instacart.com/image-server/197x197/filters:fill(FFF,true):format(jpg)/d2lnr5mha7bycj.cloudfront.net/product-image/file/large_f3a7d848-7edb-41be-9173-d689f08bf194.jpg,"
CVS®,Almond Breeze Vanilla Almondmilk,$4.09,,,64 oz,[],,"https://www.instacart.com/image-server/197x197/filters:fill(FFF,true):format(jpg)/d2lnr5mha7bycj.cloudfront.net/product-image/file/large_40914d89-ca5f-4582-a979-4643d1db92a7.jpg,"
CVS®,Organic Valley 2% Milk,$6.49,,,64 fl oz,"['Cow Milk', 'Organic']",,"https://www.instacart.com/image-server/197x197/filters:fill(FFF,true):format(jpg)/d2lnr5mha7bycj.cloudfront.net/product-image/file/large_35525414-11ee-4baa-894b-fbadcb0a80b3.jpg,"
CVS®,Califia Farms Unsweetened Almondmilk,$4.89,,,48 oz,['Vegan'],,"https://www.instacart.com/image-server/197x197/filters:fill(FFF,true):format(jpg)/d2lnr5mha7bycj.cloudfront.net/product-image/file/large_eb3b79c9-1436-4129-938c-57cd511424d3.jpg,"
CVS®,"Silk Unsweet Almond Milk, Dairy Free, Gluten Free, Soy Free",$4.29,,,64 fl oz,[],,"https://www.instacart.com/image-server/197x197/filters:fill(FFF,true):format(jpg)/d2lnr5mha7bycj.cloudfront.net/product-image/file/large_e4662f42-9077-4fdf-82b4-0c0a9d242eec.jpg,"
CVS®,Organic Valley Organic Whole Milk,$9.69,,,128 fl oz,"['Cow Milk', 'Organic']",,"https://www.instacart.com/image-server/197x197/filters:fill(FFF,true):format(jpg)/d2lnr5mha7bycj.cloudfront.net/product-image/file/large_83cbceec-930c-4972-9f8b-c33e0d42fe10.jpg,"
CVS®,Califia Farms Go Coconuts Coconut Milk,$4.89,,,48 fl oz,['Vegan'],,"https://www.instacart.com/image-server/197x197/filters:fill(FFF,true):format(jpg)/d2lnr5mha7bycj.cloudfront.net/product-image/file/large_8058d74a-6753-4af1-8d8e-c07fa662a36b.jpg,"
CVS®,Three Trees Organic Unsweetened Vanilla Bean Almond Milk,$7.59,,,28 fl oz,"['Organic', 'Vegan']",Many in stock,"https://www.instacart.com/image-server/197x197/filters:fill(FFF,true):format(jpg)/d2lnr5mha7bycj.cloudfront.net/product-image/file/large_a42eced8-83ef-4e64-8b88-1c21e6af183f.jpg,"
CVS®,"Organic Valley Lactose Free, Whole Organic Milk, 64oz (Half Gallon)",$6.49,,,64 oz,['Organic'],,"https://www.instacart.com/image-server/197x197/filters:fill(FFF,true):format(jpg)/d2lnr5mha7bycj.cloudfront.net/product-image/file/large_67e5ad27-b264-438c-a761-5ad4aff58039.jpg,"
CVS®,Almond Breeze Unsweetened Vanilla Almondmilk,$4.09,,,64 fl oz,[],,"https://www.instacart.com/image-server/197x197/filters:fill(FFF,true):format(jpg)/d2lnr5mha7bycj.cloudfront.net/product-image/file/large_f31f967e-876a-40ec-a00a-a6463eb5e233.jpg,"
CVS®,Califia Farms Toasted Coconut Almondmilk,$4.89,,,48 fl oz,['Vegan'],,"https://www.instacart.com/image-server/197x197/filters:fill(FFF,true):format(jpg)/d2lnr5mha7bycj.cloudfront.net/product-image/file/large_50be6e08-a848-4397-aa69-8c692ee6b753.jpg,"
CVS®,Lactaid 2% Reduced Fat Milk,$5.99,,,64 fl oz,[],,"https://www.instacart.com/image-server/197x197/filters:fill(FFF,true):format(jpg)/d2lnr5mha7bycj.cloudfront.net/product-image/file/large_a40d8a51-0ef3-4d4f-abb0-b24bd220ab23.jpg,"
CVS®,Organic Valley Organic 2% Milk,$9.69,,,1 gal,"['Cow Milk', 'Organic']",,"https://www.instacart.com/image-server/197x197/filters:fill(FFF,true):format(jpg)/d2lnr5mha7bycj.cloudfront.net/product-image/file/large_e0ce1310-ceda-44e6-afd9-0fb79c3452e3.png,"
CVS®,"Organic Valley 100% Grass-fed, Organic Whole Milk",$7.59,,,0.5 gal,"['Cow Milk', 'Organic']",,"https://www.instacart.com/image-server/197x197/filters:fill(FFF,true):format(jpg)/d2lnr5mha7bycj.cloudfront.net/product-image/file/large_ee69caf7-6cfa-436d-9f12-8e07bb18e12b.jpg,"
CVS®,Horizon Organic Whole High Vitamin D Milk,$6.49,,,64 fl oz,"['Cow Milk', 'Organic']",,"https://www.instacart.com/image-server/197x197/filters:fill(FFF,true):format(jpg)/d2lnr5mha7bycj.cloudfront.net/product-image/file/large_718c1b4f-22bb-408d-b69f-cbc5bc70f640.jpg,"
CVS®,MALK Original Oat,$6.49,,,28 fl oz,"['Organic', 'Vegan']",,"https://www.instacart.com/image-server/197x197/filters:fill(FFF,true):format(jpg)/d2lnr5mha7bycj.cloudfront.net/product-image/file/large_3c13f7f9-62db-4e4e-9370-dc95d26d74dd.png,"
CVS®,Elmhurst Unsweetened Coconut Cashew Milk,$3.29,,,32 fl oz,['Vegan'],,"https://www.instacart.com/image-server/197x197/filters:fill(FFF,true):format(jpg)/d2lnr5mha7bycj.cloudfront.net/product-image/file/large_fa9afb55-07f8-4019-a401-9ef0454289d3.jpg,"
CVS®,Original price: $5.39,$4.29,,,52 fl oz,"['Vegan', 'Gluten-Free']",,"https://www.instacart.com/image-server/197x197/filters:fill(FFF,true):format(jpg)/d2lnr5mha7bycj.cloudfront.net/product-image/file/large_dfb9e1b3-ce9b-4768-8236-722662b57899.jpg,"
CVS®,"Silk Unsweet Vanilla Almond Milk, Dairy Free, Gluten Free, Soy Free",$4.29,,,64 fl oz,[],,"https://www.instacart.com/image-server/197x197/filters:fill(FFF,true):format(jpg)/d2lnr5mha7bycj.cloudfront.net/product-image/file/large_aae4b3d2-0d39-4e6c-9ae9-537a0978aa5f.jpg,"
CVS®,Original price: $5.39,$4.89,,,32 fl oz,"['Vegan', 'Gluten-Free']",Many in stock,"https://www.instacart.com/image-server/197x197/filters:fill(FFF,true):format(jpg)/d2lnr5mha7bycj.cloudfront.net/product-image/file/large_5dde7dcc-479e-4c6d-81e8-82d4643a73bb.png,"
CVS®,Original price: $3.29,$2.69,,,11 oz,[],,"https://www.instacart.com/image-server/197x197/filters:fill(FFF,true):format(jpg)/d2lnr5mha7bycj.cloudfront.net/product-image/file/large_d35f4bd2-1475-4a87-8e59-c58678724804.jpg,"
CVS®,Pacific Foods Hemp Unsweetened Original Beverage,$6.99,,,32 oz,['Vegan'],Many in stock,"https://www.instacart.com/image-server/197x197/filters:fill(FFF,true):format(jpg)/d2lnr5mha7bycj.cloudfront.net/product-image/file/large_06027d8b-798b-4448-a93e-86e8e14fd08b.jpg,"
CVS®,Original price: $7.59,$6.99,,,48 fl oz,['Vegan'],Many in stock,"https://www.instacart.com/image-server/197x197/filters:fill(FFF,true):format(jpg)/d2lnr5mha7bycj.cloudfront.net/product-image/file/large_3c128ded-1a1f-40c0-8674-9fd59843df19.png,"
CVS®,Original price: $5.99,$5.39,,,25.4 fl oz,['Vegan'],,"https://www.instacart.com/image-server/197x197/filters:fill(FFF,true):format(jpg)/d2lnr5mha7bycj.cloudfront.net/product-image/file/large_0282ef54-ad24-414d-aa03-8d8671e42c32.png,"
CVS®,Organic Valley Cultured Lowfat Organic Buttermilk,$5.09,,,32 oz,['Organic'],,"https://www.instacart.com/image-server/197x197/filters:fill(FFF,true):format(jpg)/d2lnr5mha7bycj.cloudfront.net/product-image/file/large_1c81ef39-786b-456e-89e8-c0275cf7b5a1.png,"
CVS®,"Silk Vanilla Almond Milk, Dairy Free, Gluten Free, Soy Free",$4.29,,,64 fl oz,[],,"https://www.instacart.com/image-server/197x197/filters:fill(FFF,true):format(jpg)/d2lnr5mha7bycj.cloudfront.net/product-image/file/large_0944b60b-8e7e-454a-b031-74852774c988.jpg,"
CVS®,"Silk Original Almond Milk, Dairy Free, Gluten Free, Soy Free",$4.29,,,64 fl oz,[],,"https://www.instacart.com/image-server/197x197/filters:fill(FFF,true):format(jpg)/d2lnr5mha7bycj.cloudfront.net/product-image/file/large_da251329-39e0-43a9-a0ab-6ccd79af6d9a.jpg,"
CVS®,"Silk Dark Chocolate Almond Milk, Dairy Free, Gluten Free, Soy Free",$4.29,,,64 fl oz,[],,"https://www.instacart.com/image-server/197x197/filters:fill(FFF,true):format(jpg)/d2lnr5mha7bycj.cloudfront.net/product-image/file/large_0ea2a1e5-7e09-4800-a33a-e0674f60c860.jpg,"
CVS®,Pacific Foods Organic Original Oat Plant Based Beverage,$6.49,,,32 oz,"['Organic', 'Vegan']",,"https://www.instacart.com/image-server/197x197/filters:fill(FFF,true):format(jpg)/d2lnr5mha7bycj.cloudfront.net/product-image/file/large_f5db604f-d832-4d71-8b1b-325c8670416b.jpg,"
CVS®,MALK Chocolate Almond,$6.49,,,28 fl oz,"['Organic', 'Vegan']",Many in stock,"https://www.instacart.com/image-server/197x197/filters:fill(FFF,true):format(jpg)/d2lnr5mha7bycj.cloudfront.net/product-image/file/large_3a4ed15c-8351-4684-9f32-de55b704c986.png,"
CVS®,Almond Breeze Unsweetened,$4.09,,,32 fl oz,[],,"https://www.instacart.com/image-server/197x197/filters:fill(FFF,true):format(jpg)/d2lnr5mha7bycj.cloudfront.net/product-image/file/large_42111fb3-136a-4038-b025-9860247b8ab7.jpg,"
CVS®,Almond Breeze Chocolate Almondmilk,$4.09,,,0.5 gal,[],,"https://www.instacart.com/image-server/197x197/filters:fill(FFF,true):format(jpg)/d2lnr5mha7bycj.cloudfront.net/product-image/file/large_db5355de-31e6-4228-a242-34e02f54499d.jpg,"
CVS®,Almond Breeze Shelf-Stable Chocolate Almondmilk (Pack of 4),$6.49,,,4 x 8 fl oz,['Vegan'],,"https://www.instacart.com/image-server/197x197/filters:fill(FFF,true):format(jpg)/d2lnr5mha7bycj.cloudfront.net/product-image/file/large_f9a84dab-2d05-4a93-bbeb-0baf5433ee63.jpg,"
CVS®,Organic Valley Ultra Pasteurized 0% Fat Milk,$6.49,,,64 fl oz,"['Cow Milk', 'Organic']",,"https://www.instacart.com/image-server/197x197/filters:fill(FFF,true):format(jpg)/d2lnr5mha7bycj.cloudfront.net/product-image/file/large_87135c0a-1dbc-49e8-ade3-270d39c3a737.jpg,"
CVS®,Almond Breeze Original Almondmilk,$4.09,,,32 fl oz,[],,"https://www.instacart.com/image-server/197x197/filters:fill(FFF,true):format(jpg)/d2lnr5mha7bycj.cloudfront.net/product-image/file/large_27f386f1-73b2-4e9f-ad70-6a909ab19575.jpg,"
CVS®,Almond Breeze Original Almondmilk,$4.09,,,64 oz,[],,"https://www.instacart.com/image-server/197x197/filters:fill(FFF,true):format(jpg)/d2lnr5mha7bycj.cloudfront.net/product-image/file/large_cd5124d3-43b9-4291-bf9d-4ffb8f422533.jpg,"
CVS®,Original price: $5.39,$4.79,,,52 fl oz • 4 options,[],Many in stock,"https://www.instacart.com/image-server/197x197/filters:fill(FFF,true):format(jpg)/d2lnr5mha7bycj.cloudfront.net/product-image/file/large_d7fd9a71-3212-4fd9-bc93-cbd47a99f69e.png,"
CVS®,Fresh Thyme Market Lemonade,$3.79,,,64 fl oz,['Organic'],,"https://www.instacart.com/image-server/197x197/filters:fill(FFF,true):format(jpg)/d2lnr5mha7bycj.cloudfront.net/product-image/file/large_80205ea3-8759-4321-93c6-39dcb0d399b4.png,"
CVS®,"good2grow 100% Apple Juice, Character Tops Vary",$12.89,,,3 x 6 fl oz,['No Sugar Added'],,"https://www.instacart.com/image-server/197x197/filters:fill(FFF,true):format(jpg)/d2lnr5mha7bycj.cloudfront.net/product-image/file/large_06d37fcc-cca9-4d4c-b4b0-b9c641884e9a.jpeg,"
CVS®,Fresh Thyme Market Organic Lemonade,$3.79,,,64 fl oz,['Organic'],,"https://www.instacart.com/image-server/197x197/filters:fill(FFF,true):format(jpg)/d2lnr5mha7bycj.cloudfront.net/product-image/file/large_431dd0b9-1438-4b77-8064-7ca97fc79c19.png,"
CVS®,Fresh Thyme Market Organic Apple Juice,$4.89,,,64 fl oz,['Organic'],,"https://www.instacart.com/image-server/197x197/filters:fill(FFF,true):format(jpg)/d2lnr5mha7bycj.cloudfront.net/product-image/file/large_4cb73673-6d15-404a-bea5-30345581c2ee.png,"
CVS®,The Honest Company Kids Super Fruit Punch Organic Fruit Juice,$5.39,,,59 fl oz • 3 options,['Organic'],,"https://www.instacart.com/image-server/197x197/filters:fill(FFF,true):format(jpg)/d2lnr5mha7bycj.cloudfront.net/product-image/file/large_16ecc984-bb58-4d9c-907a-d1392699e6a2.jpg,"
CVS®,"Martinelli's Apple Juice, Unfiltered",$5.39,,,33.8 fl oz,[],,"https://www.instacart.com/image-server/197x197/filters:fill(FFF,true):format(jpg)/d2lnr5mha7bycj.cloudfront.net/product-image/file/large_ee460a86-7de4-4217-82d6-109937f30d4e.png,"
CVS®,Fresh Thyme Market Organic Mango Lemonade,$3.79,,,64 fl oz,['Organic'],,"https://www.instacart.com/image-server/197x197/filters:fill(FFF,true):format(jpg)/d2lnr5mha7bycj.cloudfront.net/product-image/file/large_90dd6de1-0871-436d-a27e-495d448aef0d.png,"
CVS®,Original price: $8.59,$6.79,,,89 fl oz • 4 options,['No Sugar Added'],Many in stock,"https://www.instacart.com/image-server/197x197/filters:fill(FFF,true):format(jpg)/d2lnr5mha7bycj.cloudfront.net/product-image/file/large_26134ee4-262e-46d8-9460-e81517bbc755.png,"
CVS®,Original price: $6.49,$5.39,,,8 x 6.75 fl oz,"['Organic', 'No Sugar Added']",,"https://www.instacart.com/image-server/197x197/filters:fill(FFF,true):format(jpg)/d2lnr5mha7bycj.cloudfront.net/product-image/file/large_c527da17-6fd5-400a-b3bb-57b4ab3e01c6.jpg,"
CVS®,"Martinelli's Cider, Organic, Honeycrisp",$7.29,,,33.8 fl oz,['Organic'],,"https://www.instacart.com/image-server/197x197/filters:fill(FFF,true):format(jpg)/d2lnr5mha7bycj.cloudfront.net/product-image/file/large_bef68acc-b566-4851-9b09-7a674f410201.png,"
CVS®,"Natalie's Juice, Blood Orange",$8.59,,,32 fl oz,[],,"https://www.instacart.com/image-server/197x197/filters:fill(FFF,true):format(jpg)/d2lnr5mha7bycj.cloudfront.net/product-image/file/large_055cbab9-c4cf-4b7f-a665-a4c4e314f75b.png,"
CVS®,"Natalie's Lemonade, Strawberry",$6.49,,,fl oz,[],Many in stock,"https://www.instacart.com/image-server/197x197/filters:fill(FFF,true):format(jpg)/d2lnr5mha7bycj.cloudfront.net/product-image/file/large_d0d0d471-65ed-42e4-8aec-a8b102c617fa.png,"
CVS®,Swoon Zero Sugar Pink Lemonade,$2.49,,,12 fl oz,['Zero Sugar'],,"https://www.instacart.com/image-server/197x197/filters:fill(FFF,true):format(jpg)/d2lnr5mha7bycj.cloudfront.net/product-image/file/large_63f9e03e-b3f6-412d-b22e-1bf6c21c9603.jpeg,"
CVS®,"Natalie's Juice, Organic, Orange",$4.29,,,16 fl oz,['Organic'],,"https://www.instacart.com/image-server/197x197/filters:fill(FFF,true):format(jpg)/d2lnr5mha7bycj.cloudfront.net/product-image/file/large_544ae23e-94c3-4030-bf5f-3e30b659a0cd.png,"
CVS®,"Natalie's Juice, Orange Beet",$4.29,,,16 fl oz,[],Many in stock,"https://www.instacart.com/image-server/197x197/filters:fill(FFF,true):format(jpg)/d2lnr5mha7bycj.cloudfront.net/product-image/file/large_96f25404-07e0-4f86-8f22-03c6fde791cf.png,"
CVS®,Original price: $9.69,$8.59,,,52 fl oz,['Organic'],Many in stock,"https://www.instacart.com/image-server/197x197/filters:fill(FFF,true):format(jpg)/d2lnr5mha7bycj.cloudfront.net/product-image/file/large_5cc434f7-9f91-4f19-aa08-33e99a6141e7.jpg,"
CVS®,Swoon Zero Sugar Half and Half,$2.49,,,12 fl oz,['Zero Sugar'],,"https://www.instacart.com/image-server/197x197/filters:fill(FFF,true):format(jpg)/d2lnr5mha7bycj.cloudfront.net/product-image/file/large_3c98cb58-73ec-437e-9902-26088a4c0890.jpeg,"
CVS®,"Natalie's Juice, Tangerine",$6.49,,,32 fl oz,['No Sugar Added'],,"https://www.instacart.com/image-server/197x197/filters:fill(FFF,true):format(jpg)/d2lnr5mha7bycj.cloudfront.net/product-image/file/large_1b0ccdb5-cf0f-40e9-83cb-e3b40c9b7764.png,"
CVS®,"Natalie's Juice, Blood Orange",$4.29,,,16 fl oz,[],,"https://www.instacart.com/image-server/197x197/filters:fill(FFF,true):format(jpg)/d2lnr5mha7bycj.cloudfront.net/product-image/file/large_3dbc16bf-c4f5-4bab-8037-4af243a0a047.png,"
CVS®,Original price: $1.99,$1.39,,,14.5 oz,[],,"https://www.instacart.com/image-server/197x197/filters:fill(FFF,true):format(jpg)/d2lnr5mha7bycj.cloudfront.net/product-image/file/large_cdb4c0df-3186-47b6-99d4-3fffc6b44ea4.png,"
CVS®,"Natalie's Juice, Orange Mango",$6.49,,,32 fl oz,['No Sugar Added'],,"https://www.instacart.com/image-server/197x197/filters:fill(FFF,true):format(jpg)/d2lnr5mha7bycj.cloudfront.net/product-image/file/large_f4085894-952d-48cb-8867-811c8b8c9fe5.png,"
CVS®,Original price: $6.49,$5.39,,,8 x 6.7 fl oz,"['Organic', 'No Sugar Added']",,"https://www.instacart.com/image-server/197x197/filters:fill(FFF,true):format(jpg)/d2lnr5mha7bycj.cloudfront.net/product-image/file/large_d63fabfb-f0dd-4a5b-863e-b55ff9b026ea.jpg,"
CVS®,Fresh Thyme Market Organic Tart Cherry Juice,$5.69,,,32 fl oz,['Organic'],,"https://www.instacart.com/image-server/197x197/filters:fill(FFF,true):format(jpg)/d2lnr5mha7bycj.cloudfront.net/product-image/file/large_73b1c645-b021-4fba-a9a4-6baf61456816.png,"
CVS®,Original price: $10.79,$9.69,,,52 fl oz,['Organic'],,"https://www.instacart.com/image-server/197x197/filters:fill(FFF,true):format(jpg)/d2lnr5mha7bycj.cloudfront.net/product-image/file/large_13f5f5d5-1444-435c-8eef-87c8b050d301.jpg,"
CVS®,Original price: $5.39,$4.79,,,52 fl oz • 2 options,[],,"https://www.instacart.com/image-server/197x197/filters:fill(FFF,true):format(jpg)/d2lnr5mha7bycj.cloudfront.net/product-image/file/large_faca71e0-ca6f-492b-b809-e4367c3534f4.png,"
CVS®,POM Wonderful Wonderful 100% Pomegranate Juice,$5.39,,,16 fl oz,['No Sugar Added'],Many in stock,"https://www.instacart.com/image-server/197x197/filters:fill(FFF,true):format(jpg)/d2lnr5mha7bycj.cloudfront.net/product-image/file/large_4c54f50c-8cdd-4bf1-80d5-dccbaa523810.png,"
CVS®,Original price: $5.39,$4.79,,,52 fl oz • 3 options,[],Many in stock,"https://www.instacart.com/image-server/197x197/filters:fill(FFF,true):format(jpg)/d2lnr5mha7bycj.cloudfront.net/product-image/file/large_25e6b24b-990d-4737-95c3-42789029b544.png,"
CVS®,"Tropicana Juice, Pineapple Mango Splash",$4.29,,,52 fl oz,[],,"https://www.instacart.com/image-server/197x197/filters:fill(FFF,true):format(jpg)/d2lnr5mha7bycj.cloudfront.net/product-image/file/large_8db7e402-1a67-43a6-840b-746f6e1a7d67.png,"
CVS®,R.W. Knudsen Family Organic Cherry Juice,$10.79,,,32 fl oz,['Organic'],,"https://www.instacart.com/image-server/197x197/filters:fill(FFF,true):format(jpg)/d2lnr5mha7bycj.cloudfront.net/product-image/file/large_0e8175fc-3acb-4577-ae2e-1daf8364c355.png,"
CVS®,"R.W. Knudsen Family Organic Just Pineapple Juice, 100% Juice",$8.99,,,32 fl oz,['Organic'],,"https://www.instacart.com/image-server/197x197/filters:fill(FFF,true):format(jpg)/d2lnr5mha7bycj.cloudfront.net/product-image/file/large_561bf949-567b-48be-9f68-b814be98add6.png,"
CVS®,"Natalie's Juice, Grapefruit",$6.49,,,32 fl oz,['No Sugar Added'],,"https://www.instacart.com/image-server/197x197/filters:fill(FFF,true):format(jpg)/d2lnr5mha7bycj.cloudfront.net/product-image/file/large_f4a4d14d-311c-4224-988b-3c73c52e5d30.png,"
CVS®,Original price: $17.19,$9.69,,,"Original price: $17.19
$17.19",[],,"https://www.instacart.com/image-server/197x197/filters:fill(FFF,true):format(jpg)/d1s8987jlndkbs.cloudfront.net/assets/missing-item-4bbe82b8555e4d1c12626fd482cb2409713e8e30835645ff3650ef66a725d03c.png,"
CVS®,Mott's 100% Original Apple Juice,$5.99,,,64 fl oz • 2 options,['No Sugar Added'],,"https://www.instacart.com/image-server/197x197/filters:fill(FFF,true):format(jpg)/d2lnr5mha7bycj.cloudfront.net/product-image/file/large_f2db1cef-1304-482b-9bc4-485aacc4b988.png,"
CVS®,Original price: $7.89,$6.99,,,32 fl oz,['No Sugar Added'],,"https://www.instacart.com/image-server/197x197/filters:fill(FFF,true):format(jpg)/d2lnr5mha7bycj.cloudfront.net/product-image/file/large_3ed90655-6bd5-4a5d-8e45-9186b9a44544.png,"
CVS®,Original price: $12.19,$8.59,,,32 fl oz,"['Organic', 'Unsweetened']",,"https://www.instacart.com/image-server/197x197/filters:fill(FFF,true):format(jpg)/d2lnr5mha7bycj.cloudfront.net/product-image/file/large_ac8e1958-6330-488a-9d8f-588481e67e81.png,"
CVS®,"Lakewood Juice, Organic, Pure Pineapple",$10.79,,,32 fl oz,"['Organic', 'Unsweetened']",,"https://www.instacart.com/image-server/197x197/filters:fill(FFF,true):format(jpg)/d2lnr5mha7bycj.cloudfront.net/product-image/file/large_3a00aa71-3ea4-46a8-bfdc-fc00ddd55160.png,"
CVS®,Santa Cruz Organic Organic Lemon Juice,$5.99,,,16 fl oz,['Organic'],,"https://www.instacart.com/image-server/197x197/filters:fill(FFF,true):format(jpg)/d2lnr5mha7bycj.cloudfront.net/product-image/file/large_bf22589a-bb59-4264-bec1-27296b1986b3.png,"
CVS®,"Natalie's Juice, Tangerine",$4.29,,,16 fl oz,[],Many in stock,"https://www.instacart.com/image-server/197x197/filters:fill(FFF,true):format(jpg)/d2lnr5mha7bycj.cloudfront.net/product-image/file/large_8a588ccf-2b0e-4107-9344-b73ef1934c36.png,"
CVS®,Swoon Zero Sugar Classic Lemonade,$2.49,,,12 fl oz,['Zero Sugar'],,"https://www.instacart.com/image-server/197x197/filters:fill(FFF,true):format(jpg)/d2lnr5mha7bycj.cloudfront.net/product-image/file/large_7026593c-e787-4d94-a0b1-50bb96701f8c.jpeg,"
CVS®,"Naked Juice, Strawberry Banana",$4.29,,,15.2 fl oz,['No Sugar Added'],,"https://www.instacart.com/image-server/197x197/filters:fill(FFF,true):format(jpg)/d2lnr5mha7bycj.cloudfront.net/product-image/file/large_7dcccd47-a4a5-415c-831f-18c570ca8f2d.png,"
CVS®,Orchid Island Organic Orange Juice,$6.49,,,32 fl oz,['Organic'],,"https://www.instacart.com/image-server/197x197/filters:fill(FFF,true):format(jpg)/d2lnr5mha7bycj.cloudfront.net/product-image/file/large_f61fddf3-1675-4398-9cd4-15d78e204782.png,"
CVS®,Tropicana Chilled Juice Drink With Other Natural Flavors,$4.29,,,52 fl oz,['No Sugar Added'],,"https://www.instacart.com/image-server/197x197/filters:fill(FFF,true):format(jpg)/d2lnr5mha7bycj.cloudfront.net/product-image/file/large_3323690b-e3d0-4bce-a91b-ba40b34b5f89.png,"
CVS®,"Naked Juice, Mighty Mango",$4.29,,,15.2 fl oz,[],Many in stock,"https://www.instacart.com/image-server/197x197/filters:fill(FFF,true):format(jpg)/d2lnr5mha7bycj.cloudfront.net/product-image/file/large_1977b517-545d-436c-a838-6eee5e194a6b.png,"
CVS®,"Naked Juice, Strawberry Banana",$10.79,,,64 fl oz,['No Sugar Added'],Many in stock,"https://www.instacart.com/image-server/197x197/filters:fill(FFF,true):format(jpg)/d2lnr5mha7bycj.cloudfront.net/product-image/file/large_a8d18fc3-6e81-4355-9007-d8968bc1be25.png,"
CVS®,Swoon Zero Sugar Ginger Lemonade,$2.49,,,12 fl oz,['Zero Sugar'],,"https://www.instacart.com/image-server/197x197/filters:fill(FFF,true):format(jpg)/d2lnr5mha7bycj.cloudfront.net/product-image/file/large_d802f565-ea87-4d24-baab-63c3777f8d23.jpeg,"
CVS®,Honey Nut Cheerios Heart Healthy Cereal With Happy Heart Shapes,$7.59,,,15.4 oz,"['Gluten-Free', 'Whole Grain']",,"https://www.instacart.com/image-server/197x197/filters:fill(FFF,true):format(jpg)/d2lnr5mha7bycj.cloudfront.net/product-image/file/large_da19175e-6c5c-49ce-ac96-9041516048e3.png,"
CVS®,MUSH Blueberry Overnight Oats,$2.49,,,5 oz,['Gluten-Free'],Many in stock,"https://www.instacart.com/image-server/197x197/filters:fill(FFF,true):format(jpg)/d2lnr5mha7bycj.cloudfront.net/product-image/file/large_e566f751-0995-4841-be4f-a5ff7f371158.png,"
CVS®,Cinnamon Toast Crunch Breakfast Cereal,$7.59,,,16.8 oz,['Whole Grain'],,"https://www.instacart.com/image-server/197x197/filters:fill(FFF,true):format(jpg)/d2lnr5mha7bycj.cloudfront.net/product-image/file/large_361a079b-b893-4384-ab54-a505b90335d5.png,"
CVS®,Rice Chex Gluten Free Breakfast Cereal,$6.49,,,12 oz,"['Gluten-Free', 'Whole Grain']",,"https://www.instacart.com/image-server/197x197/filters:fill(FFF,true):format(jpg)/d2lnr5mha7bycj.cloudfront.net/product-image/file/large_7ec71823-c033-4c6d-b96c-fd9ec4eec54d.png,"
CVS®,"MUSH Apple Cinnamon, Overnight Oats",$2.49,,,5 oz,['Gluten-Free'],,"https://www.instacart.com/image-server/197x197/filters:fill(FFF,true):format(jpg)/d2lnr5mha7bycj.cloudfront.net/product-image/file/large_0641dc02-3d45-4ed5-ab64-36a53283d576.png,"
CVS®,Fresh Thyme Market Vanilla Almond Granola,$4.89,,,12 oz,[],,"https://www.instacart.com/image-server/197x197/filters:fill(FFF,true):format(jpg)/d2lnr5mha7bycj.cloudfront.net/product-image/file/large_27f8bac9-4fd2-4f98-9fc5-11fc1ab8c987.png,"
CVS®,Original price: $6.49,$4.89,,,16 oz,"['Organic', 'Whole Grain']",,"https://www.instacart.com/image-server/197x197/filters:fill(FFF,true):format(jpg)/d2lnr5mha7bycj.cloudfront.net/product-image/file/large_f93e810f-76d6-40d9-b5bd-0360a82c0979.jpg,"
CVS®,Original price: $8.59,$7.59,,,7 oz,"['Gluten-Free', 'Organic']",Many in stock,"https://www.instacart.com/image-server/197x197/filters:fill(FFF,true):format(jpg)/d2lnr5mha7bycj.cloudfront.net/product-image/file/large_062e4a8c-5849-478f-94e4-832dbdb828d9.png,"
CVS®,"Cascadian Farm Organic Cinnamon Crunch Cereal, Whole Grain Cereal",$6.49,,,9.2 oz,"['Organic', 'Whole Grain']",,"https://www.instacart.com/image-server/197x197/filters:fill(FFF,true):format(jpg)/d2lnr5mha7bycj.cloudfront.net/product-image/file/large_86a82b23-7515-42df-a26f-96866cb07c3b.png,"
CVS®,MUSH Vanilla Bean Overnight Oats,$2.49,,,5 oz,['Gluten-Free'],,"https://www.instacart.com/image-server/197x197/filters:fill(FFF,true):format(jpg)/d2lnr5mha7bycj.cloudfront.net/product-image/file/large_cfa6ab58-3e73-4162-afe6-00263ef2a1dc.png,"
CVS®,Nature's Path Frosted Berry Strawberry Toaster Pastries,$5.39,,,6 ct,['Organic'],,"https://www.instacart.com/image-server/197x197/filters:fill(FFF,true):format(jpg)/d2lnr5mha7bycj.cloudfront.net/product-image/file/large_27eedf97-ab45-4e53-9a71-2036915fa96f.jpg,"
CVS®,Corn Chex Gluten Free Breakfast Cereal,$6.49,,,12 oz,"['Gluten-Free', 'Whole Grain']",,"https://www.instacart.com/image-server/197x197/filters:fill(FFF,true):format(jpg)/d2lnr5mha7bycj.cloudfront.net/product-image/file/large_cca9adec-2659-4b5e-853e-aadbf59f777f.png,"
CVS®,Simple Mills Almond Flour Original Pancake & Waffle Mix,$9.09,,,10.7 oz,['Gluten-Free'],,"https://www.instacart.com/image-server/197x197/filters:fill(FFF,true):format(jpg)/d2lnr5mha7bycj.cloudfront.net/product-image/file/large_18ec1de1-e020-4c14-a5f8-2219078a8d54.png,"
CVS®,MUSH Peanut Butter Overnight Oats,$2.49,,,5 oz,['Gluten-Free'],,"https://www.instacart.com/image-server/197x197/filters:fill(FFF,true):format(jpg)/d2lnr5mha7bycj.cloudfront.net/product-image/file/large_e6b2083d-f4b1-4200-813a-7b7838cb3fca.png,"
CVS®,Original price: $6.99,$5.99,,,16 oz,"['Organic', 'Gluten-Free']",Many in stock,"https://www.instacart.com/image-server/197x197/filters:fill(FFF,true):format(jpg)/d2lnr5mha7bycj.cloudfront.net/product-image/file/large_43cab6ab-677e-4175-bde8-00b98e35baf0.jpg,"
CVS®,Original price: $7.59,$4.89,,,14 oz,['Whole Grain'],,"https://www.instacart.com/image-server/197x197/filters:fill(FFF,true):format(jpg)/d2lnr5mha7bycj.cloudfront.net/product-image/file/large_5a5eae78-c6ea-4b3b-bb29-03a4deccaa1b.jpg,"
CVS®,Lucky Charms Gluten Free Breakfast Cereal,$7.59,,,14.9 oz,"['Gluten-Free', 'Whole Grain']",,"https://www.instacart.com/image-server/197x197/filters:fill(FFF,true):format(jpg)/d2lnr5mha7bycj.cloudfront.net/product-image/file/large_fe9d2f10-465c-4467-8271-9c3b8a0c0e33.png,"
CVS®,"Quaker Cereal, Multigrain, Cinnamon, Large Size",$6.49,,,18 oz,['Whole Grain'],Many in stock,"https://www.instacart.com/image-server/197x197/filters:fill(FFF,true):format(jpg)/d2lnr5mha7bycj.cloudfront.net/product-image/file/large_61fafcc4-57e2-4062-97dc-572283e87525.png,"
CVS®,Kodiak Cakes Maple Brown Sugar Oatmeal in a Cup,$3.29,,,2.12 oz,[],,"https://www.instacart.com/image-server/197x197/filters:fill(FFF,true):format(jpg)/d2lnr5mha7bycj.cloudfront.net/product-image/file/large_640e1039-6000-4e2a-8e65-0ff2db9f7be2.jpg,"
CVS®,Original price: $6.99,$5.99,,,22 oz,['Organic'],,"https://www.instacart.com/image-server/197x197/filters:fill(FFF,true):format(jpg)/d2lnr5mha7bycj.cloudfront.net/product-image/file/large_e6b3a0aa-4ba1-475b-99ad-277cde48fb8a.jpg,"
CVS®,Nature's Path Organic Frosted Wildberry Acai Toaster Pastries,$5.39,,,11 oz,['Organic'],,"https://www.instacart.com/image-server/197x197/filters:fill(FFF,true):format(jpg)/d2lnr5mha7bycj.cloudfront.net/product-image/file/large_48995fce-7feb-4592-9631-ae9c4f1df12e.jpg,"
CVS®,"Cascadian Farm Organic Fruitful O's Cereal, Gluten Free",$6.49,,,10.2 oz,"['Organic', 'Whole Grain']",,"https://www.instacart.com/image-server/197x197/filters:fill(FFF,true):format(jpg)/d2lnr5mha7bycj.cloudfront.net/product-image/file/large_18a10788-ad09-4ddb-82ad-b59a6e44c799.png,"
CVS®,Kodiak Cakes Power Cakes Buttermilk Flapjack & Waffle Mix,$9.69,,,20 oz,['Whole Grain'],,"https://www.instacart.com/image-server/197x197/filters:fill(FFF,true):format(jpg)/d2lnr5mha7bycj.cloudfront.net/product-image/file/large_d4c2d3e6-2fa3-4307-b545-974511589a35.jpg,"
CVS®,Organic Rolled Oats,$2.69,/lb,,$0.17/oz,['Organic'],,"https://www.instacart.com/image-server/197x197/filters:fill(FFF,true):format(jpg)/d2lnr5mha7bycj.cloudfront.net/product-image/file/large_1a49b22c-0507-4ae0-a9fb-2aecfb1f2ad5.png,"
CVS®,Original price: $7.59,$4.89,,,12 oz,['Gluten-Free'],,"https://www.instacart.com/image-server/197x197/filters:fill(FFF,true):format(jpg)/d2lnr5mha7bycj.cloudfront.net/product-image/file/large_240e7d9b-be9f-4656-913a-f061789fc885.jpg,"
CVS®,Kodiak Cakes Chocolate Chip Oatmeal in a Cup,$3.29,,,2.12 oz,[],,"https://www.instacart.com/image-server/197x197/filters:fill(FFF,true):format(jpg)/d2lnr5mha7bycj.cloudfront.net/product-image/file/large_e5478d77-0c20-49bc-b0f4-6717df6ebbb9.jpg,"
CVS®,"Quaker Oats, 100% Whole Grain, Old Fashioned",$6.49,,,18 oz,[],Many in stock,"https://www.instacart.com/image-server/197x197/filters:fill(FFF,true):format(jpg)/d2lnr5mha7bycj.cloudfront.net/product-image/file/large_04489b47-d04f-4211-a8c1-1f4062d5d5b8.png,"
CVS®,Original price: $8.59,$6.99,,,8.6 oz,"['Gluten-Free', 'Zero Sugar']",,"https://www.instacart.com/image-server/197x197/filters:fill(FFF,true):format(jpg)/d2lnr5mha7bycj.cloudfront.net/product-image/file/large_83a50cb1-d4ff-4937-bda7-6a314c1c01bb.jpg,"
CVS®,Hungry Jack Complete Extra Light And Fluffy Pancake Mix And Waffle Mix,$4.29,,,32 oz,[],,"https://www.instacart.com/image-server/197x197/filters:fill(FFF,true):format(jpg)/d2lnr5mha7bycj.cloudfront.net/product-image/file/large_202b021f-6fb1-4d60-b18d-b767ce4361d5.png,"
CVS®,"Kellogg’s Special K Breakfast Cereal, Family Breakfast, Fiber Cereal, Red Berries",$6.49,,,11.7 oz,['Whole Grain'],,"https://www.instacart.com/image-server/197x197/filters:fill(FFF,true):format(jpg)/d2lnr5mha7bycj.cloudfront.net/product-image/file/large_81b16529-c546-41e2-a537-69c46c61fe48.jpg,"
CVS®,Kodiak Cakes Power Cakes Chocolate Chip Flapjack & Waffle Mix,$9.69,,,18 oz,['Whole Grain'],,"https://www.instacart.com/image-server/197x197/filters:fill(FFF,true):format(jpg)/d2lnr5mha7bycj.cloudfront.net/product-image/file/large_35283603-909e-45e0-91a6-6c2feafac091.jpg,"
CVS®,Nature's Path Dark Chocolate & Red Berries Granola,$6.49,,,11.5 oz,['Organic'],,"https://www.instacart.com/image-server/197x197/filters:fill(FFF,true):format(jpg)/d2lnr5mha7bycj.cloudfront.net/product-image/file/large_f74f28ac-9876-42e8-9ebf-8ccb823fe26c.jpg,"
CVS®,"Purely Elizabeth Chocolate Sea Salt, Ancient Grain Granola, with Probiotics",$8.09,,,8 oz,['Gluten-Free'],,"https://www.instacart.com/image-server/197x197/filters:fill(FFF,true):format(jpg)/d2lnr5mha7bycj.cloudfront.net/product-image/file/large_aca07221-daf2-42c7-bd5a-1358106e6240.png,"
CVS®,"Cream of Wheat Original Hot Cereal, Kosher, 28 OZ Box, 2.5 Min",$8.09,,,28 oz,[],Many in stock,"https://www.instacart.com/image-server/197x197/filters:fill(FFF,true):format(jpg)/d2lnr5mha7bycj.cloudfront.net/product-image/file/large_6d881e4c-68fc-4ffc-b01c-e1d63adcc402.png,"
CVS®,Cascadian Farm Organic Honey Nut O's Breakfast Cereal,$6.49,,,9.5 oz,"['Organic', 'Whole Grain']",,"https://www.instacart.com/image-server/197x197/filters:fill(FFF,true):format(jpg)/d2lnr5mha7bycj.cloudfront.net/product-image/file/large_b6cfb60d-f89d-409e-aa14-f5aad111a64a.png,"
CVS®,Quaker 1-Minute Oats,$9.19,,,42 oz,[],Many in stock,"https://www.instacart.com/image-server/197x197/filters:fill(FFF,true):format(jpg)/d2lnr5mha7bycj.cloudfront.net/product-image/file/large_e9091656-081c-4902-8896-3cade025dc80.png,"
CVS®,Cheerios Heart Healthy Cereal With Limited Edition Happy Heart Shapes,$6.49,,,12 oz,"['Gluten-Free', 'Whole Grain']",,"https://www.instacart.com/image-server/197x197/filters:fill(FFF,true):format(jpg)/d2lnr5mha7bycj.cloudfront.net/product-image/file/large_fc6ce4ba-b525-4ffd-b365-3b262fd63b56.png,"
CVS®,"Honey Bunches of Oats Honey Roasted Breakfast Cereal, Whole Grain, Family Size",$7.59,,,18 oz,['Whole Grain'],Many in stock,"https://www.instacart.com/image-server/197x197/filters:fill(FFF,true):format(jpg)/d2lnr5mha7bycj.cloudfront.net/product-image/file/large_e72499d8-91c0-4ff0-ae44-fff047559448.jpg,"
CVS®,"Kashi Breakfast Cereal, Vegan Protein, Fiber Cereal, Toasted Berry Crisp",$6.49,,,14 oz,['Multigrain'],Many in stock,"https://www.instacart.com/image-server/197x197/filters:fill(FFF,true):format(jpg)/d2lnr5mha7bycj.cloudfront.net/product-image/file/large_c1b034bf-93be-4fc4-847f-c7a62f24a7c9.jpg,"
CVS®,"Purely Elizabeth Original Ancient Grain Granola, Organic",$8.09,,,12 oz,"['Organic', 'Gluten-Free']",,"https://www.instacart.com/image-server/197x197/filters:fill(FFF,true):format(jpg)/d2lnr5mha7bycj.cloudfront.net/product-image/file/large_1d8c63a6-7b68-46db-aaa1-95aba02afd39.png,"
CVS®,Nature's Path Coconut Chia Granola,$6.49,,,12.34 oz,['Organic'],,"https://www.instacart.com/image-server/197x197/filters:fill(FFF,true):format(jpg)/d2lnr5mha7bycj.cloudfront.net/product-image/file/large_b0a49b08-5c3c-41f0-bd9a-69b0661a7694.jpg,"
CVS®,Original price: $7.59,$6.49,,,10.72 oz,['Whole Grain'],,"https://www.instacart.com/image-server/197x197/filters:fill(FFF,true):format(jpg)/d2lnr5mha7bycj.cloudfront.net/product-image/file/large_7866df97-619d-4b95-b454-6cf12888411d.jpg,"
CVS®,Nature's Path Pumpkin Seed + Flax Granola,$6.49,,,11.5 oz,['Organic'],,"https://www.instacart.com/image-server/197x197/filters:fill(FFF,true):format(jpg)/d2lnr5mha7bycj.cloudfront.net/product-image/file/large_9c02a0bf-efca-4094-bdf8-0ba9ad157997.jpg,"
CVS®,"Kashi Breakfast Cereal, Fiber Cereal, Family Breakfast, Honey Almond Flax Crunch",$6.49,,,14 oz,['Whole Grain'],,"https://www.instacart.com/image-server/197x197/filters:fill(FFF,true):format(jpg)/d2lnr5mha7bycj.cloudfront.net/product-image/file/large_fde70848-7262-4691-8c70-8fbf3e0f84a9.jpg,"
CVS®,Wheat Chex Made with Whole Grain Breakfast Cereal,$6.49,,,14 oz,['Whole Grain'],,"https://www.instacart.com/image-server/197x197/filters:fill(FFF,true):format(jpg)/d2lnr5mha7bycj.cloudfront.net/product-image/file/large_a9f20e53-ca4b-4c73-961b-d3b8e7fa0d6f.png,"
CVS®,"Bob's Red Mill Protein Oats, Organic",$11.89,,,32 oz,['Organic'],,"https://www.instacart.com/image-server/197x197/filters:fill(FFF,true):format(jpg)/d2lnr5mha7bycj.cloudfront.net/product-image/file/large_70a50de0-ca3a-4d49-bdb5-bd0947db0bff.png,"
CVS®,"Barbara's Cereal, Original",$6.49,,,10 oz,['Whole Grain'],Many in stock,"https://www.instacart.com/image-server/197x197/filters:fill(FFF,true):format(jpg)/d2lnr5mha7bycj.cloudfront.net/product-image/file/large_a5d98e1b-4a1a-4594-8c3f-27618375c556.png,"
CVS®,Original price: $3.29,$2.69,,,2.36 oz,['Gluten-Free'],,"https://www.instacart.com/image-server/197x197/filters:fill(FFF,true):format(jpg)/d2lnr5mha7bycj.cloudfront.net/product-image/file/large_d1f51850-3d91-44e0-9920-5dce950e0d2e.jpg,"
CVS®,Barbara's Cinnamon Cereal,$6.49,,,10 oz,[],Many in stock,"https://www.instacart.com/image-server/197x197/filters:fill(FFF,true):format(jpg)/d2lnr5mha7bycj.cloudfront.net/product-image/file/large_c66f7ad7-dfaf-4cd9-b294-80e6a7f1184b.jpg,"
CVS®,Original price: $7.59,$6.09,,,11 oz,['Gluten-Free'],,"https://www.instacart.com/image-server/197x197/filters:fill(FFF,true):format(jpg)/d2lnr5mha7bycj.cloudfront.net/product-image/file/large_dcaa6c9b-52b2-49b4-8197-997182c51753.jpg,"
CVS®,"Olyra Cinnamon Tahini, Breakfast Biscuits",$5.99,,,4 x 1.32 oz,['Organic'],,"https://www.instacart.com/image-server/197x197/filters:fill(FFF,true):format(jpg)/d2lnr5mha7bycj.cloudfront.net/product-image/file/large_76aca4f5-a828-461c-8675-b7f871011769.png,"
CVS®,Original price: $8.59,$6.49,,,6 x 1.76 oz,['Gluten-Free'],,"https://www.instacart.com/image-server/197x197/filters:fill(FFF,true):format(jpg)/d2lnr5mha7bycj.cloudfront.net/product-image/file/large_6f1b8904-f838-465a-8ec7-b16192e1d5c8.png,"
CVS®,Original price: $7.89,$6.29,,,32 oz,[],,"https://www.instacart.com/image-server/197x197/filters:fill(FFF,true):format(jpg)/d2lnr5mha7bycj.cloudfront.net/product-image/file/large_75ea4bae-3649-4a7b-974b-6a5ef6d3f4d8.jpg,"
CVS®,"Barbara's Peanut Butter Cereal, Non-GMO, Vegan, Kids Breakfast Cereal",$6.49,,,11 oz,[],Many in stock,"https://www.instacart.com/image-server/197x197/filters:fill(FFF,true):format(jpg)/d2lnr5mha7bycj.cloudfront.net/product-image/file/large_38292381-f5e4-4429-9f34-b102281fd90e.png,"
CVS®,Original price: $3.29,$2.69,,,2.15 oz,['Gluten-Free'],,"https://www.instacart.com/image-server/197x197/filters:fill(FFF,true):format(jpg)/d2lnr5mha7bycj.cloudfront.net/product-image/file/large_e01ae613-f85a-47b4-8f6a-888ff21820af.jpg,"
CVS®,"Life Cereal, Multigrain, Original, Large Size",$6.49,,,18 oz,['Multigrain'],Many in stock,"https://www.instacart.com/image-server/197x197/filters:fill(FFF,true):format(jpg)/d2lnr5mha7bycj.cloudfront.net/product-image/file/large_914da911-98ba-420c-a543-f008487e2cb5.png,"
CVS®,Original price: $6.49,$5.19,,,12 oz,[],,"https://www.instacart.com/image-server/197x197/filters:fill(FFF,true):format(jpg)/d2lnr5mha7bycj.cloudfront.net/product-image/file/large_70f342d0-3fd8-4f76-ad9e-4c43a6d89f40.jpg,"
CVS®,Original price: $6.19,$4.89,,,24 oz,[],,"https://www.instacart.com/image-server/197x197/filters:fill(FFF,true):format(jpg)/d2lnr5mha7bycj.cloudfront.net/product-image/file/large_a0b791c3-4c06-4dc2-b74e-7c02f74fd5b0.png,"
CVS®,Original price: $6.49,$5.19,,,24 oz,['Organic'],,"https://www.instacart.com/image-server/197x197/filters:fill(FFF,true):format(jpg)/d2lnr5mha7bycj.cloudfront.net/product-image/file/large_4b5cd32c-4cf4-4de0-8fc4-060785a24ca8.jpg,"
CVS®,Original price: $9.69,$7.79,,,28 oz,['Gluten-Free'],,"https://www.instacart.com/image-server/197x197/filters:fill(FFF,true):format(jpg)/d2lnr5mha7bycj.cloudfront.net/product-image/file/large_222d52e6-118f-45fd-94cb-7c43e2a3f6d8.jpg,"
CVS®,"Starbucks Iced Coffee, Blonde Roast, Unsweetened, Black",$7.59,,,48 fl oz,['Unsweetened'],Many in stock,"https://www.instacart.com/image-server/197x197/filters:fill(FFF,true):format(jpg)/d2lnr5mha7bycj.cloudfront.net/product-image/file/large_506072a3-cebf-4726-81ee-25464f9c4aad.png,"
CVS®,ABF Boneless Skinless Tenders,$8.05,/pkg (est.),$7.59 / lb,About 1.06 lb / package,['Breast'],,"https://www.instacart.com/image-server/197x197/filters:fill(FFF,true):format(jpg)/d2lnr5mha7bycj.cloudfront.net/product-image/file/large_edc6da83-e27c-4aa9-93e4-d08f4e3531db.png,"
CVS®,Original price: $10.79,$9.69,,,32 fl oz,['Organic'],,"https://www.instacart.com/image-server/197x197/filters:fill(FFF,true):format(jpg)/d2lnr5mha7bycj.cloudfront.net/product-image/file/large_c9216365-c0b1-46e1-9b96-2994291a049d.jpg,"
CVS®,"OLIPOP Prebiotic Soda, Cream Soda",$2.69,,,12 fl oz,[],,"https://www.instacart.com/image-server/197x197/filters:fill(FFF,true):format(jpg)/d2lnr5mha7bycj.cloudfront.net/product-image/file/large_915583b0-8582-4975-951e-37946ce6d904.jpg,"
CVS®,Fresh Thyme Market Kitchen Towel 100% Recycled,$8.59,,,238 sq ft,[],Many in stock,"https://www.instacart.com/image-server/197x197/filters:fill(FFF,true):format(jpg)/d2lnr5mha7bycj.cloudfront.net/product-image/file/large_e88e0869-b931-40ec-8c2e-8bac06c242ef.png,"
CVS®,"Once Upon a Farm Wild Rumpus Avocado, Pineapple, Banana, Apple, Avocado, Organic Kids Snack Pouch",$3.29,,,3.2 oz,"['Vegan', 'Organic']",,"https://www.instacart.com/image-server/197x197/filters:fill(FFF,true):format(jpg)/d2lnr5mha7bycj.cloudfront.net/product-image/file/large_9fd66bbc-8b60-4c64-9ea9-f4d5c2d16986.png,"
CVS®,Boar's Head PitCraft Slow Smoked Turkey Breast,$14.59,/lb,,$0.91/oz,[],,"https://www.instacart.com/image-server/197x197/filters:fill(FFF,true):format(jpg)/d2lnr5mha7bycj.cloudfront.net/product-image/file/large_38bde298-f118-4a3a-aa93-50ac38b37aeb.png,"
CVS®,Fresh Thyme Market Bath Tissue 100% Recycled,$8.59,,,400 sq ft,[],Many in stock,"https://www.instacart.com/image-server/197x197/filters:fill(FFF,true):format(jpg)/d2lnr5mha7bycj.cloudfront.net/product-image/file/large_0ba523a7-8953-4dcf-a019-527dcbea3bba.png,"
CVS®,"OLIPOP Prebiotic Soda, Classic Grape",$2.69,,,12 fl oz,[],,"https://www.instacart.com/image-server/197x197/filters:fill(FFF,true):format(jpg)/d2lnr5mha7bycj.cloudfront.net/product-image/file/large_edd01d07-5f72-47bd-9740-c25e1c2640b7.png,"
CVS®,Original price: $2.39,$2.19,,,3.2 oz,"['Organic', 'Vegan']",,"https://www.instacart.com/image-server/197x197/filters:fill(FFF,true):format(jpg)/d2lnr5mha7bycj.cloudfront.net/product-image/file/large_717a94e8-3616-445d-b5f5-ad512d290233.png,"
CVS®,Boar's Head Honey Maple Turkey Breast,$14.59,/lb,,$0.91/oz,[],,"https://www.instacart.com/image-server/197x197/filters:fill(FFF,true):format(jpg)/d2lnr5mha7bycj.cloudfront.net/product-image/file/large_c5a4cffd-7782-4516-9b24-2e45dabfbeb0.png,"
CVS®,Original price: $3.29,$2.69,,,6 oz bag,[],,"https://www.instacart.com/image-server/197x197/filters:fill(FFF,true):format(jpg)/d2lnr5mha7bycj.cloudfront.net/product-image/file/large_13b8bdf1-3265-442e-8ad7-2292899ecbe7.png,"
CVS®,Seedless Watermelon,$10.79,,,,[],Likely out of stock,"https://www.instacart.com/image-server/197x197/filters:fill(FFF,true):format(jpg)/d2lnr5mha7bycj.cloudfront.net/product-image/file/large_188252d9-cbc8-4921-8e08-7502a70ad7bc.png,"
CVS®,Original price: $7.59,$6.49,,,13.4 oz,['Whole Grain'],,"https://www.instacart.com/image-server/197x197/filters:fill(FFF,true):format(jpg)/d2lnr5mha7bycj.cloudfront.net/product-image/file/large_3f57c1cd-d394-4f73-b84a-5720b1b4c4ab.jpg,"
CVS®,"Starbucks Iced Coffee, Medium Roast, Black, Unsweetened",$7.59,,,48 fl oz,['Unsweetened'],Many in stock,"https://www.instacart.com/image-server/197x197/filters:fill(FFF,true):format(jpg)/d2lnr5mha7bycj.cloudfront.net/product-image/file/large_b02c3db3-10c6-4dc9-aa3e-da12767b085e.png,"
CVS®,Original price: $5.59,$3.29,,,8 oz,['Gluten-Free'],Many in stock,"https://www.instacart.com/image-server/197x197/filters:fill(FFF,true):format(jpg)/d2lnr5mha7bycj.cloudfront.net/product-image/file/large_ecfbc302-d211-48be-95e9-6d1233117502.jpg,"
CVS®,Fresh Thyme Market Facial Tissue 100% Recycled,$1.09,,,85 ct,[],,"https://www.instacart.com/image-server/197x197/filters:fill(FFF,true):format(jpg)/d2lnr5mha7bycj.cloudfront.net/product-image/file/large_95ebc263-8bb5-4543-ad81-cc78137e9823.png,"
CVS®,"OLIPOP Prebiotic Soda, Orange Squeeze",$2.69,,,12 fl oz,[],Many in stock,"https://www.instacart.com/image-server/197x197/filters:fill(FFF,true):format(jpg)/d2lnr5mha7bycj.cloudfront.net/product-image/file/large_00481a06-89cd-413f-a3a4-c5984b4a2884.jpeg,"
CVS®,"C2O Coconut Water ""The Original""",$9.69,,,8 x 10.5 fl oz,[],,"https://www.instacart.com/image-server/197x197/filters:fill(FFF,true):format(jpg)/d2lnr5mha7bycj.cloudfront.net/product-image/file/large_c2e4e4a0-ca7c-4b8f-8cde-72a92c82e715.jpg,"
CVS®,Canyon Bakehouse 7-Grain Gluten Free Bread,$8.59,,,18 oz,['Gluten-Free'],,"https://www.instacart.com/image-server/197x197/filters:fill(FFF,true):format(jpg)/d2lnr5mha7bycj.cloudfront.net/product-image/file/large_ff28b1e6-2a40-4921-bf21-3912be822a1d.png,"
CVS®,"LaCroix Sparkling Water, Pure",$6.49,,,12 x 12 fl oz,"['Sodium-Free', 'Zero Calories']",,"https://www.instacart.com/image-server/197x197/filters:fill(FFF,true):format(jpg)/d2lnr5mha7bycj.cloudfront.net/product-image/file/large_58b65aa2-634f-465e-94d9-37e975245a93.png,"
CVS®,Fresh Thyme Market Fresh Thyme Alkaline .5L 24Pk,$8.09,,,24 x 16.9 fl oz,[],,"https://www.instacart.com/image-server/197x197/filters:fill(FFF,true):format(jpg)/d2lnr5mha7bycj.cloudfront.net/product-image/file/large_2113ba10-ca37-4243-a2d5-0b115c9cab2d.png,"
CVS®,Fresh Thyme Market Organic Tofu - Super Firm,$2.69,,,10 oz,[],Many in stock,"https://www.instacart.com/image-server/197x197/filters:fill(FFF,true):format(jpg)/d2lnr5mha7bycj.cloudfront.net/product-image/file/large_0b6521c1-294f-4009-ae57-d23592429c59.png,"
CVS®,"Tru Fru Nature's Raspberries, Dark Chocolate",$8.59,,,8 oz,['Gluten-Free'],,"https://www.instacart.com/image-server/197x197/filters:fill(FFF,true):format(jpg)/d2lnr5mha7bycj.cloudfront.net/product-image/file/large_4b7c3f69-8c5b-43e7-be5d-2b61d60992d3.png,"
CVS®,Dave's Killer Bread Epic Everything Organic Bagels,$6.99,,,5 ct,[],,"https://www.instacart.com/image-server/197x197/filters:fill(FFF,true):format(jpg)/d2lnr5mha7bycj.cloudfront.net/product-image/file/large_29b7d1a6-f937-45e3-ac48-8739f3dd92f2.png,"
CVS®,Dave's Killer Bread Cinnamon Raisin Remix Organic Bagels,$6.99,,,5 ct,[],,"https://www.instacart.com/image-server/197x197/filters:fill(FFF,true):format(jpg)/d2lnr5mha7bycj.cloudfront.net/product-image/file/large_6b4c6d03-0006-4d76-be2e-e72577055d46.png,"
CVS®,Dave's Killer Bread Organic Boomin Berry Bagels,$6.99,,,5 ct,[],,"https://www.instacart.com/image-server/197x197/filters:fill(FFF,true):format(jpg)/d2lnr5mha7bycj.cloudfront.net/product-image/file/large_739a52bb-94a2-4555-80d8-8f5c751763cd.png,"
CVS®,Ice Mountain Natural Spring Water,$2.49,,,101.4 fl oz,[],,"https://www.instacart.com/image-server/197x197/filters:fill(FFF,true):format(jpg)/d2lnr5mha7bycj.cloudfront.net/product-image/file/large_6fbe59ea-e0b7-4c43-9d4a-491f49dea58e.jpg,"
CVS®,Ice Mountain Natural Spring Water,$6.29,,,2.5 gal,[],,"https://www.instacart.com/image-server/197x197/filters:fill(FFF,true):format(jpg)/d2lnr5mha7bycj.cloudfront.net/product-image/file/large_b25b10e4-3a7a-4ab6-bc8f-1c8e55a4552f.jpg,"
CVS®,"The Good Crisp Company Potato Crisps, Classic Original",$4.89,,,5.6 oz,['Gluten-Free'],,"https://www.instacart.com/image-server/197x197/filters:fill(FFF,true):format(jpg)/d2lnr5mha7bycj.cloudfront.net/product-image/file/large_6758e158-3661-4635-8f89-1ab72756d663.png,"
CVS®,Original price: $7.59,$6.49,,,6 ct,['Gluten-Free'],Many in stock,"https://www.instacart.com/image-server/197x197/filters:fill(FFF,true):format(jpg)/d2lnr5mha7bycj.cloudfront.net/product-image/file/large_016c249c-e9ea-4392-bf7c-1b80fa71c885.png,"
CVS®,"Vital Farms Eggs, Organic, Pasture Raised, Large",$9.69,,,12 ct,"['Organic', 'Pasture-Raised']",Many in stock,"https://www.instacart.com/image-server/197x197/filters:fill(FFF,true):format(jpg)/d2lnr5mha7bycj.cloudfront.net/product-image/file/large_69683bf4-9b5f-45a4-9392-749f53b71ada.png,"
CVS®,Original price: $7.59,$6.49,,,12 ct,['Pasture-Raised'],,"https://www.instacart.com/image-server/197x197/filters:fill(FFF,true):format(jpg)/d2lnr5mha7bycj.cloudfront.net/product-image/file/large_b1717c99-6cdc-4cff-9640-12f666076c0c.png,"
CVS®,Applegate Naturals Natural Classic Pork Breakfast Sausage,$6.49,,,7 oz,['Gluten-Free'],,"https://www.instacart.com/image-server/197x197/filters:fill(FFF,true):format(jpg)/d2lnr5mha7bycj.cloudfront.net/product-image/file/large_0fa7108b-19b5-49ce-81bd-7922a6a86d12.png,"
CVS®,Applegate Naturals Natural Chicken & Sage Breakfast Sausage,$6.49,,,7 oz,['Gluten-Free'],,"https://www.instacart.com/image-server/197x197/filters:fill(FFF,true):format(jpg)/d2lnr5mha7bycj.cloudfront.net/product-image/file/large_595fc28c-7a17-422e-bfb9-625bbd2a2b28.png,"
CVS®,Original price: $6.49,$5.39,,,4 x 2.06 fl oz,"['Vegan', 'Gluten-Free']",,"https://www.instacart.com/image-server/197x197/filters:fill(FFF,true):format(jpg)/d2lnr5mha7bycj.cloudfront.net/product-image/file/large_9ca84c39-f11c-4b3e-b902-2c65d7bbbe5d.png,"
CVS®,Original price: $8.09,$6.49,,,8 oz,"['Organic', 'Non-GMO']",,"https://www.instacart.com/image-server/197x197/filters:fill(FFF,true):format(jpg)/d2lnr5mha7bycj.cloudfront.net/product-image/file/large_c136a523-8f9b-48ae-a428-76ece1594098.png,"
CVS®,Applegate Naturals Gluten Free Chicken Nuggets 16 oz,$16.19,,,16 oz,['Gluten-Free'],,"https://www.instacart.com/image-server/197x197/filters:fill(FFF,true):format(jpg)/d2lnr5mha7bycj.cloudfront.net/product-image/file/large_4b0a9592-7560-47c7-aa5d-1eeca0e9d5cf.png,"
CVS®,"Red's Burrito, Organic, Chicken Cilantro & Lime",$3.29,,,4.5 oz,[],,"https://www.instacart.com/image-server/197x197/filters:fill(FFF,true):format(jpg)/d2lnr5mha7bycj.cloudfront.net/product-image/file/large_77d43c95-6ec4-4d3e-96a1-12a107651b2b.png,"
CVS®,"Red's Burrito, Organic, Bean & Cheese",$3.29,,,5 oz,[],,"https://www.instacart.com/image-server/197x197/filters:fill(FFF,true):format(jpg)/d2lnr5mha7bycj.cloudfront.net/product-image/file/large_c0787023-2092-4fe9-946e-484bd02a871b.png,"
CVS®,Grain Trust Hibachi Fried Rice,$6.49,,,2 x 20 oz,"['Gluten-Free', 'Vegan']",Many in stock,"https://www.instacart.com/image-server/197x197/filters:fill(FFF,true):format(jpg)/d2lnr5mha7bycj.cloudfront.net/product-image/file/large_5b37baa6-a01c-41f0-ba91-2bd51d5385ab.jpg,"
CVS®,"Grain Trust Steamed Jasmine Rice, Organic",$6.49,,,3 x 30 oz,"['Gluten-Free', 'Vegan']",,"https://www.instacart.com/image-server/197x197/filters:fill(FFF,true):format(jpg)/d2lnr5mha7bycj.cloudfront.net/product-image/file/large_f537cdb4-f829-40d1-b795-a1e3e81fab01.jpg,"
CVS®,"Boomerang's Spinach & Mushroom Pie, Vegetarian Frozen Meal",$4.89,,,6 oz,[],Many in stock,"https://www.instacart.com/image-server/197x197/filters:fill(FFF,true):format(jpg)/d2lnr5mha7bycj.cloudfront.net/product-image/file/large_8298e457-8e31-48a5-ae29-dbf406c7a389.png,"
CVS®,Amy's Kitchen Cheese Pizza,$12.89,,,13 oz,[],,"https://www.instacart.com/image-server/197x197/filters:fill(FFF,true):format(jpg)/d2lnr5mha7bycj.cloudfront.net/product-image/file/large_eba90706-22ea-4a02-917c-aab59883498d.png,"
CVS®,"Red's Burrito, Steak & Cheddar",$3.29,,,5 oz,[],,"https://www.instacart.com/image-server/197x197/filters:fill(FFF,true):format(jpg)/d2lnr5mha7bycj.cloudfront.net/product-image/file/large_c2bafdac-4fad-46dc-a894-4c65606f524b.png,"
CVS®,"Red's Burrito, Chicken Chorizo",$3.29,,,5 oz,[],,"https://www.instacart.com/image-server/197x197/filters:fill(FFF,true):format(jpg)/d2lnr5mha7bycj.cloudfront.net/product-image/file/large_7965843b-043b-455c-aeb6-1fea0146e8a9.png,"
CVS®,"Urban Pie Pizza Co. Pizza, Thin Artisan Crust, Uncured Pepperoni",$10.79,,,18.55 oz,[],Many in stock,"https://www.instacart.com/image-server/197x197/filters:fill(FFF,true):format(jpg)/d2lnr5mha7bycj.cloudfront.net/product-image/file/large_fe54e844-ec9a-4483-b692-d501ba734b19.png,"
CVS®,Original price: $5.39,$3.29,,,8 oz,[],Many in stock,"https://www.instacart.com/image-server/197x197/filters:fill(FFF,true):format(jpg)/d2lnr5mha7bycj.cloudfront.net/product-image/file/large_315281bf-f372-4210-a80d-ca7892540074.jpg,"
CVS®,Original price: $4.89,$4.09,,,10 oz,['Gluten-Free'],,"https://www.instacart.com/image-server/197x197/filters:fill(FFF,true):format(jpg)/d2lnr5mha7bycj.cloudfront.net/product-image/file/large_4ab52623-83ad-4c49-b0d2-b84b4cc9413e.jpg,"
CVS®,Feel Good Foods Gluten-Free Pork Potsticker Dumplings,$10.79,,,10 oz,['Gluten-Free'],,"https://www.instacart.com/image-server/197x197/filters:fill(FFF,true):format(jpg)/d2lnr5mha7bycj.cloudfront.net/product-image/file/large_43a6be29-6c8d-49b3-9f3f-ed6d5c82ee8c.png,"
CVS®,Amy's Kitchen Margherita Pizza,$12.89,,,13 oz,[],,"https://www.instacart.com/image-server/197x197/filters:fill(FFF,true):format(jpg)/d2lnr5mha7bycj.cloudfront.net/product-image/file/large_af1771ef-cf95-4b94-b3ab-6f63a87dc9ec.png,"
CVS®,Amy's Kitchen Gluten Free Bean & Rice Burrito,$4.59,,,5.5 oz,"['Gluten-Free', 'Vegan']",,"https://www.instacart.com/image-server/197x197/filters:fill(FFF,true):format(jpg)/d2lnr5mha7bycj.cloudfront.net/product-image/file/large_f3042d7c-bce0-4d6a-85c6-ca1f24894ec3.png,"
CVS®,Amy's Kitchen Macaroni & Cheese,$5.99,,,9 oz,[],,"https://www.instacart.com/image-server/197x197/filters:fill(FFF,true):format(jpg)/d2lnr5mha7bycj.cloudfront.net/product-image/file/large_f3d30208-914c-4873-b4a9-51b1ad4fd48c.png,"
CVS®,Original price: $6.49,$5.39,,,7.4 oz,[],,"https://www.instacart.com/image-server/197x197/filters:fill(FFF,true):format(jpg)/d2lnr5mha7bycj.cloudfront.net/product-image/file/large_68d55473-2bcf-44fd-a3f8-2bd3677e596d.png,"
CVS®,"Banza Four Cheese Pizza - Protein, Gluten Free",$10.79,,,10.9 oz,['Gluten-Free'],,"https://www.instacart.com/image-server/197x197/filters:fill(FFF,true):format(jpg)/d2lnr5mha7bycj.cloudfront.net/product-image/file/large_e33e4c84-85bc-4b59-a73b-d4c564eaaa72.png,"
CVS®,Amy's Kitchen Pad Thai,$7.59,,,9.5 oz,"['Gluten-Free', 'Vegan']",,"https://www.instacart.com/image-server/197x197/filters:fill(FFF,true):format(jpg)/d2lnr5mha7bycj.cloudfront.net/product-image/file/large_aed41112-5425-4970-877e-4c046eff5b13.png,"
CVS®,Original price: $11.89,$10.79,,,15 oz,['Gluten-Free'],,"https://www.instacart.com/image-server/197x197/filters:fill(FFF,true):format(jpg)/d2lnr5mha7bycj.cloudfront.net/product-image/file/large_f92848c3-8941-4b6f-a256-da98c37d2c5e.png,"
CVS®,Stouffer's Macaroni & Cheese Frozen Meal,$4.89,,,12 oz,[],,"https://www.instacart.com/image-server/197x197/filters:fill(FFF,true):format(jpg)/d2lnr5mha7bycj.cloudfront.net/product-image/file/large_74cbb5a1-3633-4459-b319-d26051db25e1.jpg,"
CVS®,Original price: $5.99,$4.89,,,9 oz,[],,"https://www.instacart.com/image-server/197x197/filters:fill(FFF,true):format(jpg)/d2lnr5mha7bycj.cloudfront.net/product-image/file/large_444bc525-3160-44cb-b285-5827522e5616.jpg,"
CVS®,Jack's Original Pepperoni,$5.99,,,15.4 oz,[],,"https://www.instacart.com/image-server/197x197/filters:fill(FFF,true):format(jpg)/d2lnr5mha7bycj.cloudfront.net/product-image/file/large_d4620565-7e3e-44ca-a55f-0d5594a81bdd.jpg,"
CVS®,Original price: $6.49,$5.39,,,7.8 oz,[],,"https://www.instacart.com/image-server/197x197/filters:fill(FFF,true):format(jpg)/d2lnr5mha7bycj.cloudfront.net/product-image/file/large_0c96effc-bd89-40df-b773-6af625f60293.png,"
CVS®,Amy's Kitchen Gluten Free Three Cheese Kale Bowl,$7.59,,,8.5 oz,['Gluten-Free'],Many in stock,"https://www.instacart.com/image-server/197x197/filters:fill(FFF,true):format(jpg)/d2lnr5mha7bycj.cloudfront.net/product-image/file/large_119ac51e-0100-4797-a5be-e69756fedacb.png,"
CVS®,"Urban Pie Pizza Co. Pizza, Thin Artisan Crust, Pesto & Fresh Mozzarella",$10.79,,,16.9 oz,[],,"https://www.instacart.com/image-server/197x197/filters:fill(FFF,true):format(jpg)/d2lnr5mha7bycj.cloudfront.net/product-image/file/large_e5922077-fc56-42d4-9a91-e49baf046775.png,"
CVS®,"Feel Good Foods Gluten-Free Mac & Cheese Bites, Three Cheese",$9.69,,,8 oz,"['Gluten-Free', 'Keto']",,"https://www.instacart.com/image-server/197x197/filters:fill(FFF,true):format(jpg)/d2lnr5mha7bycj.cloudfront.net/product-image/file/large_ac3c7af8-7962-40a0-803c-3b614cb19412.png,"
CVS®,Cappello's Uncured Pepperoni Pizza,$12.89,,,12 oz,['Gluten-Free'],,"https://www.instacart.com/image-server/197x197/filters:fill(FFF,true):format(jpg)/d2lnr5mha7bycj.cloudfront.net/product-image/file/large_6d1ef552-df74-4081-91d7-1f35446f0cf3.png,"
CVS®,Original price: $5.99,$4.89,,,8.9 oz,[],,"https://www.instacart.com/image-server/197x197/filters:fill(FFF,true):format(jpg)/d2lnr5mha7bycj.cloudfront.net/product-image/file/large_21f1fe14-8a79-4d2f-ac22-39f59603f273.jpg,"
CVS®,"Urban Pie Pizza Co. Pizza, with Balsamic Glaze, Thin Artisan Crust, Roasted Vegetable & Goat Cheese",$10.79,,,19.1 oz,[],Many in stock,"https://www.instacart.com/image-server/197x197/filters:fill(FFF,true):format(jpg)/d2lnr5mha7bycj.cloudfront.net/product-image/file/large_892ebb8f-68bb-4196-9fb7-01490a01f8eb.png,"
CVS®,Kidfresh Wagon Wheels Mac & Cheese,$6.99,,,7.25 oz,[],Many in stock,"https://www.instacart.com/image-server/197x197/filters:fill(FFF,true):format(jpg)/d2lnr5mha7bycj.cloudfront.net/product-image/file/large_722bbda0-fe4d-4857-9762-3501437dae42.png,"
CVS®,Healthy Choice Power Bowls Chicken Adobo,$6.49,,,9.75 oz,[],,"https://www.instacart.com/image-server/197x197/filters:fill(FFF,true):format(jpg)/d2lnr5mha7bycj.cloudfront.net/product-image/file/large_e8902dc1-e0c4-477e-a0a1-089c52fc8e42.jpg,"
CVS®,Original price: $4.69,$4.09,,,16 oz,[],,"https://www.instacart.com/image-server/197x197/filters:fill(FFF,true):format(jpg)/d1s8987jlndkbs.cloudfront.net/assets/missing-item-4bbe82b8555e4d1c12626fd482cb2409713e8e30835645ff3650ef66a725d03c.png,"
CVS®,Original price: $7.59,$6.49,,,14.1 oz,['Vegan'],Many in stock,"https://www.instacart.com/image-server/197x197/filters:fill(FFF,true):format(jpg)/d2lnr5mha7bycj.cloudfront.net/product-image/file/large_d424918a-5adc-41ec-8617-f4ae2c1ad792.jpg,"
CVS®,Amy's Kitchen Vegan Margherita Pizza,$12.89,,,13.5 oz,['Vegan'],,"https://www.instacart.com/image-server/197x197/filters:fill(FFF,true):format(jpg)/d2lnr5mha7bycj.cloudfront.net/product-image/file/large_656bdd81-0864-462f-b1ce-5ca3c8502a93.png,"
CVS®,Cappello's Italian Sausage with Roasted Red Pepper Pizza,$12.89,,,12 oz,['Gluten-Free'],Many in stock,"https://www.instacart.com/image-server/197x197/filters:fill(FFF,true):format(jpg)/d2lnr5mha7bycj.cloudfront.net/product-image/file/large_e032a518-7557-4ae0-9f70-8bffd1e29cc3.png,"
CVS®,Amy's Kitchen Bowls Cheese Ravioli with Sauce,$7.59,,,9.5 oz,[],,"https://www.instacart.com/image-server/197x197/filters:fill(FFF,true):format(jpg)/d2lnr5mha7bycj.cloudfront.net/product-image/file/large_73cb64ad-c7ea-4af6-9e99-3ec1e91dd88f.png,"
CVS®,Daiya Dairy Free Fire Roasted Vegetable Gluten Free Pizza,$10.79,,,17.4 oz,"['Gluten-Free', 'Vegan']",,"https://www.instacart.com/image-server/197x197/filters:fill(FFF,true):format(jpg)/d2lnr5mha7bycj.cloudfront.net/product-image/file/large_6bec39b9-bad7-4fa6-978a-56c1db44feab.jpg,"
CVS®,Original price: $4.29,$3.79,,,9.2 oz,['Vegan'],,"https://www.instacart.com/image-server/197x197/filters:fill(FFF,true):format(jpg)/d2lnr5mha7bycj.cloudfront.net/product-image/file/large_2d227158-9dbd-487a-84b0-bff2cb2066c1.png,"
CVS®,Fresh Thyme Market Double Crust French Bread,$2.69,,,19 oz,[],,"https://www.instacart.com/image-server/197x197/filters:fill(FFF,true):format(jpg)/d2lnr5mha7bycj.cloudfront.net/product-image/file/large_a42dcd04-9f03-4e5d-82a4-2834cfcdf867.png,"
CVS®,Fresh Thyme Market Fresh Thyme White Bread,$4.29,,,16 oz,[],Many in stock,"https://www.instacart.com/image-server/197x197/filters:fill(FFF,true):format(jpg)/d2lnr5mha7bycj.cloudfront.net/product-image/file/large_da408ef5-8017-422a-a1a9-63daa93b0410.png,"
CVS®,Schär Ciabatta,$6.79,,,7 oz,"['Vegan', 'Gluten-Free']",,"https://www.instacart.com/image-server/197x197/filters:fill(FFF,true):format(jpg)/d2lnr5mha7bycj.cloudfront.net/product-image/file/large_d7ee52f1-acc6-4e03-a5f2-9189b60d4915.png,"
CVS®,Artisan French Baguette With Bags,$2.69,,,13.2 oz,[],,"https://www.instacart.com/image-server/197x197/filters:fill(FFF,true):format(jpg)/d2lnr5mha7bycj.cloudfront.net/product-image/file/large_cf65ad48-6c61-47ef-b38a-c8b259775bc3.png,"
CVS®,Boulart Original European Demi-Baguette (Us Bag),$2.69,,,6 oz,[],,"https://www.instacart.com/image-server/197x197/filters:fill(FFF,true):format(jpg)/d2lnr5mha7bycj.cloudfront.net/product-image/file/large_c6435572-4585-4f15-8759-9d4ff25c2bcf.png,"
CVS®,Companion Sourdough Batard,$5.39,,,14 oz,[],Many in stock,"https://www.instacart.com/image-server/197x197/filters:fill(FFF,true):format(jpg)/d2lnr5mha7bycj.cloudfront.net/product-image/file/large_1906daa1-d357-4abe-b0ce-f6ea5e2ef532.png,"
CVS®,"SOLA Sweet Oat Bread, Low Carb, Zero Added Sugar",$8.59,,,14 oz,[],,"https://www.instacart.com/image-server/197x197/filters:fill(FFF,true):format(jpg)/d2lnr5mha7bycj.cloudfront.net/product-image/file/large_c1a51a5e-c661-44c3-a8cc-4dfb03006019.jpg,"
CVS®,Fresh Thyme Market Fresh Thyme Multigrain Bread,$4.29,,,16 oz,[],Many in stock,"https://www.instacart.com/image-server/197x197/filters:fill(FFF,true):format(jpg)/d2lnr5mha7bycj.cloudfront.net/product-image/file/large_95ae2f0f-ca23-491a-a878-d9c730c37a3c.png,"
CVS®,Fresh Thyme Market Fresh Thyme Honey Wheat Bread,$4.29,,,16 oz,[],Many in stock,"https://www.instacart.com/image-server/197x197/filters:fill(FFF,true):format(jpg)/d2lnr5mha7bycj.cloudfront.net/product-image/file/large_8171a57c-1cf8-4aeb-b8b0-8d7dec4d99f4.png,"
CVS®,Fresh Thyme Market Fresh Thyme Marble Rye Bread,$4.29,,,16 oz,[],Many in stock,"https://www.instacart.com/image-server/197x197/filters:fill(FFF,true):format(jpg)/d2lnr5mha7bycj.cloudfront.net/product-image/file/large_33c4315f-58ad-4eaf-8109-1417cf77201a.png,"
CVS®,"The Essential Baking Company Loaf, Sourdough, Take & Bake",$7.59,,,16 oz,['Organic'],Many in stock,"https://www.instacart.com/image-server/197x197/filters:fill(FFF,true):format(jpg)/d2lnr5mha7bycj.cloudfront.net/product-image/file/large_9d51fc76-b63e-46ab-9ea3-8106a5c049f2.png,"
CVS®,"The Essential Baking Company Italian Loaf, Take & Bake",$7.59,,,16 oz,['Organic'],Many in stock,"https://www.instacart.com/image-server/197x197/filters:fill(FFF,true):format(jpg)/d2lnr5mha7bycj.cloudfront.net/product-image/file/large_a250c88c-f8a6-461c-831d-df744b0b442e.png,"
CVS®,Original price: $11.09,$9.69,,,16 oz,"['Keto', 'Gluten-Free']",,"https://www.instacart.com/image-server/197x197/filters:fill(FFF,true):format(jpg)/d2lnr5mha7bycj.cloudfront.net/product-image/file/large_05e443f8-87c7-4af7-a847-8650727893c8.png,"
CVS®,Boulart Red Pepper And Onion Fougasse (Us Individually Wrapped),$5.39,,,12 oz,[],,"https://www.instacart.com/image-server/197x197/filters:fill(FFF,true):format(jpg)/d2lnr5mha7bycj.cloudfront.net/product-image/file/large_88eba7c0-cee5-4555-8942-740a7df70712.png,"
CVS®,"Dave's Killer Bread Bread, Organic, Good Seed",$8.09,,,27 oz,['Organic'],,"https://www.instacart.com/image-server/197x197/filters:fill(FFF,true):format(jpg)/d2lnr5mha7bycj.cloudfront.net/product-image/file/large_18d257cf-c0ee-47ba-ab34-88e1221acbbf.png,"
CVS®,"The Essential Baking Company Garlic Bread, Take & Bake",$7.59,,,16 oz,['Organic'],,"https://www.instacart.com/image-server/197x197/filters:fill(FFF,true):format(jpg)/d2lnr5mha7bycj.cloudfront.net/product-image/file/large_396cfeed-2cd9-4c57-a917-87f2de0448c9.png,"
CVS®,"The Essential Baking Company French Baguette, Take & Bake",$7.59,,,12 oz,"['Organic', 'Vegan']",Many in stock,"https://www.instacart.com/image-server/197x197/filters:fill(FFF,true):format(jpg)/d2lnr5mha7bycj.cloudfront.net/product-image/file/large_9bfa220f-7337-40ba-9f22-694dd6e178f2.png,"
CVS®,"Dave's Killer Bread Bread, Organic, Thin-Sliced",$7.59,,,20.5 oz,['Organic'],,"https://www.instacart.com/image-server/197x197/filters:fill(FFF,true):format(jpg)/d2lnr5mha7bycj.cloudfront.net/product-image/file/large_2f025c24-c43b-4710-8205-6c8d3f525498.png,"
CVS®,"Canyon Bakehouse Sweet Rolls, Gluten Free, Hawaiian",$8.59,,,6 ct,['Gluten-Free'],,"https://www.instacart.com/image-server/197x197/filters:fill(FFF,true):format(jpg)/d2lnr5mha7bycj.cloudfront.net/product-image/file/large_d6cf5d64-86a9-4a99-b02e-2675429c8d54.png,"
CVS®,Schär Artisan Baker Multigrain Bread,$8.59,,,14.1 oz,['Gluten-Free'],Many in stock,"https://www.instacart.com/image-server/197x197/filters:fill(FFF,true):format(jpg)/d2lnr5mha7bycj.cloudfront.net/product-image/file/large_a7a99bbe-141d-47b4-b4e8-0d61d6e8e68f.png,"
CVS®,Dave's Killer Bread Powerseed Organic Bread,$8.09,,,25 oz,"['Organic', 'Vegan']",,"https://www.instacart.com/image-server/197x197/filters:fill(FFF,true):format(jpg)/d2lnr5mha7bycj.cloudfront.net/product-image/file/large_f537ebf3-7325-451b-a147-970cefd8344f.png,"
CVS®,Boulart Olive Oil And Fine Herbs Focaccia (Us Individually Wrapped),$5.39,,,12 oz,['Vegan'],,"https://www.instacart.com/image-server/197x197/filters:fill(FFF,true):format(jpg)/d2lnr5mha7bycj.cloudfront.net/product-image/file/large_c8601080-b310-448c-a18b-00a1c69270a7.png,"
CVS®,Canyon Bakehouse Heritage Style Honey White Gluten Free Bread,$9.69,,,24 oz,['Gluten-Free'],,"https://www.instacart.com/image-server/197x197/filters:fill(FFF,true):format(jpg)/d2lnr5mha7bycj.cloudfront.net/product-image/file/large_a932e2e0-67a0-489b-99a8-36eaa41f8761.png,"
CVS®,Canyon Bakehouse Gluten Free Hawaiian Sweet Bread,$8.59,,,18 oz,['Gluten-Free'],,"https://www.instacart.com/image-server/197x197/filters:fill(FFF,true):format(jpg)/d2lnr5mha7bycj.cloudfront.net/product-image/file/large_ea02d2ce-6625-4b0c-91cd-ba2d7e2af21c.png,"
CVS®,Pepperidge Farm Sweet Hawaiian Bread,$5.39,,,22 oz,[],,"https://www.instacart.com/image-server/197x197/filters:fill(FFF,true):format(jpg)/d2lnr5mha7bycj.cloudfront.net/product-image/file/large_36ab5c9e-ca28-4c12-beb4-fec089c7ba5c.jpg,"
CVS®,Schär Baguette,$8.59,,,12.3 oz,['Gluten-Free'],,"https://www.instacart.com/image-server/197x197/filters:fill(FFF,true):format(jpg)/d2lnr5mha7bycj.cloudfront.net/product-image/file/large_fe073726-50f8-4f8e-8414-6cb4d152ba56.png,"
CVS®,Dave's Killer Bread Good Seed Thin-Sliced Organic Bread,$7.59,,,20.5 oz,"['Organic', 'Vegan']",,"https://www.instacart.com/image-server/197x197/filters:fill(FFF,true):format(jpg)/d2lnr5mha7bycj.cloudfront.net/product-image/file/large_0365803c-40ad-4072-b485-731e95668e0c.png,"
CVS®,Original price: $8.59,$8.09,,,24 oz,"['Organic', 'Vegan']",,"https://www.instacart.com/image-server/197x197/filters:fill(FFF,true):format(jpg)/d2lnr5mha7bycj.cloudfront.net/product-image/file/large_0c198d03-8bca-4fd5-a590-88655bb7345a.png,"
CVS®,"Little Northern Bakehouse Gluten-Free, Cinnamon & Raisin Bread",$7.59,,,17 oz,"['Vegan', 'Gluten-Free']",,"https://www.instacart.com/image-server/197x197/filters:fill(FFF,true):format(jpg)/d2lnr5mha7bycj.cloudfront.net/product-image/file/large_6e4684e5-4312-4d34-b8b1-dd19238e20df.jpg,"
CVS®,Original price: $7.59,$5.39,,,21 oz,"['Organic', 'Vegan']",Many in stock,"https://www.instacart.com/image-server/197x197/filters:fill(FFF,true):format(jpg)/d2lnr5mha7bycj.cloudfront.net/product-image/file/large_e4bf0e88-84ab-442b-bfba-ca4100f34ae4.png,"
CVS®,Hero Seeded Bread,$8.59,,,19.5 oz,['Vegan'],,"https://www.instacart.com/image-server/197x197/filters:fill(FFF,true):format(jpg)/d2lnr5mha7bycj.cloudfront.net/product-image/file/large_219040c4-c2dd-4a0e-a043-b9f80398cbb1.png,"
CVS®,"Little Northern Bakehouse Gluten-Free, Seeds & Grains Bread",$7.59,,,17 oz,"['Vegan', 'Gluten-Free']",,"https://www.instacart.com/image-server/197x197/filters:fill(FFF,true):format(jpg)/d2lnr5mha7bycj.cloudfront.net/product-image/file/large_25cd1b53-3351-4c11-8b32-06fa95d7ef0a.jpg,"
CVS®,"Little Northern Bakehouse Sprouted, Honey Oat, Gluten Free Bread",$7.59,,,17 oz,"['Vegan', 'Gluten-Free']",,"https://www.instacart.com/image-server/197x197/filters:fill(FFF,true):format(jpg)/d2lnr5mha7bycj.cloudfront.net/product-image/file/large_df4eda06-1427-4b6c-8ba0-e6fb2a33448c.jpg,"
CVS®,"Dave's Killer Bread White Bread Done Right Thin-Sliced, Organic White Bread, 20.5 oz Loaf",$7.59,,,20.5 oz,['Organic'],,"https://www.instacart.com/image-server/197x197/filters:fill(FFF,true):format(jpg)/d2lnr5mha7bycj.cloudfront.net/product-image/file/large_55170d26-0e38-4e06-83a5-d9e6cf19dbb4.png,"
CVS®,Pepperidge Farm Sourdough Bread,$5.39,,,24 oz,[],,"https://www.instacart.com/image-server/197x197/filters:fill(FFF,true):format(jpg)/d2lnr5mha7bycj.cloudfront.net/product-image/file/large_28ed8ea7-f898-4fc5-a2aa-4a4a5b7573d5.jpg,"
CVS®,Original price: $7.59,$5.39,,,15 oz,"['Organic', 'Vegan']",Many in stock,"https://www.instacart.com/image-server/197x197/filters:fill(FFF,true):format(jpg)/d2lnr5mha7bycj.cloudfront.net/product-image/file/large_48fac338-4612-483a-a2ff-e56085b901e8.png,"
CVS®,Schär Artisan Baker White Bread,$8.59,,,14.1 oz,['Gluten-Free'],Many in stock,"https://www.instacart.com/image-server/197x197/filters:fill(FFF,true):format(jpg)/d2lnr5mha7bycj.cloudfront.net/product-image/file/large_b937a78f-9a14-44d3-8859-db3762deb44f.png,"
CVS®,"Canyon Bakehouse Heritage Style Whole Grain Gluten Free Bread, Large Sliced, 24 oz Loaf",$9.69,,,24 oz,['Gluten-Free'],,"https://www.instacart.com/image-server/197x197/filters:fill(FFF,true):format(jpg)/d2lnr5mha7bycj.cloudfront.net/product-image/file/large_ee6dcbc7-15ec-4446-9382-cb98aa69e8c0.png,"
CVS®,"SOLA Deliciously Seeded Bread, Low Carb, Zero Added Sugar",$8.59,,,14 oz,[],,"https://www.instacart.com/image-server/197x197/filters:fill(FFF,true):format(jpg)/d2lnr5mha7bycj.cloudfront.net/product-image/file/large_85d052c7-108d-43b8-b0e4-ff4b6c4ca456.jpg,"
CVS®,"Schär Bread, Gluten-Free, 10 Grains & Seeds, Artisan Baker",$8.59,,,14.1 oz,['Gluten-Free'],,"https://www.instacart.com/image-server/197x197/filters:fill(FFF,true):format(jpg)/d2lnr5mha7bycj.cloudfront.net/product-image/file/large_bdd21c1f-04ec-4f6b-89d1-2144c5859d29.png,"
CVS®,Dave's Killer Bread 21 Whole Grains and Seeds Organic Bread,$8.09,,,27 oz,"['Organic', 'Vegan']",,"https://www.instacart.com/image-server/197x197/filters:fill(FFF,true):format(jpg)/d2lnr5mha7bycj.cloudfront.net/product-image/file/large_47f0e24c-f72f-4ac0-a58b-566d7c3f7c9b.png,"
CVS®,Original price: $4.89,$3.89,,,12 oz,[],,"https://www.instacart.com/image-server/197x197/filters:fill(FFF,true):format(jpg)/d2lnr5mha7bycj.cloudfront.net/product-image/file/large_8353d511-b0a0-4ccd-b795-4a01d770deb3.png,"
CVS®,"bakerly Brioche, Hand Braided",$10.79,,,14.11 oz,[],,"https://www.instacart.com/image-server/197x197/filters:fill(FFF,true):format(jpg)/d2lnr5mha7bycj.cloudfront.net/product-image/file/large_02337d71-d29e-4f83-803c-8b8d156717f6.png,"
CVS®,"bakerly Brioche Baguette, Soft",$9.69,,,12 oz,[],,"https://www.instacart.com/image-server/197x197/filters:fill(FFF,true):format(jpg)/d2lnr5mha7bycj.cloudfront.net/product-image/file/large_f948b474-98d2-4aea-a5a3-663053c120b0.png,"
CVS®,"SOLA Keto Bread, French Toast",$8.59,,,15 oz,['Keto'],,"https://www.instacart.com/image-server/197x197/filters:fill(FFF,true):format(jpg)/d2lnr5mha7bycj.cloudfront.net/product-image/file/large_3639c09f-05bf-42ac-ba8c-d6ff843c32ab.png,"
CVS®,"Alessi Breadsticks, Garlic",$2.89,,,4.4 oz,['Vegan'],,"https://www.instacart.com/image-server/197x197/filters:fill(FFF,true):format(jpg)/d2lnr5mha7bycj.cloudfront.net/product-image/file/large_4ab0900f-c0ac-403d-b28b-7401acb0fb16.png,"
CVS®,"Alessi Breadsticks, Thin",$2.99,,,3 oz,['Vegan'],,"https://www.instacart.com/image-server/197x197/filters:fill(FFF,true):format(jpg)/d2lnr5mha7bycj.cloudfront.net/product-image/file/large_53c7f8a4-dc32-427d-a8dc-72334539fd3f.png,"
CVS®,Annie's Organic Cinnamon Rolls with Icing,$10.79,,,17.5 oz,"['Organic', 'Vegan']",,"https://www.instacart.com/image-server/197x197/filters:fill(FFF,true):format(jpg)/d2lnr5mha7bycj.cloudfront.net/product-image/file/large_9dcd7d5b-72ec-4b35-bde6-35197b5be814.png,"
CVS®,"Arm & Hammer Baking Soda, Pure",$1.89,,,16 oz,[],,"https://www.instacart.com/image-server/197x197/filters:fill(FFF,true):format(jpg)/d2lnr5mha7bycj.cloudfront.net/product-image/file/large_800cbf5b-12f5-4a46-9859-021baae98474.jpg,"
CVS®,"Ghirardelli Brownie Mix, Premium, Double Chocolate",$4.99,,,18 oz,[],Many in stock,"https://www.instacart.com/image-server/197x197/filters:fill(FFF,true):format(jpg)/d2lnr5mha7bycj.cloudfront.net/product-image/file/large_9a88c3ce-1f8c-4442-ae7f-2eda65b283aa.png,"
CVS®,Fresh Thyme Market White Vinegar,$4.69,,,1 gal,[],,"https://www.instacart.com/image-server/197x197/filters:fill(FFF,true):format(jpg)/d2lnr5mha7bycj.cloudfront.net/product-image/file/large_00f4fca9-5005-49b8-943a-98be22ac4782.png,"
CVS®,Sweet Loren's Chocolate Chunk Cookie Dough,$6.99,,,12 oz,"['Vegan', 'Gluten-Free']",,"https://www.instacart.com/image-server/197x197/filters:fill(FFF,true):format(jpg)/d2lnr5mha7bycj.cloudfront.net/product-image/file/large_a967cbcd-eaac-4ba5-b116-97fb751b0f63.png,"
CVS®,Fresh Thyme Market Spray Extra Virgin Olive Oil,$6.49,,,5 fl oz,[],,"https://www.instacart.com/image-server/197x197/filters:fill(FFF,true):format(jpg)/d2lnr5mha7bycj.cloudfront.net/product-image/file/large_5cc295a9-c063-4f3b-a7be-cb354a9785d3.png,"
CVS®,"Comvita MGO 50+, Multifloral Manuka Honey",$35.49,,,17.6 oz,['Gluten-Free'],,"https://www.instacart.com/image-server/197x197/filters:fill(FFF,true):format(jpg)/d2lnr5mha7bycj.cloudfront.net/product-image/file/large_233ccb81-da1a-4095-8f3d-4fc7d7a47003.jpg,"
CVS®,Original price: $3.29,$2.19,,,1.31 oz,[],,"https://www.instacart.com/image-server/197x197/filters:fill(FFF,true):format(jpg)/d2lnr5mha7bycj.cloudfront.net/product-image/file/large_c87ec9c6-4c6d-4754-af1f-0bc7e12c0843.png,"
CVS®,Fresh Thyme Market Garlic Powder,$4.69,,,2.54 oz,[],Many in stock,"https://www.instacart.com/image-server/197x197/filters:fill(FFF,true):format(jpg)/d2lnr5mha7bycj.cloudfront.net/product-image/file/large_eb35457d-22a2-4345-b041-cc7d0f33fa1a.png,"
CVS®,Immaculate Baking Flaky Biscuit Roll,$6.99,,,16 oz,['Organic'],Many in stock,"https://www.instacart.com/image-server/197x197/filters:fill(FFF,true):format(jpg)/d2lnr5mha7bycj.cloudfront.net/product-image/file/large_7241805c-a302-4d0f-86cc-3f3aef91be84.png,"
CVS®,"Just Date Organic Date Syrup, Created by a Doctor & Mom",$9.69,,,8.8 oz,"['Organic', 'Gluten-Free']",,"https://www.instacart.com/image-server/197x197/filters:fill(FFF,true):format(jpg)/d2lnr5mha7bycj.cloudfront.net/product-image/file/large_b96bae4a-47df-45b9-aa51-e56944a75428.jpg,"
CVS®,Original price: $5.39,$4.39,,,32 fl oz,[],Many in stock,"https://www.instacart.com/image-server/197x197/filters:fill(FFF,true):format(jpg)/d2lnr5mha7bycj.cloudfront.net/product-image/file/large_8baf48d6-82f9-4d5e-9a85-177b9845eabd.png,"
CVS®,Fresh Thyme Market Baking Soda,$1.09,,,16 oz,[],Many in stock,"https://www.instacart.com/image-server/197x197/filters:fill(FFF,true):format(jpg)/d2lnr5mha7bycj.cloudfront.net/product-image/file/large_58897615-bc91-4a93-be1f-7797cbc17638.png,"
CVS®,Sweet Loren's Sugar Cookie Dough,$6.99,,,12 x 12 oz,"['Vegan', 'Gluten-Free']",Many in stock,"https://www.instacart.com/image-server/197x197/filters:fill(FFF,true):format(jpg)/d2lnr5mha7bycj.cloudfront.net/product-image/file/large_22f9a68e-0614-459c-b4ea-a513cf5e265d.png,"
CVS®,"Krusteaz Crumb Cake & Muffin Mix, Gluten Free, Cinnamon Swirl",$6.99,,,20 oz,[],,"https://www.instacart.com/image-server/197x197/filters:fill(FFF,true):format(jpg)/d2lnr5mha7bycj.cloudfront.net/product-image/file/large_7bc12495-d7c4-4b10-9b85-584188efa23c.png,"
CVS®,"Otto's Naturals Brownie Mix, Grain-Free, Classic",$9.69,,,11.1 oz,"['Gluten-Free', 'Vegan']",Many in stock,"https://www.instacart.com/image-server/197x197/filters:fill(FFF,true):format(jpg)/d2lnr5mha7bycj.cloudfront.net/product-image/file/large_e4525da1-e3b8-44b8-87c9-8141905861d6.png,"
CVS®,Sweet Loren's Fudgy Brownie Cookie Dough,$6.99,,,12 oz,"['Vegan', 'Gluten-Free']",Many in stock,"https://www.instacart.com/image-server/197x197/filters:fill(FFF,true):format(jpg)/d2lnr5mha7bycj.cloudfront.net/product-image/file/large_5633e7de-e31c-4b77-9a73-bbf12547f629.png,"
CVS®,"Morton Iodized Salt, 26 Ounce",$2.69,,,26 oz,[],,"https://www.instacart.com/image-server/197x197/filters:fill(FFF,true):format(jpg)/d2lnr5mha7bycj.cloudfront.net/product-image/file/large_b6741d21-985d-439d-8a17-0ba710d35c5c.png,"
CVS®,Fresh Thyme Market Pr7453 - 12/16 Fresh Thyme Organic Honey,$9.69,,,16 oz,['Organic'],,"https://www.instacart.com/image-server/197x197/filters:fill(FFF,true):format(jpg)/d2lnr5mha7bycj.cloudfront.net/product-image/file/large_1b8ae5db-934a-411e-b903-558b747ff253.png,"
CVS®,Sweet Loren's Less Sugar Chocolate Chunk Cookie Dough,$6.99,,,12 oz,"['Vegan', 'Gluten-Free']",,"https://www.instacart.com/image-server/197x197/filters:fill(FFF,true):format(jpg)/d2lnr5mha7bycj.cloudfront.net/product-image/file/large_710bed2b-25a7-44a5-814a-2b670d0ec985.png,"
CVS®,Original price: $5.69,$5.39,,,16 oz,['Organic'],,"https://www.instacart.com/image-server/197x197/filters:fill(FFF,true):format(jpg)/d2lnr5mha7bycj.cloudfront.net/product-image/file/large_e3e734ac-962a-4fc0-be9d-b605a1d318ec.png,"
CVS®,Original price: $6.29,$5.19,,,5 fl oz,[],,"https://www.instacart.com/image-server/197x197/filters:fill(FFF,true):format(jpg)/d2lnr5mha7bycj.cloudfront.net/product-image/file/large_8ff8b358-539e-4af5-8de9-db06634974ad.png,"
CVS®,Fresh Thyme Market Extra Virgin Olive Oil,$16.19,,,33.8 fl oz,[],,"https://www.instacart.com/image-server/197x197/filters:fill(FFF,true):format(jpg)/d2lnr5mha7bycj.cloudfront.net/product-image/file/large_bc5f85a2-c39a-4068-8dd1-a1eeaafc9105.png,"
CVS®,Fresh Thyme Market Organic Extra Virgin Olive Oil,$18.29,,,33.8 fl oz,['Organic'],,"https://www.instacart.com/image-server/197x197/filters:fill(FFF,true):format(jpg)/d2lnr5mha7bycj.cloudfront.net/product-image/file/large_908e7d02-5c34-4d68-b740-c0dbbedc46f1.png,"
CVS®,Original price: $7.59,$6.99,,,17 oz,['Gluten-Free'],Many in stock,"https://www.instacart.com/image-server/197x197/filters:fill(FFF,true):format(jpg)/d2lnr5mha7bycj.cloudfront.net/product-image/file/large_d2a2b889-a973-4335-bd5d-d3d05ae63555.png,"
CVS®,Fresh Thyme Market Corn Starch,$2.49,,,16 oz,[],Many in stock,"https://www.instacart.com/image-server/197x197/filters:fill(FFF,true):format(jpg)/d2lnr5mha7bycj.cloudfront.net/product-image/file/large_f26957a7-a462-4586-8e90-14f13d47cd9b.png,"
CVS®,Original price: $3.59,$2.99,,,3 oz,[],,"https://www.instacart.com/image-server/197x197/filters:fill(FFF,true):format(jpg)/d2lnr5mha7bycj.cloudfront.net/product-image/file/large_9d5840dd-4d41-452c-b055-f2202915d3ee.png,"
CVS®,Original price: $3.59,$2.69,,,32 oz,[],,"https://www.instacart.com/image-server/197x197/filters:fill(FFF,true):format(jpg)/d2lnr5mha7bycj.cloudfront.net/product-image/file/large_d397820b-50e5-485f-9dc8-0d528a049dc8.jpg,"
CVS®,Navitas Organics Cacao Powder,$15.09,,,8 oz,"['Gluten-Free', 'Organic']",,"https://www.instacart.com/image-server/197x197/filters:fill(FFF,true):format(jpg)/d2lnr5mha7bycj.cloudfront.net/product-image/file/large_dd3a8602-bc99-4443-a421-f3b97304a4e0.png,"
CVS®,Original price: $4.29,$3.49,,,12 oz,[],,"https://www.instacart.com/image-server/197x197/filters:fill(FFF,true):format(jpg)/d2lnr5mha7bycj.cloudfront.net/product-image/file/large_541bad9e-14b0-4ae6-a2b5-37dea5f7c6fb.png,"
CVS®,Original price: $9.19,$7.59,,,4.7 oz,[],,"https://www.instacart.com/image-server/197x197/filters:fill(FFF,true):format(jpg)/d2lnr5mha7bycj.cloudfront.net/product-image/file/large_739fcbf1-b3d2-4941-a931-6afb4dae4939.png,"
CVS®,Frontier Co-op Smoked Paprika,$7.59,,,1.87 oz,[],,"https://www.instacart.com/image-server/197x197/filters:fill(FFF,true):format(jpg)/d2lnr5mha7bycj.cloudfront.net/product-image/file/large_9df35e25-2ef1-4aca-9fb3-0711b5b2f73b.jpg,"
CVS®,Original price: $3.29,$2.69,,,32 oz,[],,"https://www.instacart.com/image-server/197x197/filters:fill(FFF,true):format(jpg)/d2lnr5mha7bycj.cloudfront.net/product-image/file/large_1557db7f-2b93-4cf4-8d0c-cc159e56778d.png,"
CVS®,Toll House Semi Sweet Chocolate Chips,$5.09,,,12 oz,[],,"https://www.instacart.com/image-server/197x197/filters:fill(FFF,true):format(jpg)/d2lnr5mha7bycj.cloudfront.net/product-image/file/large_f414ed0e-0641-4cb8-bf6a-a5ab3274de0d.jpg,"
CVS®,Original price: $1.89,$1.29,,,1 oz,[],,"https://www.instacart.com/image-server/197x197/filters:fill(FFF,true):format(jpg)/d2lnr5mha7bycj.cloudfront.net/product-image/file/large_2681c063-3aa1-4a87-80ee-778a233c0752.jpg,"
CVS®,Big Tree Farms Regenerative Organic Brown Coconut Sugar,$6.49,,,1 lb,"['Organic', 'Gluten-Free']",,"https://www.instacart.com/image-server/197x197/filters:fill(FFF,true):format(jpg)/d2lnr5mha7bycj.cloudfront.net/product-image/file/large_40ccb009-d9bd-4e7f-8b81-a8c417ee9c64.jpg,"
CVS®,Fresh Thyme Market Organic Virgin Coconut Oil,$8.59,,,16.9 fl oz,['Organic'],,"https://www.instacart.com/image-server/197x197/filters:fill(FFF,true):format(jpg)/d2lnr5mha7bycj.cloudfront.net/product-image/file/large_58cabd14-97e4-434e-b5a8-8ab0bcd1bbf9.png,"
CVS®,Original price: $21.49,$16.69,,,500 ml,[],,"https://www.instacart.com/image-server/197x197/filters:fill(FFF,true):format(jpg)/d2lnr5mha7bycj.cloudfront.net/product-image/file/large_780195c6-4539-4545-b949-4bddc06c8cc8.jpg,"
CVS®,Original price: $7.49,$5.39,,,7 oz,[],,"https://www.instacart.com/image-server/197x197/filters:fill(FFF,true):format(jpg)/d2lnr5mha7bycj.cloudfront.net/product-image/file/large_48315576-6f45-4a7d-b8e6-39f00c3f119a.png,"
CVS®,Original price: $11.89,$9.49,,,3 oz,['Organic'],Many in stock,"https://www.instacart.com/image-server/197x197/filters:fill(FFF,true):format(jpg)/d2lnr5mha7bycj.cloudfront.net/product-image/file/large_67673d45-57c0-4332-862a-96309e3e6957.png,"
CVS®,Original price: $9.69,$7.79,,,2.65 oz,['Organic'],,"https://www.instacart.com/image-server/197x197/filters:fill(FFF,true):format(jpg)/d2lnr5mha7bycj.cloudfront.net/product-image/file/large_3026a13c-5ad2-4190-95b9-0e3ff740ae64.png,"
CVS®,Lily's Milk Chocolate Style No Sugar Added Baking Chips,$8.59,,,9 oz,['Gluten-Free'],Many in stock,"https://www.instacart.com/image-server/197x197/filters:fill(FFF,true):format(jpg)/d2lnr5mha7bycj.cloudfront.net/product-image/file/large_196f1e49-a55b-4283-89ae-caee6ca6689f.jpg,"
CVS®,Original price: $7.59,$6.09,,,1.94 oz,['Organic'],Many in stock,"https://www.instacart.com/image-server/197x197/filters:fill(FFF,true):format(jpg)/d2lnr5mha7bycj.cloudfront.net/product-image/file/large_eba0444d-196b-4c1d-9fd8-54253f9dd97e.png,"
CVS®,Original price: $3.79,$2.69,,,8 oz,[],,"https://www.instacart.com/image-server/197x197/filters:fill(FFF,true):format(jpg)/d2lnr5mha7bycj.cloudfront.net/product-image/file/large_ccf72272-0a6d-4c27-9419-e5cf8675c992.png,"
CVS®,Original price: $24.79,$18.29,,,25.4 fl oz,[],,"https://www.instacart.com/image-server/197x197/filters:fill(FFF,true):format(jpg)/d2lnr5mha7bycj.cloudfront.net/product-image/file/large_8090b578-b99c-470e-9f17-c28510f0e36e.png,"
CVS®,"Bragg Apple Cider Vinegar, Organic, Raw-Unfiltered",$25.79,,,128 fl oz,['Organic'],,"https://www.instacart.com/image-server/197x197/filters:fill(FFF,true):format(jpg)/d2lnr5mha7bycj.cloudfront.net/product-image/file/large_5b53b3d4-0847-467b-a06d-7e5531045b93.png,"
CVS®,Original price: $6.49,$5.39,,,11 oz,[],,"https://www.instacart.com/image-server/197x197/filters:fill(FFF,true):format(jpg)/d2lnr5mha7bycj.cloudfront.net/product-image/file/large_1962cdae-b876-4508-b160-cc24aee5654e.png,"
CVS®,McCormick® Ground Sage,$10.29,,,0.6 oz container,[],,"https://www.instacart.com/image-server/197x197/filters:fill(FFF,true):format(jpg)/d2lnr5mha7bycj.cloudfront.net/product-image/file/large_acb70500-3d46-4394-b8fd-c1410b54f0f5.jpg,"
CVS®,McCormick® Whole Allspice,$5.79,,,0.8 oz,[],,"https://www.instacart.com/image-server/197x197/filters:fill(FFF,true):format(jpg)/d2lnr5mha7bycj.cloudfront.net/product-image/file/large_31871b9b-fa4b-42b1-8920-dfccadd20b70.jpg,"
CVS®,Frontier Co-op Garlic Granules,$6.99,,,2.7 oz,[],,"https://www.instacart.com/image-server/197x197/filters:fill(FFF,true):format(jpg)/d2lnr5mha7bycj.cloudfront.net/product-image/file/large_fb399c13-c30a-4dd5-afdd-1f2c81ddb554.png,"
CVS®,McCormick® Rubbed Sage,$8.09,,,0.5 oz container,[],,"https://www.instacart.com/image-server/197x197/filters:fill(FFF,true):format(jpg)/d2lnr5mha7bycj.cloudfront.net/product-image/file/large_1a34b642-6315-4622-9a67-7efb0e892249.jpg,"
CVS®,McCormick® Whole Cloves,$8.09,,,0.6 oz,[],,"https://www.instacart.com/image-server/197x197/filters:fill(FFF,true):format(jpg)/d2lnr5mha7bycj.cloudfront.net/product-image/file/large_83db24dd-366c-47de-951d-48a7a94b8e60.jpg,"
CVS®,Gourmet Garden™ Lightly Dried Organic Parsley,$5.99,,,0.4 oz,['Organic'],,"https://www.instacart.com/image-server/197x197/filters:fill(FFF,true):format(jpg)/d2lnr5mha7bycj.cloudfront.net/product-image/file/large_2ad4a111-72ef-42d2-a618-bf14be9eebde.jpg,"
CVS®,Original price: $8.29,$6.99,,,32 fl oz,['Organic'],,"https://www.instacart.com/image-server/197x197/filters:fill(FFF,true):format(jpg)/d2lnr5mha7bycj.cloudfront.net/product-image/file/large_be2b24e4-4d9e-4324-b56b-991014242c3a.png,"
CVS®,Original price: $7.59,$6.99,,,22 oz,['Gluten-Free'],Many in stock,"https://www.instacart.com/image-server/197x197/filters:fill(FFF,true):format(jpg)/d2lnr5mha7bycj.cloudfront.net/product-image/file/large_a9287d2b-9c2f-4a31-8a5c-8f36a70f5d77.png,"
CVS®,Original price: $6.49,$5.39,,,2 fl oz,['Gluten-Free'],,"https://www.instacart.com/image-server/197x197/filters:fill(FFF,true):format(jpg)/d2lnr5mha7bycj.cloudfront.net/product-image/file/large_fcd0051c-99a8-4971-8be8-3f8f2e50f4ee.jpg,"
CVS®,McCormick® Ground Nutmeg,$7.49,,,1.1 oz,[],,"https://www.instacart.com/image-server/197x197/filters:fill(FFF,true):format(jpg)/d2lnr5mha7bycj.cloudfront.net/product-image/file/large_841723f9-373c-429c-b230-d10f411ca074.jpg,"
CVS®,"Swerve Confectioner Sugar, Ultimate Sugar Replacement",$10.79,,,12 oz,"['Gluten-Free', 'Keto']",,"https://www.instacart.com/image-server/197x197/filters:fill(FFF,true):format(jpg)/d2lnr5mha7bycj.cloudfront.net/product-image/file/large_6e7e0fa6-076c-4b0a-8d7b-bce334eae783.jpg,"
CVS®,Gourmet Garden™ Lightly Dried Organic Chives,$5.99,,,0.4 oz,['Organic'],,"https://www.instacart.com/image-server/197x197/filters:fill(FFF,true):format(jpg)/d2lnr5mha7bycj.cloudfront.net/product-image/file/large_61191325-f136-4a5d-82f3-bba190cf1f67.jpg,"
CVS®,Original price: $7.49,$5.39,,,5.5 oz,[],,"https://www.instacart.com/image-server/197x197/filters:fill(FFF,true):format(jpg)/d2lnr5mha7bycj.cloudfront.net/product-image/file/large_fa9fb102-8ef7-4ead-ad31-8445220a728c.png,"
CVS®,McCormick® Mixed Pickling Spice,$8.09,,,1.5 oz,[],,"https://www.instacart.com/image-server/197x197/filters:fill(FFF,true):format(jpg)/d2lnr5mha7bycj.cloudfront.net/product-image/file/large_94fd3bd5-c32c-4fe5-bd25-bb6dbea5c39f.jpg,"
CVS®,"Frontier Co-op Sage Leaf, Ground",$6.99,,,0.8 oz,['Organic'],,"https://www.instacart.com/image-server/197x197/filters:fill(FFF,true):format(jpg)/d2lnr5mha7bycj.cloudfront.net/product-image/file/large_6e73f672-135a-4b01-ac2f-e1afbe4e2649.png,"
CVS®,Fresh Thyme Market Tomato Ketchup,$3.29,,,20 oz,"['Organic', 'Vegan']",,"https://www.instacart.com/image-server/197x197/filters:fill(FFF,true):format(jpg)/d2lnr5mha7bycj.cloudfront.net/product-image/file/large_24d842f9-5161-4385-b3fd-15efc957d2c2.png,"
CVS®,"Sky Valley Sauce, Green Sriracha",$6.99,,,17.25 oz,"['Gluten-Free', 'Vegan']",,"https://www.instacart.com/image-server/197x197/filters:fill(FFF,true):format(jpg)/d2lnr5mha7bycj.cloudfront.net/product-image/file/large_32111b4a-4730-4ab6-a80b-c3bdd624ef2a.png,"
CVS®,Divina Pitted Castelvetrano Olives,$6.99,,,4.9 oz,['Vegan'],,"https://www.instacart.com/image-server/197x197/filters:fill(FFF,true):format(jpg)/d2lnr5mha7bycj.cloudfront.net/product-image/file/large_a899bee3-6f1b-4bb0-b53a-7272e1926b30.jpg,"
CVS®,Fresh Thyme Market Pasta Sauce,$2.19,,,24 oz,['Gluten-Free'],Many in stock,"https://www.instacart.com/image-server/197x197/filters:fill(FFF,true):format(jpg)/d2lnr5mha7bycj.cloudfront.net/product-image/file/large_65038dd1-9c6b-4177-b1bd-3f9c9741539e.png,"
CVS®,Original price: $4.69,$3.59,,,7 oz,"['Gluten-Free', 'Vegan']",,"https://www.instacart.com/image-server/197x197/filters:fill(FFF,true):format(jpg)/d2lnr5mha7bycj.cloudfront.net/product-image/file/large_0ca92dc6-3a2a-4b67-9203-1239fe9f5a7f.jpg,"
CVS®,Original price: $6.49,$5.39,,,16 fl oz,['Vegan'],Many in stock,"https://www.instacart.com/image-server/197x197/filters:fill(FFF,true):format(jpg)/d2lnr5mha7bycj.cloudfront.net/product-image/file/large_81028b11-e19b-43c3-9825-9e1b37df0184.png,"
CVS®,True Made Foods Veggie Ketchup,$6.49,,,17 oz,['Vegan'],,"https://www.instacart.com/image-server/197x197/filters:fill(FFF,true):format(jpg)/d2lnr5mha7bycj.cloudfront.net/product-image/file/large_0544f32f-8341-48da-b1b9-4e612a993282.png,"
CVS®,Heinz Tomato Ketchup,$5.19,,,20 oz,[],,"https://www.instacart.com/image-server/197x197/filters:fill(FFF,true):format(jpg)/d2lnr5mha7bycj.cloudfront.net/product-image/file/large_01b297ae-8fd8-4439-b88e-2e8298536bd9.jpg,"
CVS®,Fresh Thyme Market Pasta Sauce,$2.19,,,23 oz,['Gluten-Free'],Many in stock,"https://www.instacart.com/image-server/197x197/filters:fill(FFF,true):format(jpg)/d2lnr5mha7bycj.cloudfront.net/product-image/file/large_9a4e6e34-b9bc-4de1-bdd2-228b33736f42.png,"
CVS®,Hellmann's Mayonnaise Real Mayo,$7.59,,,30 oz,[],,"https://www.instacart.com/image-server/197x197/filters:fill(FFF,true):format(jpg)/d2lnr5mha7bycj.cloudfront.net/product-image/file/large_ec2d5814-c4a5-4e65-9f31-0f1914ae1107.png,"
CVS®,Original price: $13.49,$9.19,,,12 fl oz,[],,"https://www.instacart.com/image-server/197x197/filters:fill(FFF,true):format(jpg)/d2lnr5mha7bycj.cloudfront.net/product-image/file/large_374e6af0-19a4-46a3-88b7-352d2282f7da.png,"
CVS®,Original price: $7.59,$6.49,,,32 fl oz,['Vegan'],,"https://www.instacart.com/image-server/197x197/filters:fill(FFF,true):format(jpg)/d2lnr5mha7bycj.cloudfront.net/product-image/file/large_ccdfd551-c704-45a4-a3ae-ff61aca00268.png,"
CVS®,"Spice World Garlic, Minced",$3.79,,,8 oz container,['Vegan'],,"https://www.instacart.com/image-server/197x197/filters:fill(FFF,true):format(jpg)/d2lnr5mha7bycj.cloudfront.net/product-image/file/large_462b62d7-69bf-4168-9d68-eb08c4cbc0d1.png,"
CVS®,Yellowbird Classic Blue Agave Sriracha,$7.29,,,9.8 oz,"['Gluten-Free', 'Vegan']",,"https://www.instacart.com/image-server/197x197/filters:fill(FFF,true):format(jpg)/d2lnr5mha7bycj.cloudfront.net/product-image/file/large_c3f58d8a-8321-4114-b4ed-89ed61e44aa1.jpg,"
CVS®,Fresh Thyme Market Fresh Thyme Nat Mild Salsa,$4.29,,,16 oz,['Vegan'],Many in stock,"https://www.instacart.com/image-server/197x197/filters:fill(FFF,true):format(jpg)/d2lnr5mha7bycj.cloudfront.net/product-image/file/large_5f161a0b-5d02-4868-82b9-e7eaed518ee9.png,"
CVS®,Fresh Thyme Market Yellow Mustard,$1.69,,,14 oz,['Organic'],,"https://www.instacart.com/image-server/197x197/filters:fill(FFF,true):format(jpg)/d2lnr5mha7bycj.cloudfront.net/product-image/file/large_e3ee35bb-98c0-4caf-9552-acd5d2d657ef.png,"
CVS®,Original price: $4.89,$4.69,,,12 fl oz,[],Many in stock,"https://www.instacart.com/image-server/197x197/filters:fill(FFF,true):format(jpg)/d2lnr5mha7bycj.cloudfront.net/product-image/file/large_847620c8-dc32-47e1-8cec-b5aa77180a41.png,"
CVS®,Yellowbird Classic Serrano Hot Sauce,$7.29,,,9.8 oz,"['Gluten-Free', 'Vegan']",Many in stock,"https://www.instacart.com/image-server/197x197/filters:fill(FFF,true):format(jpg)/d2lnr5mha7bycj.cloudfront.net/product-image/file/large_72ba404b-9758-44df-8462-a9fe7da4e289.jpg,"
CVS®,Original price: $3.79,$2.99,,,12 fl oz,['Vegan'],,"https://www.instacart.com/image-server/197x197/filters:fill(FFF,true):format(jpg)/d2lnr5mha7bycj.cloudfront.net/product-image/file/large_12efd085-038c-493a-8be0-1a410e9b589c.png,"
CVS®,Fresh Thyme Market Homestyle Med Salsa Extra Cilantro,$4.29,,,16 oz,['Vegan'],Many in stock,"https://www.instacart.com/image-server/197x197/filters:fill(FFF,true):format(jpg)/d2lnr5mha7bycj.cloudfront.net/product-image/file/large_c4a05650-0dbe-4325-b065-957b0d97b192.png,"
CVS®,"Yellowbird Classic, Habanero Hot Sauce",$7.29,,,9.8 oz,"['Gluten-Free', 'Vegan']",,"https://www.instacart.com/image-server/197x197/filters:fill(FFF,true):format(jpg)/d2lnr5mha7bycj.cloudfront.net/product-image/file/large_dc5e7cd9-d85f-4b49-ac01-36a99389966b.jpg,"
CVS®,"Spice World Garlic, Minced",$2.69,,,4.5 oz container,['Vegan'],,"https://www.instacart.com/image-server/197x197/filters:fill(FFF,true):format(jpg)/d2lnr5mha7bycj.cloudfront.net/product-image/file/large_934915f7-fbe6-4959-a2c1-d130f43252d3.png,"
CVS®,Original price: $9.69,$7.59,,,17 oz,[],,"https://www.instacart.com/image-server/197x197/filters:fill(FFF,true):format(jpg)/d2lnr5mha7bycj.cloudfront.net/product-image/file/large_96651ba2-4fc9-4409-8af8-961f0e5f455e.png,"
CVS®,"Divina Kalamata Olives, pitted",$6.79,,,6 oz,['Vegan'],,"https://www.instacart.com/image-server/197x197/filters:fill(FFF,true):format(jpg)/d2lnr5mha7bycj.cloudfront.net/product-image/file/large_4491b9dd-207b-40c5-aecd-dd705ab00184.jpg,"
CVS®,Sky Valley Sriracha,$6.99,,,18.5 oz,"['Organic', 'Gluten-Free']",,"https://www.instacart.com/image-server/197x197/filters:fill(FFF,true):format(jpg)/d2lnr5mha7bycj.cloudfront.net/product-image/file/large_c69bc9ca-8b73-4f1e-b0f6-979ce7a98819.png,"
CVS®,wildbrine Korean Kimchi,$9.29,,,18 oz,['Vegan'],,"https://www.instacart.com/image-server/197x197/filters:fill(FFF,true):format(jpg)/d2lnr5mha7bycj.cloudfront.net/product-image/file/large_3a301767-bd7c-4fc4-9144-1e4f6b0f0176.png,"
CVS®,Original price: $5.09,$3.29,,,6.5 oz,[],,"https://www.instacart.com/image-server/197x197/filters:fill(FFF,true):format(jpg)/d2lnr5mha7bycj.cloudfront.net/product-image/file/large_c6ce1c93-34f3-4877-b2cd-12b1fee586aa.png,"
CVS®,Original price: $7.59,$6.49,,,32 oz,['Vegan'],,"https://www.instacart.com/image-server/197x197/filters:fill(FFF,true):format(jpg)/d2lnr5mha7bycj.cloudfront.net/product-image/file/large_82a8046d-0a32-4023-ae05-b846b3c8cd74.png,"
CVS®,Divina Castelvetrano Olives,$6.79,,,6 oz,['Vegan'],,"https://www.instacart.com/image-server/197x197/filters:fill(FFF,true):format(jpg)/d2lnr5mha7bycj.cloudfront.net/product-image/file/large_6f7ef66f-14c5-47fe-afef-4bc4dacb07de.jpg,"
CVS®,Hellmann's Real Mayonnaise Real Mayo Squeeze Bottle,$9.69,,,20 oz,[],,"https://www.instacart.com/image-server/197x197/filters:fill(FFF,true):format(jpg)/d2lnr5mha7bycj.cloudfront.net/product-image/file/large_540f3e11-4766-4cce-b009-eda6fb9e4b34.png,"
CVS®,Sir Kensington's Mayonnaise Chipotle Mayo,$8.99,,,12 oz,[],,"https://www.instacart.com/image-server/197x197/filters:fill(FFF,true):format(jpg)/d2lnr5mha7bycj.cloudfront.net/product-image/file/large_4d365643-7c21-43c0-a78d-c54f72467560.png,"
CVS®,"Divina Olives, Blue Cheese Stuffed",$8.99,,,13.4 oz,[],,"https://www.instacart.com/image-server/197x197/filters:fill(FFF,true):format(jpg)/d2lnr5mha7bycj.cloudfront.net/product-image/file/large_76bb2321-e3de-4543-9ba8-8e0ece6dc448.png,"
CVS®,Original price: $5.39,$4.69,,,5 oz,[],Many in stock,"https://www.instacart.com/image-server/197x197/filters:fill(FFF,true):format(jpg)/d2lnr5mha7bycj.cloudfront.net/product-image/file/large_c63fe2a2-dd88-4aa1-be06-996a3dbf3cd5.png,"
CVS®,Hellmann's Real Mayonnaise Real Mayo,$6.49,,,15 oz,[],,"https://www.instacart.com/image-server/197x197/filters:fill(FFF,true):format(jpg)/d2lnr5mha7bycj.cloudfront.net/product-image/file/large_df75ac6f-3f1e-4b84-b8fb-61eb3eeb1dd4.png,"
CVS®,Original price: $9.69,$7.59,,,16 oz,[],,"https://www.instacart.com/image-server/197x197/filters:fill(FFF,true):format(jpg)/d2lnr5mha7bycj.cloudfront.net/product-image/file/large_c25bbc9d-f09c-49e1-ba63-a255480e5401.png,"
CVS®,Original price: $15.59,$13.99,,,17 fl oz,[],,"https://www.instacart.com/image-server/197x197/filters:fill(FFF,true):format(jpg)/d2lnr5mha7bycj.cloudfront.net/product-image/file/large_b042816e-3412-49c9-b68f-23cfa20b3675.png,"
CVS®,Original price: $11.89,$9.49,,,24 oz,"['Organic', 'Vegan']",Many in stock,"https://www.instacart.com/image-server/197x197/filters:fill(FFF,true):format(jpg)/d2lnr5mha7bycj.cloudfront.net/product-image/file/large_ce29914d-c585-42a1-bc5e-c5eec76845f1.png,"
CVS®,Original price: $6.49,$5.39,,,10.5 oz,['Vegan'],Many in stock,"https://www.instacart.com/image-server/197x197/filters:fill(FFF,true):format(jpg)/d2lnr5mha7bycj.cloudfront.net/product-image/file/large_bca17e67-99c0-4b50-9363-219ef916e848.png,"
CVS®,Original price: $3.59,$2.99,,,4 oz,"['Gluten-Free', 'Vegan']",,"https://www.instacart.com/image-server/197x197/filters:fill(FFF,true):format(jpg)/d2lnr5mha7bycj.cloudfront.net/product-image/file/large_3179c914-069e-4b39-b065-e6a34d86c479.png,"
CVS®,Boar's Head Kosher Dill Pickle Spears,$5.99,,,26 fl oz,[],,"https://www.instacart.com/image-server/197x197/filters:fill(FFF,true):format(jpg)/d2lnr5mha7bycj.cloudfront.net/product-image/file/large_257066a6-5c9a-44e4-bfa2-5848dadf8675.png,"
CVS®,"Cucina & Amore Pesto, Alla Genovese, Basil",$4.59,,,7.9 oz,[],,"https://www.instacart.com/image-server/197x197/filters:fill(FFF,true):format(jpg)/d2lnr5mha7bycj.cloudfront.net/product-image/file/large_0f054faa-d6c8-4383-8b9e-43ab085f98a6.png,"
CVS®,Original price: $6.99,$4.89,,,7 oz,[],Many in stock,"https://www.instacart.com/image-server/197x197/filters:fill(FFF,true):format(jpg)/d2lnr5mha7bycj.cloudfront.net/product-image/file/large_602e9f93-a12a-4390-b89e-04b245d9b7a4.png,"
CVS®,Fresh Thyme Market Salsa Thick And Chunky,$4.29,,,16 oz,['Organic'],,"https://www.instacart.com/image-server/197x197/filters:fill(FFF,true):format(jpg)/d2lnr5mha7bycj.cloudfront.net/product-image/file/large_549c6198-8f52-4cf5-a931-67a5a43feb6d.png,"
CVS®,Boar's Head Kosher Dill Pickle Chips,$5.99,,,26 oz,[],,"https://www.instacart.com/image-server/197x197/filters:fill(FFF,true):format(jpg)/d2lnr5mha7bycj.cloudfront.net/product-image/file/large_2ae65938-3159-49a1-8347-c82532945649.png,"
CVS®,Hellmann's Vegan Dressing and Spread Vegan,$11.29,,,24 oz,['Vegan'],,"https://www.instacart.com/image-server/197x197/filters:fill(FFF,true):format(jpg)/d2lnr5mha7bycj.cloudfront.net/product-image/file/large_ac8d523b-668a-461c-8980-1b04367ad798.png,"
CVS®,Divina Feta Stuffed Olives,$8.99,,,7.8 oz,[],Many in stock,"https://www.instacart.com/image-server/197x197/filters:fill(FFF,true):format(jpg)/d2lnr5mha7bycj.cloudfront.net/product-image/file/large_e57ec2f7-557c-4a85-b20f-7cf6d92933a1.jpg,"
CVS®,Original price: $10.79,$6.49,,,24 oz,[],,"https://www.instacart.com/image-server/197x197/filters:fill(FFF,true):format(jpg)/d2lnr5mha7bycj.cloudfront.net/product-image/file/large_51e1e350-99f4-4c37-a049-3b0ac9787639.jpg,"
CVS®,wildbrine Miso Horseradish Kimchi,$9.29,,,18 oz,['Vegan'],,"https://www.instacart.com/image-server/197x197/filters:fill(FFF,true):format(jpg)/d2lnr5mha7bycj.cloudfront.net/product-image/file/large_b1336182-a573-40fe-90c3-f058fa6e9274.png,"
CVS®,Boar's Head Horseradish Bread & Butter Pickle Chips,$5.99,,,15.5 fl oz,[],,"https://www.instacart.com/image-server/197x197/filters:fill(FFF,true):format(jpg)/d2lnr5mha7bycj.cloudfront.net/product-image/file/large_5f6cff21-656a-44ce-bbcd-0b0353214b9d.png,"
CVS®,Original price: $6.69,$6.29,,,8.9 oz,['Vegan'],,"https://www.instacart.com/image-server/197x197/filters:fill(FFF,true):format(jpg)/d2lnr5mha7bycj.cloudfront.net/product-image/file/large_19e30143-3d27-44c8-bcc2-92df7ea07b88.png,"
CVS®,"Divina Organic Kalamata, Pitted",$7.59,,,6 oz,"['Organic', 'Vegan']",Many in stock,"https://www.instacart.com/image-server/197x197/filters:fill(FFF,true):format(jpg)/d2lnr5mha7bycj.cloudfront.net/product-image/file/large_a23cdd5a-94f8-46e6-8d1d-635f572a9847.jpg,"
CVS®,"Xochitl Chipotle Salsa, Medium",$6.49,,,15 oz,[],Many in stock,"https://www.instacart.com/image-server/197x197/filters:fill(FFF,true):format(jpg)/d2lnr5mha7bycj.cloudfront.net/product-image/file/large_d1a1676b-65f3-4732-b38a-1e0dd9f37df1.png,"
CVS®,"Marzetti Dressing, Thousand Island",$5.39,,,13 fl oz,[],,"https://www.instacart.com/image-server/197x197/filters:fill(FFF,true):format(jpg)/d2lnr5mha7bycj.cloudfront.net/product-image/file/large_911eb4e1-2f53-40c1-92b4-4226b1df2501.png,"
CVS®,"Xochitl Salsa, Stone Ground, Mild",$6.49,,,15 oz,[],Many in stock,"https://www.instacart.com/image-server/197x197/filters:fill(FFF,true):format(jpg)/d2lnr5mha7bycj.cloudfront.net/product-image/file/large_01573a65-9458-4f15-870b-a67165386525.png,"
CVS®,Original price: $17.19,$15.59,,,6 oz,"['Gluten-Free', 'Vegan']",,"https://www.instacart.com/image-server/197x197/filters:fill(FFF,true):format(jpg)/d2lnr5mha7bycj.cloudfront.net/product-image/file/large_19e9975f-9313-4b37-998f-99f5e56b89aa.jpg,"
