Store,Item Name,Price,Units,Unit Price,Amount,Tags,In Stock,Image
CVS®,Banana,$0.25,each (est.),$0.66 / lb,About 0.38 lb each,[],,"https://www.instacart.com/image-server/197x197/filters:fill(FFF,true):format(jpg)/d2lnr5mha7bycj.cloudfront.net/product-image/file/large_0b26bdb1-2ad3-497d-870b-78f32c258b24.png,"
CVS®,Organic Bananas,$0.34,each (est.),$0.89 / lb,About 0.38 lb each,"['Organic', 'Non-GMO']",,"https://www.instacart.com/image-server/197x197/filters:fill(FFF,true):format(jpg)/d2lnr5mha7bycj.cloudfront.net/product-image/file/large_69731a3b-2a27-423f-b985-3eb50313dfd8.png,"
CVS®,Clementine Bag,$5.59,,,1 ct,[],Many in stock,"https://www.instacart.com/image-server/197x197/filters:fill(FFF,true):format(jpg)/d2lnr5mha7bycj.cloudfront.net/product-image/file/large_cea6a943-191e-4e02-af3c-bae9f3cade39.png,"
CVS®,Calavo Hass Avocados Bag,$5.59,,,4 count bag,[],,"https://www.instacart.com/image-server/197x197/filters:fill(FFF,true):format(jpg)/d2lnr5mha7bycj.cloudfront.net/product-image/file/large_68815b79-4ecd-4980-b2ce-6121cdbfb1e6.png,"
CVS®,Avocado,$1.39,,,,[],Many in stock,"https://www.instacart.com/image-server/197x197/filters:fill(FFF,true):format(jpg)/d2lnr5mha7bycj.cloudfront.net/product-image/file/large_f34caec5-cad3-4661-948d-f7358d71d276.png,"
CVS®,Giant Eagle Lemon,$0.99,,,1 each,[],Many in stock,"https://www.instacart.com/image-server/197x197/filters:fill(FFF,true):format(jpg)/d2lnr5mha7bycj.cloudfront.net/product-image/file/large_4189d128-4f1f-4d5e-ae11-a85610bf49b4.png,"
CVS®,Giant Eagle Green Seedless Grapes,$8.34,/pkg (est.),$3.99 / lb,About 2.09 lb / package,[],,"https://www.instacart.com/image-server/197x197/filters:fill(FFF,true):format(jpg)/d2lnr5mha7bycj.cloudfront.net/product-image/file/large_52a20ad4-4690-466b-a891-cf165d55c6e8.png,"
CVS®,Red Seedless Grapes Package,$9.78,/pkg (est.),$3.99 / lb,About 2.45 lb / package,[],,"https://www.instacart.com/image-server/197x197/filters:fill(FFF,true):format(jpg)/d2lnr5mha7bycj.cloudfront.net/product-image/file/large_c70e1de1-b8a7-4e1e-b9a5-bc9acb2b68c5.png,"
CVS®,Limes,$0.74,,,,[],,"https://www.instacart.com/image-server/197x197/filters:fill(FFF,true):format(jpg)/d2lnr5mha7bycj.cloudfront.net/product-image/file/large_dc9eedba-f294-4ae1-9c62-600a1940eae4.png,"
CVS®,Giant Eagle Watermelon Spears,$8.99,,,24 oz,[],Many in stock,"https://www.instacart.com/image-server/197x197/filters:fill(FFF,true):format(jpg)/d2lnr5mha7bycj.cloudfront.net/product-image/file/large_34836f67-9837-4808-a4cc-6bec93102231.png,"
CVS®,Giant Eagle Baby Seedless Watermelon,$5.59,,,1 each,[],,"https://www.instacart.com/image-server/197x197/filters:fill(FFF,true):format(jpg)/d2lnr5mha7bycj.cloudfront.net/product-image/file/large_b3ad8303-31a0-43e9-8ef9-e771d7d66764.png,"
CVS®,Honeycrisp Apple,$1.69,each (est.),$3.99 / lb,About 0.42 lb each,[],,"https://www.instacart.com/image-server/197x197/filters:fill(FFF,true):format(jpg)/d2lnr5mha7bycj.cloudfront.net/product-image/file/large_88a397f7-5b33-4d5f-9ea7-da4997eb6586.png,"
CVS®,Giant Eagle Honeycrisp Apples,$8.99,,,48 oz,[],Many in stock,"https://www.instacart.com/image-server/197x197/filters:fill(FFF,true):format(jpg)/d2lnr5mha7bycj.cloudfront.net/product-image/file/large_a929911a-c81c-4f3b-a048-579371a92084.png,"
CVS®,Giant Eagle Pineapple Chunks,$5.99,,,16 oz,[],Many in stock,"https://www.instacart.com/image-server/197x197/filters:fill(FFF,true):format(jpg)/d2lnr5mha7bycj.cloudfront.net/product-image/file/large_c8728171-74de-4ab3-b7fb-d7812ab75ef8.png,"
CVS®,Market District Green Seedless Grapes,$5.59,,,16 oz,[],,"https://www.instacart.com/image-server/197x197/filters:fill(FFF,true):format(jpg)/d2lnr5mha7bycj.cloudfront.net/product-image/file/large_61ba3610-fadc-4384-9fe5-2b7216ef9e3e.png,"
CVS®,Organic Blueberries Package,$6.69,,,1 lb container,"['Organic', 'Non-GMO']",,"https://www.instacart.com/image-server/197x197/filters:fill(FFF,true):format(jpg)/d2lnr5mha7bycj.cloudfront.net/product-image/file/large_cd4e7afd-4529-4eea-86ec-51a2d10c4e97.png,"
CVS®,Market District Greenhouse Grown Strawberries,$6.69,,,12 oz,[],,"https://www.instacart.com/image-server/197x197/filters:fill(FFF,true):format(jpg)/d2lnr5mha7bycj.cloudfront.net/product-image/file/large_9ce1498e-6365-4141-ab50-ba450b6fc6f7.png,"
CVS®,Organic Raspberries Package,$5.59,,,1 lb container,"['Organic', 'Non-GMO']",,"https://www.instacart.com/image-server/197x197/filters:fill(FFF,true):format(jpg)/d2lnr5mha7bycj.cloudfront.net/product-image/file/large_ced3be3b-ca29-4dae-8117-e6faea834ede.png,"
CVS®,"Honeycrisp Apples, Organic",$5.59,,,2 lb,"['Non-GMO', 'Organic']",,"https://www.instacart.com/image-server/197x197/filters:fill(FFF,true):format(jpg)/d2lnr5mha7bycj.cloudfront.net/product-image/file/large_6211a73b-8283-40fc-a167-ab18cc2df7bc.png,"
CVS®,"Wonderful Mandarins, California",$9.99,,,5 lb,['Non-GMO'],,"https://www.instacart.com/image-server/197x197/filters:fill(FFF,true):format(jpg)/d2lnr5mha7bycj.cloudfront.net/product-image/file/large_830817e2-100d-4349-b968-836eff43ee3c.png,"
CVS®,Organic Strawberries Package,$8.99,,,1 lb Container,"['Organic', 'Non-GMO']",,"https://www.instacart.com/image-server/197x197/filters:fill(FFF,true):format(jpg)/d2lnr5mha7bycj.cloudfront.net/product-image/file/large_6d12d6ed-4168-480f-bb94-3ed06b9533fd.jpg,"
CVS®,Gala Apple,$1.28,each (est.),$2.79 / lb,About 0.46 lb each,[],,"https://www.instacart.com/image-server/197x197/filters:fill(FFF,true):format(jpg)/d2lnr5mha7bycj.cloudfront.net/product-image/file/large_a687e1f5-05b3-4a6f-953c-b64552b3d969.png,"
CVS®,Giant Eagle Gala Apples,$7.99,,,80 oz,[],Many in stock,"https://www.instacart.com/image-server/197x197/filters:fill(FFF,true):format(jpg)/d2lnr5mha7bycj.cloudfront.net/product-image/file/large_efbcd22c-7e65-4762-b3d5-c5a1d88310b3.png,"
CVS®,Giant Eagle Fresh Raspberries,$3.99,,,6 oz,[],,"https://www.instacart.com/image-server/197x197/filters:fill(FFF,true):format(jpg)/d2lnr5mha7bycj.cloudfront.net/product-image/file/large_6586f859-97d4-4fca-9e7b-6d44177fbb5d.png,"
CVS®,"Wonderful Naturally Seedless, Non-GMO",$6.69,,,2 lb,['Non-GMO'],,"https://www.instacart.com/image-server/197x197/filters:fill(FFF,true):format(jpg)/d2lnr5mha7bycj.cloudfront.net/product-image/file/large_b746cb0e-8d3f-4a68-b9d2-133c1ee43b13.png,"
CVS®,McIntosh Apples,$5.59,,,,[],Many in stock,"https://www.instacart.com/image-server/197x197/filters:fill(FFF,true):format(jpg)/d2lnr5mha7bycj.cloudfront.net/product-image/file/large_95eb1f19-456e-45f6-a94b-0efff088a084.png,"
CVS®,"Del Monte Pineapple, Sweet",$5.59,,,1 each,[],Many in stock,"https://www.instacart.com/image-server/197x197/filters:fill(FFF,true):format(jpg)/d2lnr5mha7bycj.cloudfront.net/product-image/file/large_593fbe04-b75a-406c-87e5-5d2d5a6fdfe5.png,"
CVS®,Sunkist Lemons,$4.49,,,2 lb,[],,"https://www.instacart.com/image-server/197x197/filters:fill(FFF,true):format(jpg)/d2lnr5mha7bycj.cloudfront.net/product-image/file/large_91d5cbd7-3805-4ff0-8cc6-c3c7c59e702c.png,"
CVS®,Navel Orange,$1.39,,,reg. $1.39,[],Many in stock,"https://www.instacart.com/image-server/197x197/filters:fill(FFF,true):format(jpg)/d2lnr5mha7bycj.cloudfront.net/product-image/file/large_478a4bbd-d7a6-4a41-bea8-8d764a34cb35.png,"
CVS®,"Diamond Blues Blueberries, Fresh Cultivated",$5.59,,,1 pt,[],,"https://www.instacart.com/image-server/197x197/filters:fill(FFF,true):format(jpg)/d2lnr5mha7bycj.cloudfront.net/product-image/file/large_600a0e92-c240-42f0-ab6d-69b0ca423236.png,"
CVS®,Organic Apples,$5.59,,,1 each,['Organic'],Many in stock,"https://www.instacart.com/image-server/197x197/filters:fill(FFF,true):format(jpg)/d2lnr5mha7bycj.cloudfront.net/product-image/file/large_8021e16b-5048-48b9-8df0-921c4543562d.png,"
CVS®,Granny Smith Apples,$5.59,,,3 lb,[],Many in stock,"https://www.instacart.com/image-server/197x197/filters:fill(FFF,true):format(jpg)/d2lnr5mha7bycj.cloudfront.net/product-image/file/large_f1088a18-2796-45b4-9b0e-226b8d535164.png,"
CVS®,Cantaloupe,$5.59,,,reg. $5.59,[],Many in stock,"https://www.instacart.com/image-server/197x197/filters:fill(FFF,true):format(jpg)/d2lnr5mha7bycj.cloudfront.net/product-image/file/large_f96b5500-1e0b-4043-b130-aa2b48d0362e.png,"
CVS®,Green Kiwi,$0.69,,,,[],,"https://www.instacart.com/image-server/197x197/filters:fill(FFF,true):format(jpg)/d2lnr5mha7bycj.cloudfront.net/product-image/file/large_afe7e3de-1eca-4b73-953d-f55c760eaaf9.png,"
CVS®,Giant Eagle Fuji Apples,$5.59,,,3 lb,[],Many in stock,"https://www.instacart.com/image-server/197x197/filters:fill(FFF,true):format(jpg)/d2lnr5mha7bycj.cloudfront.net/product-image/file/large_1f161998-494e-4225-8354-26596b82baed.png,"
CVS®,Driscoll's Organic Blackberries,$3.99,,,6 oz,"['Organic', 'Non-GMO']",,"https://www.instacart.com/image-server/197x197/filters:fill(FFF,true):format(jpg)/d2lnr5mha7bycj.cloudfront.net/product-image/file/large_2388ea5e-791f-4cc9-a0fa-6b6e6d3821f0.png,"
CVS®,Gala Apple Bag,$5.59,,,,[],,"https://www.instacart.com/image-server/197x197/filters:fill(FFF,true):format(jpg)/d2lnr5mha7bycj.cloudfront.net/product-image/file/large_a09f4063-3e32-4b3c-9400-e87f9ae1fff3.png,"
CVS®,Kiku Apple,$1.68,each (est.),$2.99 / lb,About 0.56 lb each,[],,"https://www.instacart.com/image-server/197x197/filters:fill(FFF,true):format(jpg)/d2lnr5mha7bycj.cloudfront.net/product-image/file/large_241f9426-0e80-4060-a82c-e38480fe3f78.png,"
CVS®,Giant Eagle Produce Bartlett Pear,$1.47,each (est.),$2.99 / lb,About 0.49 lb each,[],,"https://www.instacart.com/image-server/197x197/filters:fill(FFF,true):format(jpg)/d2lnr5mha7bycj.cloudfront.net/product-image/file/large_12341c46-846f-4691-abaa-d295bb0b4680.png,"
CVS®,Local/Organic Farms Organic Blackberries,$5.59,,,6 oz,"['Organic', 'Non-GMO']",,"https://www.instacart.com/image-server/197x197/filters:fill(FFF,true):format(jpg)/d2lnr5mha7bycj.cloudfront.net/product-image/file/large_07aa026c-8df1-4f19-b3d4-07a16b1696b4.png,"
CVS®,Hostess Powdered DONETTES Bag Powdered Sugar Mini Donuts,$3.99,,,10.5 oz,[],,"https://www.instacart.com/image-server/197x197/filters:fill(FFF,true):format(jpg)/d2lnr5mha7bycj.cloudfront.net/product-image/file/large_3d5db3b0-af55-47e1-ad43-1f17c7b38029.jpg,"
CVS®,Premium Original Saltine Crackers,$4.99,,,16 oz,[],Many in stock,"https://www.instacart.com/image-server/197x197/filters:fill(FFF,true):format(jpg)/d2lnr5mha7bycj.cloudfront.net/product-image/file/large_8d0d2f1f-41b7-4cec-8115-3f7a1e552626.jpg,"
CVS®,Giant Eagle Restaurant Style Tortilla Chips,$2.99,,,12 oz,[],Many in stock,"https://www.instacart.com/image-server/197x197/filters:fill(FFF,true):format(jpg)/d2lnr5mha7bycj.cloudfront.net/product-image/file/large_8d12f16a-caec-4ba8-9a3e-b6cfb6775962.png,"
CVS®,"LÄRABAR Peanut Butter Chocolate Chip, Gluten Free Fruit & Nut Bar",$9.59,,,6 ct,"['Vegan', 'Gluten-Free']",Many in stock,"https://www.instacart.com/image-server/197x197/filters:fill(FFF,true):format(jpg)/d2lnr5mha7bycj.cloudfront.net/product-image/file/large_f55f6f79-83df-49af-8fd5-50f0eab0e165.png,"
CVS®,Act II Butter Lovers Butter Lovers Microwave Popcorn,$5.59,,,6 x 2.75 oz,['Gluten-Free'],,"https://www.instacart.com/image-server/197x197/filters:fill(FFF,true):format(jpg)/d2lnr5mha7bycj.cloudfront.net/product-image/file/large_44b562e1-c192-40b5-8c2f-a91affe0d76b.jpg,"
CVS®,"Little Debbie Swiss Rolls, Twin Wrapped",$2.99,,,12 ct,[],Many in stock,"https://www.instacart.com/image-server/197x197/filters:fill(FFF,true):format(jpg)/d2lnr5mha7bycj.cloudfront.net/product-image/file/large_e522ed9a-da10-4747-b53d-677ecefe3ff3.png,"
CVS®,Giant Eagle Original Ripple Potato Chips,$2.99,,,8 oz,"['Gluten-Free', 'Vegan']",Many in stock,"https://www.instacart.com/image-server/197x197/filters:fill(FFF,true):format(jpg)/d2lnr5mha7bycj.cloudfront.net/product-image/file/large_e55e2fbb-1713-4b18-9976-4dc9413e124e.png,"
CVS®,LÄRABAR Gluten Free Vegan Chocolate Chip Cookie Dough Fruit & Nut Bars Healthy Snacks,$9.59,,,6 ct,"['Vegan', 'Gluten-Free']",Many in stock,"https://www.instacart.com/image-server/197x197/filters:fill(FFF,true):format(jpg)/d2lnr5mha7bycj.cloudfront.net/product-image/file/large_ef70621b-72f1-42df-874e-f273ec151716.png,"
CVS®,Giant Eagle Saltines Crackers,$1.99,,,16 oz,[],Many in stock,"https://www.instacart.com/image-server/197x197/filters:fill(FFF,true):format(jpg)/d2lnr5mha7bycj.cloudfront.net/product-image/file/large_7fafcc71-e72d-4ef6-977b-cbfa9160fd38.png,"
CVS®,"Chester's Corn Snacks, Flamin' Hot Flavored, Fries",$2.99,,,5.25 oz,['Gluten-Free'],,"https://www.instacart.com/image-server/197x197/filters:fill(FFF,true):format(jpg)/d2lnr5mha7bycj.cloudfront.net/product-image/file/large_cfa3b959-7f94-4753-a980-02baf6eb2d63.jpg,"
CVS®,Hostess Frosted Mini DONETTES Bag Chocolate Breakfast Treats,$3.99,,10.75 oz,"Buy any 2, save $0.75",[],,"https://www.instacart.com/image-server/197x197/filters:fill(FFF,true):format(jpg)/d2lnr5mha7bycj.cloudfront.net/product-image/file/large_744c781e-630a-4b02-a618-cd8af401f42e.jpg,"
CVS®,"Back to Nature Crackers, Classic, Round",$3.99,,,8.5 oz,['Whole Grain'],,"https://www.instacart.com/image-server/197x197/filters:fill(FFF,true):format(jpg)/d2lnr5mha7bycj.cloudfront.net/product-image/file/large_c0c31927-caf6-4d67-8f6c-388f827c2eb6.png,"
CVS®,"Kellogg's Rice Krispies Treats Crispy Marshmallow Squares, Kids Snacks, Snack Bars, Original",$3.99,,,8 ct,[],,"https://www.instacart.com/image-server/197x197/filters:fill(FFF,true):format(jpg)/d2lnr5mha7bycj.cloudfront.net/product-image/file/large_ba8974d9-5b14-49b5-80e8-1dc243babc44.jpg,"
CVS®,Little Debbie Strawberry Shortcake Rolls,$2.99,,,6 ct,[],,"https://www.instacart.com/image-server/197x197/filters:fill(FFF,true):format(jpg)/d2lnr5mha7bycj.cloudfront.net/product-image/file/large_8fa3be96-a9bd-4e6c-a064-ff9542dc34dd.png,"
CVS®,"Kellogg's Rice Krispies Treats Crispy Marshmallow Squares, Kids Snacks, Snack Bars, Original",$5.99,,,16 x 0.78 oz,[],Many in stock,"https://www.instacart.com/image-server/197x197/filters:fill(FFF,true):format(jpg)/d2lnr5mha7bycj.cloudfront.net/product-image/file/large_d2a96a7f-4f95-4866-83df-1daebdd83556.jpg,"
CVS®,Back to Nature Organic Stoneground Wheat Crackers,$3.99,,,6 oz,"['Organic', 'Whole Grain']",Many in stock,"https://www.instacart.com/image-server/197x197/filters:fill(FFF,true):format(jpg)/d2lnr5mha7bycj.cloudfront.net/product-image/file/large_9690b59e-5e28-4b96-9dc1-8888646fb35f.png,"
CVS®,Little Debbie Zebra Cakes,$2.99,,,13 oz,[],Many in stock,"https://www.instacart.com/image-server/197x197/filters:fill(FFF,true):format(jpg)/d2lnr5mha7bycj.cloudfront.net/product-image/file/large_89c8086c-3e5c-4eb8-8b3e-e0c8d97c179d.png,"
CVS®,Giant Eagle Oyster Crackers,$1.99,,,9 oz,[],Many in stock,"https://www.instacart.com/image-server/197x197/filters:fill(FFF,true):format(jpg)/d2lnr5mha7bycj.cloudfront.net/product-image/file/large_b2efacc9-21d9-4f4c-8175-e37f0bf514bc.png,"
CVS®,Stauffer's SNAPS Ginger,$3.99,,,14 oz,[],,"https://www.instacart.com/image-server/197x197/filters:fill(FFF,true):format(jpg)/d2lnr5mha7bycj.cloudfront.net/product-image/file/large_1d7e7e3c-ce31-44d9-b4ff-c8a42e1447ca.png,"
CVS®,"Cheez-It Cheese Crackers, Baked Snack Crackers, Lunch Snacks, White Cheddar",$7.99,,,21 oz,['Light Sodium'],,"https://www.instacart.com/image-server/197x197/filters:fill(FFF,true):format(jpg)/d2lnr5mha7bycj.cloudfront.net/product-image/file/large_e91db5d9-609b-41a6-86db-1a9dfbddfef8.jpg,"
CVS®,Giant Eagle Crackers,$3.99,,,13.7 oz,[],Many in stock,"https://www.instacart.com/image-server/197x197/filters:fill(FFF,true):format(jpg)/d2lnr5mha7bycj.cloudfront.net/product-image/file/large_894e2257-eccd-4ba5-8df7-01fe00978eca.png,"
CVS®,"Oreo Chocolate Sandwich Cookies, Party Size",$7.99,,,26 oz,[],,"https://www.instacart.com/image-server/197x197/filters:fill(FFF,true):format(jpg)/d2lnr5mha7bycj.cloudfront.net/product-image/file/large_b7d41a98-f808-4b81-871b-9f42e2d76f65.jpg,"
CVS®,"Welch's Fruit Snacks, Mixed Fruit",$3.99,,,10 x 0.8 oz,['Gluten-Free'],,"https://www.instacart.com/image-server/197x197/filters:fill(FFF,true):format(jpg)/d2lnr5mha7bycj.cloudfront.net/product-image/file/large_ba4824b4-2cf6-4d1a-88b2-c6fcc67f0a8a.png,"
CVS®,"Back to Nature Crackers, Crispy Wheat",$3.99,,,8 oz,[],,"https://www.instacart.com/image-server/197x197/filters:fill(FFF,true):format(jpg)/d2lnr5mha7bycj.cloudfront.net/product-image/file/large_1bec0364-3e30-4c25-9d49-38664771b46d.png,"
CVS®,Pepperidge Farm Goldfish Cheddar Cheese Crackers,$3.69,,,6.6 oz,[],Many in stock,"https://www.instacart.com/image-server/197x197/filters:fill(FFF,true):format(jpg)/d2lnr5mha7bycj.cloudfront.net/product-image/file/large_01a1b00d-cf73-44e2-a895-2ec4e1c9d350.jpg,"
CVS®,Funyuns Onion Flavored Rings,$5.99,,,6 oz,[],,"https://www.instacart.com/image-server/197x197/filters:fill(FFF,true):format(jpg)/d2lnr5mha7bycj.cloudfront.net/product-image/file/large_48044438-c9ca-44c9-8ed5-c423102e3235.png,"
CVS®,"Oreo Double Stuf Chocolate Sandwich Cookies, Party Size",$7.99,,,27 oz,[],,"https://www.instacart.com/image-server/197x197/filters:fill(FFF,true):format(jpg)/d2lnr5mha7bycj.cloudfront.net/product-image/file/large_86268f78-af40-4ee6-9417-2c3ed6f8c947.jpg,"
CVS®,KIND Dark Chocolate Chunk,$4.99,,,5 ct,['Gluten-Free'],Many in stock,"https://www.instacart.com/image-server/197x197/filters:fill(FFF,true):format(jpg)/d2lnr5mha7bycj.cloudfront.net/product-image/file/large_878d4e1c-cd6c-4cc0-be52-b8a79d25f86c.png,"
CVS®,Pepperidge Farm Goldfish Cheddar Crackers,$8.69,,,9 oz,[],Many in stock,"https://www.instacart.com/image-server/197x197/filters:fill(FFF,true):format(jpg)/d2lnr5mha7bycj.cloudfront.net/product-image/file/large_1ec885d0-498b-42d5-ad9b-ae50e9df6b30.jpg,"
CVS®,Gushers Tropical and Strawberry Fruit Flavored Snacks Family Pack,$9.99,,,16 oz,['Gluten-Free'],,"https://www.instacart.com/image-server/197x197/filters:fill(FFF,true):format(jpg)/d2lnr5mha7bycj.cloudfront.net/product-image/file/large_be8d7cdd-29b5-46c4-b180-88e449543f21.png,"
CVS®,Hostess Crunch DONETTES Bag Sweet Coconut Crunch,$3.99,,9.5 oz,"Buy any 2, save $0.75",[],,"https://www.instacart.com/image-server/197x197/filters:fill(FFF,true):format(jpg)/d2lnr5mha7bycj.cloudfront.net/product-image/file/large_5278676b-a712-48a9-b5ec-6858b218a803.jpg,"
CVS®,Vermont Smoke & Cure Original Beef & Pork Sticks,$6.99,,,6 x 0.5 oz,['Gluten-Free'],,"https://www.instacart.com/image-server/197x197/filters:fill(FFF,true):format(jpg)/d2lnr5mha7bycj.cloudfront.net/product-image/file/large_3102353d-91e3-49cf-91b8-8b31d41d6a96.jpg,"
CVS®,Hostess Donettes Double Chocolate Frosted DONETTES Bag Mini Breakfast Donuts,$3.99,,18 x 10.7 oz,"Buy any 2, save $0.75",[],,"https://www.instacart.com/image-server/197x197/filters:fill(FFF,true):format(jpg)/d2lnr5mha7bycj.cloudfront.net/product-image/file/large_c79dba25-fd47-4b05-bdd8-f6074a7b5d3e.jpg,"
CVS®,Giant Eagle Bite Size Tortilla Chips,$2.99,,,12 oz,[],Many in stock,"https://www.instacart.com/image-server/197x197/filters:fill(FFF,true):format(jpg)/d2lnr5mha7bycj.cloudfront.net/product-image/file/large_b6596b6a-fdd0-4f00-968e-8c560a8113a6.png,"
CVS®,"Keebler Sandwich Crackers, Single Serve Snack Crackers, Lunch Snacks",$3.99,,,8 x 1.38 oz,[],Many in stock,"https://www.instacart.com/image-server/197x197/filters:fill(FFF,true):format(jpg)/d2lnr5mha7bycj.cloudfront.net/product-image/file/large_1b1f705a-fda3-459f-a27f-a52f19ffa616.jpg,"
CVS®,Hostess TWINKIES Golden Sponge Cake Creamy Filling Family Pack –,$7.99,,16 ct,"Buy any 2, save $0.75",[],,"https://www.instacart.com/image-server/197x197/filters:fill(FFF,true):format(jpg)/d2lnr5mha7bycj.cloudfront.net/product-image/file/large_b6942c69-7dc0-4473-8fee-9fcec1421d8e.jpg,"
CVS®,"Keebler Sandwich Crackers, Single Serve Snack Crackers, Lunch Snacks, Club and Cheddar",$3.99,,,8 ct,[],Many in stock,"https://www.instacart.com/image-server/197x197/filters:fill(FFF,true):format(jpg)/d2lnr5mha7bycj.cloudfront.net/product-image/file/large_81b934df-ed08-4eba-9213-d980c9ef0cea.jpg,"
CVS®,Premium Original Soup & Oyster Crackers,$4.99,,,8 oz,[],Many in stock,"https://www.instacart.com/image-server/197x197/filters:fill(FFF,true):format(jpg)/d2lnr5mha7bycj.cloudfront.net/product-image/file/large_f0d00638-1172-4429-aa61-60968a52f759.jpg,"
CVS®,"Cheez-It Cheese Crackers, Baked Snack Crackers, Lunch Snacks, Original",$2.99,,,7 oz,['Light Sodium'],Many in stock,"https://www.instacart.com/image-server/197x197/filters:fill(FFF,true):format(jpg)/d2lnr5mha7bycj.cloudfront.net/product-image/file/large_604110b9-2a88-493d-8334-92aafd481704.jpg,"
CVS®,LÄRABAR Chocolate Chip Cookie Dough Fruit & Nut Bar,$2.29,,,1.6 oz,"['Vegan', 'Gluten-Free']",,"https://www.instacart.com/image-server/197x197/filters:fill(FFF,true):format(jpg)/d2lnr5mha7bycj.cloudfront.net/product-image/file/large_7c696529-7eef-4b77-b199-1c25f82f0d73.png,"
CVS®,"Keebler Baked Graham Cracker Sticks, Lunch Snacks, Snack Crackers, Cinnamon",$4.99,,,11 oz,['Whole Grain'],,"https://www.instacart.com/image-server/197x197/filters:fill(FFF,true):format(jpg)/d2lnr5mha7bycj.cloudfront.net/product-image/file/large_2393797c-ac76-46fb-808b-166c1cf23917.jpg,"
CVS®,"Giant Eagle Tortilla Chip, Dippers",$2.99,,,10 oz,['Vegan'],Many in stock,"https://www.instacart.com/image-server/197x197/filters:fill(FFF,true):format(jpg)/d2lnr5mha7bycj.cloudfront.net/product-image/file/large_dda544ae-18fb-4cd1-93c2-5598bce8f70c.png,"
CVS®,Lorna Doone Shortbread Cookies,$6.99,,,10 x 1 oz,[],,"https://www.instacart.com/image-server/197x197/filters:fill(FFF,true):format(jpg)/d2lnr5mha7bycj.cloudfront.net/product-image/file/large_7f32301b-630a-41fd-864f-6f769b394f9b.jpg,"
CVS®,LÄRABAR Gluten Free Cashew Cookie Fruit & Nut Bars,$2.29,,,1.7 oz,"['Vegan', 'Gluten-Free']",,"https://www.instacart.com/image-server/197x197/filters:fill(FFF,true):format(jpg)/d2lnr5mha7bycj.cloudfront.net/product-image/file/large_a569fcfd-e252-460d-84f3-43d444041162.png,"
CVS®,Hostess Triple Chocolate Kazbars,$5.59,,8 ct,"Buy any 2, save $0.75",[],,"https://www.instacart.com/image-server/197x197/filters:fill(FFF,true):format(jpg)/d2lnr5mha7bycj.cloudfront.net/product-image/file/large_91551155-3367-4f5d-9ea8-ae994ea2fffe.png,"
CVS®,Jell-O Chocolate Vanilla Swirls Sugar Free Refrigerated Pudding Cup Snacks Value Pack,$3.99,,,4 ct,['Zero Sugar'],Many in stock,"https://www.instacart.com/image-server/197x197/filters:fill(FFF,true):format(jpg)/d2lnr5mha7bycj.cloudfront.net/product-image/file/large_81ecca3c-8e34-495d-968a-b121938b82af.jpg,"
CVS®,Hostess BOUNCERS Cinnamon DONETTES Packable Pouches Perfect for Lunchboxes,$5.59,,5 each,"Buy any 2, save $0.75",[],,"https://www.instacart.com/image-server/197x197/filters:fill(FFF,true):format(jpg)/d2lnr5mha7bycj.cloudfront.net/product-image/file/large_e6037c7a-9fa1-4263-99b0-16a6af5c5bd8.jpg,"
CVS®,"Endangered Species Dark Chocolate, Caramel & Sea Salt, 60% Cocoa",$3.69,,,3 oz,['Gluten-Free'],,"https://www.instacart.com/image-server/197x197/filters:fill(FFF,true):format(jpg)/d2lnr5mha7bycj.cloudfront.net/product-image/file/large_8134fc7e-c33f-4644-82c7-5397e2df8792.png,"
CVS®,Nabisco Original Mini Saltine Crackers,$4.99,,,11 oz,[],Many in stock,"https://www.instacart.com/image-server/197x197/filters:fill(FFF,true):format(jpg)/d2lnr5mha7bycj.cloudfront.net/product-image/file/large_b54e0c57-b0b0-43c5-bde4-40b4baa32d48.jpg,"
CVS®,"Nutter Butter Peanut Butter Sandwich Cookies, Family Size",$5.99,,,16 oz,[],Many in stock,"https://www.instacart.com/image-server/197x197/filters:fill(FFF,true):format(jpg)/d2lnr5mha7bycj.cloudfront.net/product-image/file/large_c1cfd1c1-7bc4-46d0-b0c7-61ace88d2c33.jpg,"
CVS®,Hostess Chocolate Caramel KAZBARS Creamy and Crunchy Layer Bar Individually Wrapped,$5.59,,8 ct,"Buy any 2, save $0.75",[],,"https://www.instacart.com/image-server/197x197/filters:fill(FFF,true):format(jpg)/d2lnr5mha7bycj.cloudfront.net/product-image/file/large_55af8397-aec5-4be4-a772-65a999190174.png,"
CVS®,"Quaker Rice Crisps, Cheddar Flavor",$4.79,,,6.06 oz,"['Gluten-Free', 'Whole Grain']",,"https://www.instacart.com/image-server/197x197/filters:fill(FFF,true):format(jpg)/d2lnr5mha7bycj.cloudfront.net/product-image/file/large_555852a8-50e8-4512-b78e-59b8443c3a90.png,"
CVS®,Hostess BOUNCERS Glazed Chocolate DING DONGS Packable Pouches Perfect for Lunchboxes,$5.59,,15 x 9.95 oz,"Buy any 2, save $0.75",[],,"https://www.instacart.com/image-server/197x197/filters:fill(FFF,true):format(jpg)/d2lnr5mha7bycj.cloudfront.net/product-image/file/large_6368feaa-9278-43b7-baf0-f17742867912.jpg,"
CVS®,KIND Oats & Honey with Coconut,$4.99,,,5 x 1.2 oz,['Gluten-Free'],,"https://www.instacart.com/image-server/197x197/filters:fill(FFF,true):format(jpg)/d2lnr5mha7bycj.cloudfront.net/product-image/file/large_fc9101b4-8fab-4dbf-b033-45dffd7cc62b.png,"
CVS®,"Ruffles Original Potato Chips, Party Size",$7.99,,,13 oz,"['Gluten-Free', 'Vegan']",,"https://www.instacart.com/image-server/197x197/filters:fill(FFF,true):format(jpg)/d2lnr5mha7bycj.cloudfront.net/product-image/file/large_a22afb97-1896-4726-ab5c-6e2be4a4bd72.png,"
CVS®,"Ruffles Potato Chips, Cheddar & Sour Cream Flavored, Party Size",$7.99,,,12.5 oz,[],,"https://www.instacart.com/image-server/197x197/filters:fill(FFF,true):format(jpg)/d2lnr5mha7bycj.cloudfront.net/product-image/file/large_2699e412-3602-4ce8-8082-baa5f7d97af1.png,"
CVS®,"Quaker Rice Crisps, Caramel",$4.79,,,7.04 oz,"['Gluten-Free', 'Whole Grain']",Many in stock,"https://www.instacart.com/image-server/197x197/filters:fill(FFF,true):format(jpg)/d2lnr5mha7bycj.cloudfront.net/product-image/file/large_e91fd496-ceb1-44ac-9010-d9e6bcd0b6e7.png,"
CVS®,"LÄRABAR Gluten Free Bar, Blueberry Muffin",$2.29,,,1.6 oz,"['Vegan', 'Gluten-Free']",,"https://www.instacart.com/image-server/197x197/filters:fill(FFF,true):format(jpg)/d2lnr5mha7bycj.cloudfront.net/product-image/file/large_61181ed0-e887-4406-ab07-8bc75d9296a0.png,"
CVS®,LÄRABAR Cherry Pie Fruit & Nut Bar,$2.29,,,1.7 oz,"['Vegan', 'Gluten-Free']",Many in stock,"https://www.instacart.com/image-server/197x197/filters:fill(FFF,true):format(jpg)/d2lnr5mha7bycj.cloudfront.net/product-image/file/large_73afba33-e2fb-4cfd-bdac-5ef49c1202c7.png,"
CVS®,"Ruffles Potato Chips, Sour Cream & Onion Flavored",$6.69,,,8 oz,[],,"https://www.instacart.com/image-server/197x197/filters:fill(FFF,true):format(jpg)/d2lnr5mha7bycj.cloudfront.net/product-image/file/large_8512364c-b1df-467d-b028-1d618517f7b2.png,"
CVS®,"Enjoy Life Foods Lentil Chips, Sea Salt",$5.59,,,4 oz,"['Gluten-Free', 'Vegan']",,"https://www.instacart.com/image-server/197x197/filters:fill(FFF,true):format(jpg)/d2lnr5mha7bycj.cloudfront.net/product-image/file/large_f81b7986-44a8-42dd-a77b-7ec2c1547e0f.jpg,"
CVS®,"Lay's Potato Chips, Barbecue Flavored",$4.99,,,7.75 oz,[],Many in stock,"https://www.instacart.com/image-server/197x197/filters:fill(FFF,true):format(jpg)/d2lnr5mha7bycj.cloudfront.net/product-image/file/large_96944ea1-255d-400e-806e-2c2e16c65440.png,"
CVS®,Lay's Barbecue Party Size Potato Chips,$6.99,,,12.5 oz,[],Many in stock,"https://www.instacart.com/image-server/197x197/filters:fill(FFF,true):format(jpg)/d2lnr5mha7bycj.cloudfront.net/product-image/file/large_88208c46-75ab-47ba-a648-23c3ec63480d.png,"
CVS®,Cheetos Simply Puffs White Cheddar Cheese Flavored Snacks,$5.59,,,8 oz,['Gluten-Free'],Many in stock,"https://www.instacart.com/image-server/197x197/filters:fill(FFF,true):format(jpg)/d2lnr5mha7bycj.cloudfront.net/product-image/file/large_6bac7465-47d9-4541-9a42-f79c6f47353c.png,"
CVS®,"Doritos Tortilla Chips, Nacho Cheese Flavored, Party Size",$7.99,,,14.5 oz,[],,"https://www.instacart.com/image-server/197x197/filters:fill(FFF,true):format(jpg)/d2lnr5mha7bycj.cloudfront.net/product-image/file/large_fdf670de-d20b-47f2-9702-efcf897f7d50.png,"
CVS®,"Doritos Tortilla Chips, Cool Ranch Flavored, Party Size",$7.99,,,14.5 oz,[],,"https://www.instacart.com/image-server/197x197/filters:fill(FFF,true):format(jpg)/d2lnr5mha7bycj.cloudfront.net/product-image/file/large_74a046cb-04f8-4720-b525-f982ede2b4c0.png,"
CVS®,"Fritos Flavor Twists Corn Snacks, Honey BBQ Flavored",$6.59,,,9.25 oz,[],Many in stock,"https://www.instacart.com/image-server/197x197/filters:fill(FFF,true):format(jpg)/d2lnr5mha7bycj.cloudfront.net/product-image/file/large_dbd69dd7-ac36-49d4-91b9-2f1b030805da.png,"
CVS®,"Lay's Potato Chips, Classic",$5.59,,,8 oz,"['Gluten-Free', 'Vegan']",Many in stock,"https://www.instacart.com/image-server/197x197/filters:fill(FFF,true):format(jpg)/d2lnr5mha7bycj.cloudfront.net/product-image/file/large_627370b5-1bd9-49b8-b288-40db128364f0.png,"
CVS®,"PopCorners Popped-Corn Snack, Sweet & Salty Kettle Corn Flavored",$4.99,,,7 oz,['Gluten-Free'],,"https://www.instacart.com/image-server/197x197/filters:fill(FFF,true):format(jpg)/d2lnr5mha7bycj.cloudfront.net/product-image/file/large_29f3e61e-ac7e-4535-8097-7a7e866aca47.png,"
CVS®,Giant Eagle White Enriched King Size Bread,$1.89,,,20 oz,[],Many in stock,"https://www.instacart.com/image-server/197x197/filters:fill(FFF,true):format(jpg)/d2lnr5mha7bycj.cloudfront.net/product-image/file/large_bfa45355-ca58-4045-8a3b-092c68dd1213.png,"
CVS®,"Schwebel's Bread, Italian, Taliano, Sliced",$3.99,,,18 oz,[],Many in stock,"https://www.instacart.com/image-server/197x197/filters:fill(FFF,true):format(jpg)/d2lnr5mha7bycj.cloudfront.net/product-image/file/large_e4320d15-a92d-4141-8747-fed04f7f3d83.png,"
CVS®,"Wonder Bread Bread, Classic White",$3.99,,,20 oz,[],Many in stock,"https://www.instacart.com/image-server/197x197/filters:fill(FFF,true):format(jpg)/d2lnr5mha7bycj.cloudfront.net/product-image/file/large_5096a078-a20c-405e-90ca-6fd67c456694.png,"
CVS®,Brownberry Keto Bread,$7.99,,,20 oz,['Keto'],,"https://www.instacart.com/image-server/197x197/filters:fill(FFF,true):format(jpg)/d2lnr5mha7bycj.cloudfront.net/product-image/file/large_9cedd674-be87-4181-8cb9-bb232b701f58.jpg,"
CVS®,Giant Eagle Split Top Wheat Bread,$1.99,,,20 oz,[],Many in stock,"https://www.instacart.com/image-server/197x197/filters:fill(FFF,true):format(jpg)/d2lnr5mha7bycj.cloudfront.net/product-image/file/large_cc68a810-146d-4911-8703-9962b26a5e94.png,"
CVS®,"Schwebel's Bread, Enriched, Giant",$3.99,,,22 oz,[],Many in stock,"https://www.instacart.com/image-server/197x197/filters:fill(FFF,true):format(jpg)/d2lnr5mha7bycj.cloudfront.net/product-image/file/large_badaff35-8eec-4405-9ed7-4e004f6b8de8.png,"
CVS®,"Nature's Own Butterbread, Sliced White Bread, 20 oz Loaf",$4.79,,,20 oz,[],Many in stock,"https://www.instacart.com/image-server/197x197/filters:fill(FFF,true):format(jpg)/d2lnr5mha7bycj.cloudfront.net/product-image/file/large_cf876f3b-9113-4e92-944c-cdcc5c826788.png,"
CVS®,"Nature's Own Honey Wheat, Honey Wheat Sandwich Bread, 20 oz Loaf",$4.79,,,20 oz,[],Many in stock,"https://www.instacart.com/image-server/197x197/filters:fill(FFF,true):format(jpg)/d2lnr5mha7bycj.cloudfront.net/product-image/file/large_8042ff00-62a4-4df0-b683-b2b56b1fbc93.png,"
CVS®,"Nature's Own Perfectly Crafted White Bread, Thick Sliced Non-GMO Sandwich Bread, 22 oz Loaf",$4.99,,,22 oz,[],Many in stock,"https://www.instacart.com/image-server/197x197/filters:fill(FFF,true):format(jpg)/d2lnr5mha7bycj.cloudfront.net/product-image/file/large_3d2c8053-7810-4561-8e45-578cfea898d7.png,"
CVS®,Market District Artisan Baguette,$2.99,,,10 oz,[],,"https://www.instacart.com/image-server/197x197/filters:fill(FFF,true):format(jpg)/d2lnr5mha7bycj.cloudfront.net/product-image/file/large_fe26dc41-2edd-410d-817c-727c759f437f.png,"
CVS®,Sara Lee Honey Wheat Pre-sliced Bread,$4.29,,,20 oz,[],Many in stock,"https://www.instacart.com/image-server/197x197/filters:fill(FFF,true):format(jpg)/d2lnr5mha7bycj.cloudfront.net/product-image/file/large_b844c54f-6324-4b06-99f0-718652dc1467.png,"
CVS®,"Nature's Own 100% Whole Wheat, Whole Wheat Bread, 20 oz Loaf",$4.79,,,20 oz,[],Many in stock,"https://www.instacart.com/image-server/197x197/filters:fill(FFF,true):format(jpg)/d2lnr5mha7bycj.cloudfront.net/product-image/file/large_fb0aefbf-4a28-4f0f-bede-521484d6982d.png,"
CVS®,Sara Lee Butter Bread,$4.29,,,20 oz,[],Many in stock,"https://www.instacart.com/image-server/197x197/filters:fill(FFF,true):format(jpg)/d2lnr5mha7bycj.cloudfront.net/product-image/file/large_db774ae7-1b11-402e-b76e-db6ead46b6ed.png,"
CVS®,Pepperidge Farm Hearty White Bread,$5.59,,,24 oz,[],Many in stock,"https://www.instacart.com/image-server/197x197/filters:fill(FFF,true):format(jpg)/d2lnr5mha7bycj.cloudfront.net/product-image/file/large_5fc96b9d-30a8-4310-8838-44646648424f.jpg,"
CVS®,Pepperidge Farm Sourdough Bread,$5.59,,,24 oz,[],Many in stock,"https://www.instacart.com/image-server/197x197/filters:fill(FFF,true):format(jpg)/d2lnr5mha7bycj.cloudfront.net/product-image/file/large_28ed8ea7-f898-4fc5-a2aa-4a4a5b7573d5.jpg,"
CVS®,Sara Lee Artesano Bakery Bread,$4.99,,,20 oz,[],Many in stock,"https://www.instacart.com/image-server/197x197/filters:fill(FFF,true):format(jpg)/d2lnr5mha7bycj.cloudfront.net/product-image/file/large_93082023-b573-4895-9f0a-68f5ff300463.jpg,"
CVS®,Giant Eagle Milano Italian Bread,$2.69,,,18 oz,[],Many in stock,"https://www.instacart.com/image-server/197x197/filters:fill(FFF,true):format(jpg)/d2lnr5mha7bycj.cloudfront.net/product-image/file/large_782bd1e0-f074-4791-a37b-77e265b0edfa.png,"
CVS®,Sara Lee Classic White Bread,$3.99,,,20 oz,[],Many in stock,"https://www.instacart.com/image-server/197x197/filters:fill(FFF,true):format(jpg)/d2lnr5mha7bycj.cloudfront.net/product-image/file/large_e1ffa025-9808-4216-9919-d057607179a4.png,"
CVS®,"Schwebel's Bread, 100% Whole Wheat",$4.99,,,24 oz,[],,"https://www.instacart.com/image-server/197x197/filters:fill(FFF,true):format(jpg)/d2lnr5mha7bycj.cloudfront.net/product-image/file/large_af853ac8-1899-49b1-a51f-a454f5c5fb86.png,"
CVS®,"Canyon Bakehouse Hawaiian Sweet Gluten Free Bread, Whole Grain Sandwich Bread, Fresh, 15 oz Loaf",$8.99,,,15 oz,['Gluten-Free'],,"https://www.instacart.com/image-server/197x197/filters:fill(FFF,true):format(jpg)/d2lnr5mha7bycj.cloudfront.net/product-image/file/large_90c1a7b7-f54e-4f00-b808-ca7c05778a23.png,"
CVS®,"Dave's Killer Bread White Bread Done Right, Artisan-Style Organic White Bread, 24 oz Loaf",$7.99,,,24 oz,"['Organic', 'Vegan']",,"https://www.instacart.com/image-server/197x197/filters:fill(FFF,true):format(jpg)/d2lnr5mha7bycj.cloudfront.net/product-image/file/large_f6d74d63-a15f-4b28-8e33-514b8e237bfe.png,"
CVS®,Giant Eagle Fresh Authentic Italian Bread,$3.99,,,1 ct,[],,"https://www.instacart.com/image-server/197x197/filters:fill(FFF,true):format(jpg)/d2lnr5mha7bycj.cloudfront.net/product-image/file/large_7e3da0dd-fb07-4573-bc5d-fcd536e33fe2.png,"
CVS®,Giant Eagle Bakery Fresh Tuscany Bread,$5.59,,,1 ct,[],,"https://www.instacart.com/image-server/197x197/filters:fill(FFF,true):format(jpg)/d2lnr5mha7bycj.cloudfront.net/product-image/file/large_6f827a5c-49eb-4ada-816c-2760aa038501.png,"
CVS®,"Canyon Bakehouse Bread, Gluten Free, Ancient Grain",$8.99,,,15 oz,['Gluten-Free'],,"https://www.instacart.com/image-server/197x197/filters:fill(FFF,true):format(jpg)/d2lnr5mha7bycj.cloudfront.net/product-image/file/large_590f36bb-221d-49fe-aea0-ffadeb37fa1a.png,"
CVS®,Schwebel's Selects Grain Bread,$4.99,,,24 oz,[],,"https://www.instacart.com/image-server/197x197/filters:fill(FFF,true):format(jpg)/d2lnr5mha7bycj.cloudfront.net/product-image/file/large_e518279c-a39c-499a-800b-635655672d68.png,"
CVS®,Pepperidge Farm Butter Bread,$5.59,,,22 oz,[],Many in stock,"https://www.instacart.com/image-server/197x197/filters:fill(FFF,true):format(jpg)/d2lnr5mha7bycj.cloudfront.net/product-image/file/large_9d5f6499-0f54-4758-b810-6a1c43bd319e.jpg,"
CVS®,"Sun-Maid Bread, Raisin Cinnamon Swirl",$5.59,,,16 oz,[],,"https://www.instacart.com/image-server/197x197/filters:fill(FFF,true):format(jpg)/d2lnr5mha7bycj.cloudfront.net/product-image/file/large_88170a50-9c60-4c9d-ac5a-28584cd58e63.png,"
CVS®,Sara Lee 100% Whole Wheat Bread,$4.29,,,20 oz,[],Many in stock,"https://www.instacart.com/image-server/197x197/filters:fill(FFF,true):format(jpg)/d2lnr5mha7bycj.cloudfront.net/product-image/file/large_956041ea-6277-4dec-bc8a-b38e53b5c494.png,"
CVS®,Market District Cold Mini Cornbread Loaves,$2.99,,,8 oz,[],,"https://www.instacart.com/image-server/197x197/filters:fill(FFF,true):format(jpg)/d2lnr5mha7bycj.cloudfront.net/product-image/file/large_46b48df5-1c21-488f-92c0-7a799daa97b9.png,"
CVS®,Market District Three Cheese Asiago Bread,$5.99,,,1 ct,[],,"https://www.instacart.com/image-server/197x197/filters:fill(FFF,true):format(jpg)/d2lnr5mha7bycj.cloudfront.net/product-image/file/large_842b11f3-dd6a-48cb-8357-694231d82ecc.png,"
CVS®,Nature's Own Sliced Hawaiian Bread,$4.79,,,20 oz,[],,"https://www.instacart.com/image-server/197x197/filters:fill(FFF,true):format(jpg)/d2lnr5mha7bycj.cloudfront.net/product-image/file/large_3d143df9-8d3c-4072-8f8e-a3f76553f4e4.png,"
CVS®,Market District Bakery Fresh Ciabatta,$5.59,,,1 ct,[],,"https://www.instacart.com/image-server/197x197/filters:fill(FFF,true):format(jpg)/d2lnr5mha7bycj.cloudfront.net/product-image/file/large_00af3ede-bb81-4096-91bc-d93e6130e440.png,"
CVS®,Dave's Killer Bread 21 Whole Grains and Seeds Organic Bread,$7.99,,,27 oz,"['Organic', 'Vegan']",,"https://www.instacart.com/image-server/197x197/filters:fill(FFF,true):format(jpg)/d2lnr5mha7bycj.cloudfront.net/product-image/file/large_47f0e24c-f72f-4ac0-a58b-566d7c3f7c9b.png,"
CVS®,"Nature's Own Bread, Multigrain, Thick Sliced",$4.99,,,22 oz,[],,"https://www.instacart.com/image-server/197x197/filters:fill(FFF,true):format(jpg)/d2lnr5mha7bycj.cloudfront.net/product-image/file/large_1e25e93b-f9d1-47c6-a10a-888c11829355.png,"
CVS®,"Dave's Killer Bread 21 Whole Grains & Seeds Thin-Sliced, Whole Grain Organic Bread, 20.5 oz Loaf",$6.69,,,20.5 oz,"['Organic', 'Vegan']",,"https://www.instacart.com/image-server/197x197/filters:fill(FFF,true):format(jpg)/d2lnr5mha7bycj.cloudfront.net/product-image/file/large_ad536ffb-c1b2-4fa2-8e07-518440f595e9.png,"
CVS®,Pepperidge Farm Swirl Cinnamon Bread,$4.99,,,16 oz,[],Many in stock,"https://www.instacart.com/image-server/197x197/filters:fill(FFF,true):format(jpg)/d2lnr5mha7bycj.cloudfront.net/product-image/file/large_f2ca09f3-3183-44c1-8f91-60c3d85eefb8.jpg,"
CVS®,Pepperidge Farm Light Style Oatmeal Bread,$5.99,,,16 oz,[],,"https://www.instacart.com/image-server/197x197/filters:fill(FFF,true):format(jpg)/d2lnr5mha7bycj.cloudfront.net/product-image/file/large_8361743a-35d0-423f-bb01-bd4042e575fc.jpg,"
CVS®,Brownberry Whole Grains Oatnut Bread,$5.99,,,24 oz,[],Many in stock,"https://www.instacart.com/image-server/197x197/filters:fill(FFF,true):format(jpg)/d2lnr5mha7bycj.cloudfront.net/product-image/file/large_ce378725-32d1-45ea-95a8-6265f1c026de.jpg,"
CVS®,"Nature's Own Life Keto Soft White, Sliced White Keto Bread, 16 oz Loaf",$7.99,,,16 oz,['Keto'],,"https://www.instacart.com/image-server/197x197/filters:fill(FFF,true):format(jpg)/d2lnr5mha7bycj.cloudfront.net/product-image/file/large_2c6d1eed-36c0-4fa5-84dc-1beddda4fce2.png,"
CVS®,Brownberry Grains Almighty Plant Protein Bread,$5.99,,,20 oz,[],,"https://www.instacart.com/image-server/197x197/filters:fill(FFF,true):format(jpg)/d2lnr5mha7bycj.cloudfront.net/product-image/file/large_09f07496-9224-4c74-a2d3-3ae84d3e8339.png,"
CVS®,Giant Eagle Bakery Fresh French Bread,$4.99,,,14 oz,[],,"https://www.instacart.com/image-server/197x197/filters:fill(FFF,true):format(jpg)/d2lnr5mha7bycj.cloudfront.net/product-image/file/large_563b8830-8c89-469f-9ba6-0a27eaa263f6.png,"
CVS®,Brownberry Whole Grains Healthy Multi-Grain Bread,$5.99,,,24 oz,[],,"https://www.instacart.com/image-server/197x197/filters:fill(FFF,true):format(jpg)/d2lnr5mha7bycj.cloudfront.net/product-image/file/large_9718a639-c49b-41fb-9aba-a24175e89212.jpg,"
CVS®,Giant Eagle 100% Whole Wheat Bread,$2.99,,,16 oz,[],,"https://www.instacart.com/image-server/197x197/filters:fill(FFF,true):format(jpg)/d2lnr5mha7bycj.cloudfront.net/product-image/file/large_397539db-9b1e-4573-acb1-fa1db28495fd.png,"
CVS®,Giant Eagle 2% Reduced Fat Milk,$2.99,,,1 gal,[],Many in stock,"https://www.instacart.com/image-server/197x197/filters:fill(FFF,true):format(jpg)/d2lnr5mha7bycj.cloudfront.net/product-image/file/large_758f0c97-ffd3-41a8-95b1-49f969b2156d.png,"
CVS®,"Maruchan Ramen Noodle Soup, Chicken Flavor, 12 Pack",$3.99,,,12 x 3 oz,[],,"https://www.instacart.com/image-server/197x197/filters:fill(FFF,true):format(jpg)/d2lnr5mha7bycj.cloudfront.net/product-image/file/large_2144b5d7-5af0-4915-b4a2-28574676c3e2.png,"
CVS®,"Thomas Farms Organic Grass Fed Ground Beef, 85% Lean 15% Fat",$8.99,,,1 lb,"['Organic', 'Grass-Fed']",,"https://www.instacart.com/image-server/197x197/filters:fill(FFF,true):format(jpg)/d2lnr5mha7bycj.cloudfront.net/product-image/file/large_383697ba-3c30-4998-a3d8-f6f8150f8753.jpg,"
CVS®,Red Bull Sugar Free Energy Drink,$9.99,,,4 x 8.4 fl oz,['Zero Sugar'],,"https://www.instacart.com/image-server/197x197/filters:fill(FFF,true):format(jpg)/d2lnr5mha7bycj.cloudfront.net/product-image/file/large_74b34ce4-39aa-40aa-bef4-195d0521e2ad.jpg,"
CVS®,Green Bell Pepper,$2.35,each (est.),$3.99 / lb,About 0.59 lb each,[],,"https://www.instacart.com/image-server/197x197/filters:fill(FFF,true):format(jpg)/d2lnr5mha7bycj.cloudfront.net/product-image/file/large_57a1d780-8298-4f82-a282-b1d09ef97997.png,"
CVS®,Giant Eagle Purified Water,$3.99,,,24 x 16.9 fl oz,[],Many in stock,"https://www.instacart.com/image-server/197x197/filters:fill(FFF,true):format(jpg)/d2lnr5mha7bycj.cloudfront.net/product-image/file/large_a2bc4717-0b60-4064-96b9-241964930d45.png,"
CVS®,Bounty Select-A-Size Paper Towels,$26.99,,,12 ct,[],,"https://www.instacart.com/image-server/197x197/filters:fill(FFF,true):format(jpg)/d2lnr5mha7bycj.cloudfront.net/product-image/file/large_217a98b7-0272-477c-9fdd-918658952b2a.png,"
CVS®,"Freshpet Dog Food, Chicken Recipe, Bite-Size, Small Dog",$8.99,,,1 lb,[],,"https://www.instacart.com/image-server/197x197/filters:fill(FFF,true):format(jpg)/d2lnr5mha7bycj.cloudfront.net/product-image/file/large_9642f444-81aa-4716-a3b5-c4e7e2e99f38.png,"
CVS®,"Glad Drawstring Bags, Tall Kitchen, Lavender Scent, 13 Gallon",$11.99,,,40 ct,[],,"https://www.instacart.com/image-server/197x197/filters:fill(FFF,true):format(jpg)/d2lnr5mha7bycj.cloudfront.net/product-image/file/large_e4b343d3-57f1-4303-8d4c-d53277aca34f.jpg,"
CVS®,Giant Eagle Cold Rotisserie Chicken,$7.99,,,1 each,[],,"https://www.instacart.com/image-server/197x197/filters:fill(FFF,true):format(jpg)/d2lnr5mha7bycj.cloudfront.net/product-image/file/large_30001f45-b555-4643-8972-1e981dafbd55.png,"
CVS®,Giant Eagle Grade A Cage Free Large White Eggs,$2.99,,,12 oz,['Cage-Free'],,"https://www.instacart.com/image-server/197x197/filters:fill(FFF,true):format(jpg)/d2lnr5mha7bycj.cloudfront.net/product-image/file/large_c6bb7fc6-20fe-46ca-81d6-713278f353aa.png,"
CVS®,Glad Press'n Seal Plastic Food Wrap,$4.99,,,70 sq ft,[],Many in stock,"https://www.instacart.com/image-server/197x197/filters:fill(FFF,true):format(jpg)/d2lnr5mha7bycj.cloudfront.net/product-image/file/large_95eede61-a4af-40af-b48a-c970b3ef248f.jpg,"
CVS®,Nature Valley Chewy Protein Peanut Butter Dark Chocolate Granola Bars,$9.99,,,14.2 oz,[],,"https://www.instacart.com/image-server/197x197/filters:fill(FFF,true):format(jpg)/d2lnr5mha7bycj.cloudfront.net/product-image/file/large_112d27bc-a1f6-406b-bc43-6b8adc2bca75.png,"
CVS®,Heluva Good! French Onion Dip,$2.59,,,12 oz,[],Many in stock,"https://www.instacart.com/image-server/197x197/filters:fill(FFF,true):format(jpg)/d2lnr5mha7bycj.cloudfront.net/product-image/file/large_70dccdd5-fd4c-4ced-a27b-9c7103e23aa1.jpg,"
CVS®,Smucker's Uncrustables Peanut Butter & Strawberry Jam Sandwich,$11.29,,,10 ct,[],,"https://www.instacart.com/image-server/197x197/filters:fill(FFF,true):format(jpg)/d2lnr5mha7bycj.cloudfront.net/product-image/file/large_fa382242-601b-446d-9375-d457b952fea5.jpg,"
CVS®,Land O Lakes Salted Butter Sticks,$7.59,,,1 lb,[],Many in stock,"https://www.instacart.com/image-server/197x197/filters:fill(FFF,true):format(jpg)/d2lnr5mha7bycj.cloudfront.net/product-image/file/large_38fe7401-62a1-4509-abb2-73902a791877.png,"
CVS®,"Clorox Disinfecting Bleach, Concentrated Formula, Regular",$7.99,,,81 oz,[],Many in stock,"https://www.instacart.com/image-server/197x197/filters:fill(FFF,true):format(jpg)/d2lnr5mha7bycj.cloudfront.net/product-image/file/large_db166e3c-937f-4e1d-986d-b2f878bb7dfe.jpg,"
CVS®,Giant Eagle Heavy Whipping Cream,$3.99,,,1 pt,[],Many in stock,"https://www.instacart.com/image-server/197x197/filters:fill(FFF,true):format(jpg)/d2lnr5mha7bycj.cloudfront.net/product-image/file/large_db66c500-41ab-4207-8725-3bf4560fa5aa.png,"
CVS®,"Ritz Peanut Butter Sandwich Crackers, Snack Packs",$4.99,,,8 x 1.38 oz,[],Many in stock,"https://www.instacart.com/image-server/197x197/filters:fill(FFF,true):format(jpg)/d2lnr5mha7bycj.cloudfront.net/product-image/file/large_b6b00077-ae15-4e5d-aff9-579b3f9e75ac.jpg,"
CVS®,"Minute Maid Fruit Punch, Made W/ Real Fruit Juice",$2.39,,,59 fl oz • 2 options,[],,"https://www.instacart.com/image-server/197x197/filters:fill(FFF,true):format(jpg)/d2lnr5mha7bycj.cloudfront.net/product-image/file/large_6f6de70d-54b3-4929-b9e8-2a8cde7eb10a.jpg,"
CVS®,"Sabra Hummus, Classic",$5.59,,,10 oz,['Vegan'],,"https://www.instacart.com/image-server/197x197/filters:fill(FFF,true):format(jpg)/d2lnr5mha7bycj.cloudfront.net/product-image/file/large_513b18be-0abe-4fb9-b918-b85e42fde964.png,"
CVS®,Stouffer's Macaroni & Cheese Frozen Meal,$3.99,,,12 oz,[],,"https://www.instacart.com/image-server/197x197/filters:fill(FFF,true):format(jpg)/d2lnr5mha7bycj.cloudfront.net/product-image/file/large_74cbb5a1-3633-4459-b319-d26051db25e1.jpg,"
CVS®,Daisy Sour Cream,$2.99,,,16 oz,[],Many in stock,"https://www.instacart.com/image-server/197x197/filters:fill(FFF,true):format(jpg)/d2lnr5mha7bycj.cloudfront.net/product-image/file/large_bf4217b6-d7fd-46fe-8f63-4dc612524250.png,"
CVS®,Nature's Basket All Natural Boneless Skinless Chicken Breast,$15.38,/pkg (est.),$7.69 / lb,About 2.0 lb / package,['Breast'],,"https://www.instacart.com/image-server/197x197/filters:fill(FFF,true):format(jpg)/d2lnr5mha7bycj.cloudfront.net/product-image/file/large_92941a93-4fbd-4dd0-96db-6cf68c750b7a.png,"
CVS®,Cucumber,$1.69,,,,[],Many in stock,"https://www.instacart.com/image-server/197x197/filters:fill(FFF,true):format(jpg)/d2lnr5mha7bycj.cloudfront.net/product-image/file/large_53eecb9e-2fe4-41be-829c-683347049db8.png,"
CVS®,Nature Valley Cinnamon Brown Sugar Soft-Baked Oatmeal Squares,$8.49,,14.88 oz,"Buy any 2, save $0.50",[],,"https://www.instacart.com/image-server/197x197/filters:fill(FFF,true):format(jpg)/d2lnr5mha7bycj.cloudfront.net/product-image/file/large_23800174-e514-4997-ab3b-9bb7d1010aac.png,"
CVS®,Neutrogena Makeup Remover Wipes & Facial Cleansing Towelettes,$7.99,,,25 ct,[],Many in stock,"https://www.instacart.com/image-server/197x197/filters:fill(FFF,true):format(jpg)/d2lnr5mha7bycj.cloudfront.net/product-image/file/large_9c5997f2-3213-49cb-bf69-2a3d7376e2a6.jpg,"
CVS®,Giant Eagle 100% Pure Granulated Sugar,$3.99,,,4 lb,[],Many in stock,"https://www.instacart.com/image-server/197x197/filters:fill(FFF,true):format(jpg)/d2lnr5mha7bycj.cloudfront.net/product-image/file/large_6ac8188c-2f8e-4e4d-84a6-0e62681269c2.png,"
CVS®,Jif Peanut Butter Spreads,$3.79,,,16 oz,[],Many in stock,"https://www.instacart.com/image-server/197x197/filters:fill(FFF,true):format(jpg)/d2lnr5mha7bycj.cloudfront.net/product-image/file/large_3eed3100-5e7a-4a66-9380-05a786702414.jpg,"
CVS®,"Giant Eagle Finely Shredded Iceberg Lettuce For Tacos, Sandwiches & Salads",$2.99,,,8 oz,[],,"https://www.instacart.com/image-server/197x197/filters:fill(FFF,true):format(jpg)/d2lnr5mha7bycj.cloudfront.net/product-image/file/large_eca88e41-b44f-46b0-93a3-e9351f387fe7.png,"
CVS®,"Poppi Prebiotic Soda, Raspberry Rose",$2.49,,,12 fl oz,[],,"https://www.instacart.com/image-server/197x197/filters:fill(FFF,true):format(jpg)/d2lnr5mha7bycj.cloudfront.net/product-image/file/large_7b445b17-9e64-477f-8259-eebcdcaf288f.jpg,"
CVS®,Stur Drinks Strawberry Watermelon Liquid Water Enhancer,$4.99,,,1.62 fl oz,"['Zero Calories', 'Zero Sugar']",,"https://www.instacart.com/image-server/197x197/filters:fill(FFF,true):format(jpg)/d2lnr5mha7bycj.cloudfront.net/product-image/file/large_07ea7561-c6a1-41dc-b4a7-395f16ab4c50.png,"
CVS®,Hellmann's Mayonnaise Real Mayo,$7.99,,,30 oz,[],Many in stock,"https://www.instacart.com/image-server/197x197/filters:fill(FFF,true):format(jpg)/d2lnr5mha7bycj.cloudfront.net/product-image/file/large_ec2d5814-c4a5-4e65-9f31-0f1914ae1107.png,"
CVS®,Giant Eagle Sharp Cheddar Finely Shredded Cheese,$2.99,,,8 oz,[],,"https://www.instacart.com/image-server/197x197/filters:fill(FFF,true):format(jpg)/d2lnr5mha7bycj.cloudfront.net/product-image/file/large_d0e94ce0-1f08-4aa5-8780-f6da142a1b94.png,"
CVS®,Kodiak Cakes Power Cakes Buttermilk Flapjack & Waffle Mix,$8.59,,,20 oz,['Whole Grain'],,"https://www.instacart.com/image-server/197x197/filters:fill(FFF,true):format(jpg)/d2lnr5mha7bycj.cloudfront.net/product-image/file/large_d4c2d3e6-2fa3-4307-b545-974511589a35.jpg,"
CVS®,Purina Fancy Feast Gravy Lovers Chicken Feast in Gravy Gourmet Cat Food in Wet Cat Food Gravy,$0.99,,,3 oz,[],,"https://www.instacart.com/image-server/197x197/filters:fill(FFF,true):format(jpg)/d2lnr5mha7bycj.cloudfront.net/product-image/file/large_4f7f4896-e438-4de1-b836-b44d403a13b4.jpg,"
CVS®,Canada Dry Ginger Ale,$9.99,,,12 x 12 fl oz • 4 options,[],Many in stock,"https://www.instacart.com/image-server/197x197/filters:fill(FFF,true):format(jpg)/d2lnr5mha7bycj.cloudfront.net/product-image/file/large_f40d5265-801a-447b-822b-57e899a75ba1.png,"
CVS®,Giant Eagle Enriched Sliced Hamburger Buns,$1.89,,,12 oz,[],Many in stock,"https://www.instacart.com/image-server/197x197/filters:fill(FFF,true):format(jpg)/d2lnr5mha7bycj.cloudfront.net/product-image/file/large_edf28ad3-01e8-48e2-9ee8-b91e8b0bd654.png,"
CVS®,Mission Super Soft Soft Taco Flour Tortillas,$3.99,,,10 ct,[],Many in stock,"https://www.instacart.com/image-server/197x197/filters:fill(FFF,true):format(jpg)/d2lnr5mha7bycj.cloudfront.net/product-image/file/large_6fdc69a7-f605-4d6c-94ea-1ef33a699dce.jpg,"
CVS®,"StarKist Chunk Light Tuna in Water, Pouch",$1.89,,,2.6 oz,[],Many in stock,"https://www.instacart.com/image-server/197x197/filters:fill(FFF,true):format(jpg)/d2lnr5mha7bycj.cloudfront.net/product-image/file/large_b452d2d8-7752-4010-8a97-967266753952.png,"
CVS®,Dunkin' Roast & Ground Coffee,$10.99,,,10 x 0.37 oz,[],Many in stock,"https://www.instacart.com/image-server/197x197/filters:fill(FFF,true):format(jpg)/d2lnr5mha7bycj.cloudfront.net/product-image/file/large_048710ae-f91d-40b3-892a-6b318abd055c.jpg,"
CVS®,Kraft Original Mac & Cheese Easy Microwavable Dinner,$6.69,,,4 x 2.05 oz,[],,"https://www.instacart.com/image-server/197x197/filters:fill(FFF,true):format(jpg)/d2lnr5mha7bycj.cloudfront.net/product-image/file/large_cc37e9f5-8423-467c-ac99-65fd25751f66.jpg,"
CVS®,Isaly’s Chopped Ham,$5.59,/lb,,$0.35/oz,[],,"https://www.instacart.com/image-server/197x197/filters:fill(FFF,true):format(jpg)/d2lnr5mha7bycj.cloudfront.net/product-image/file/large_9c99ba56-12e7-49f6-beb3-514b04e2b444.png,"
CVS®,Smucker's Uncrustables Peanut Butter & Grape Jelly Sandwich,$12.59,,,10 ct,[],,"https://www.instacart.com/image-server/197x197/filters:fill(FFF,true):format(jpg)/d2lnr5mha7bycj.cloudfront.net/product-image/file/large_e34b6b20-0c94-42b4-be2d-293d6646f3d6.jpg,"
CVS®,"Two Good Strawberry Banana Smoothie, Yogurt-Cultured Smoothie Drink, Less Sugar",$1.69,,,7 fl oz,[],,"https://www.instacart.com/image-server/197x197/filters:fill(FFF,true):format(jpg)/d2lnr5mha7bycj.cloudfront.net/product-image/file/large_c9b3d07e-7784-420e-a1ea-fd8b4db84d6e.jpg,"
CVS®,Mrs. T's Classic Cheddar,$3.99,,,16 oz,[],,"https://www.instacart.com/image-server/197x197/filters:fill(FFF,true):format(jpg)/d2lnr5mha7bycj.cloudfront.net/product-image/file/large_66916bae-3dbb-474b-ae7b-6f1abde41096.jpg,"
CVS®,"Jimmy Dean Pork Sausage, Premium, Regular",$5.99,,,16 oz,['Gluten-Free'],,"https://www.instacart.com/image-server/197x197/filters:fill(FFF,true):format(jpg)/d2lnr5mha7bycj.cloudfront.net/product-image/file/large_1ea2e733-f616-46a5-9ddc-d6060ec164c7.png,"
CVS®,Ocean Spray Cranberry Grape Juice Drinks,$6.29,,,6 x 10 fl oz • 3 options,[],,"https://www.instacart.com/image-server/197x197/filters:fill(FFF,true):format(jpg)/d2lnr5mha7bycj.cloudfront.net/product-image/file/large_d20302fb-eb27-49a6-9784-a3f5ca3aca41.jpg,"
CVS®,Lipton Tea Bags Black Tea,$4.99,,,100 ct,[],Many in stock,"https://www.instacart.com/image-server/197x197/filters:fill(FFF,true):format(jpg)/d2lnr5mha7bycj.cloudfront.net/product-image/file/large_49705147-5822-478a-8f1e-bcd92f6420d3.jpg,"
CVS®,Reddi-wip Reddi Wip Original Dairy Whipped Topping,$3.99,,,6.5 fl oz,[],,"https://www.instacart.com/image-server/197x197/filters:fill(FFF,true):format(jpg)/d2lnr5mha7bycj.cloudfront.net/product-image/file/large_b6b5bfa1-2b26-4793-9b2d-a7eb88699bec.jpg,"
CVS®,"Tide PODS Liquid Laundry Detergent Pacs, Spring Meadow Scent",$15.99,,,42 ct,[],Many in stock,"https://www.instacart.com/image-server/197x197/filters:fill(FFF,true):format(jpg)/d2lnr5mha7bycj.cloudfront.net/product-image/file/large_0e916f34-7d6a-4157-a689-db5d016e3559.png,"
CVS®,"fairlife 2% Chocolate Ultra-Filtered Milk, Lactose Free",$5.99,,,52 fl oz,[],Many in stock,"https://www.instacart.com/image-server/197x197/filters:fill(FFF,true):format(jpg)/d2lnr5mha7bycj.cloudfront.net/product-image/file/large_5801ef66-cafe-4d38-8c96-55cb962f3c02.jpg,"
CVS®,Jimmy Dean Fully Cooked Breakfast Turkey Sausage Crumbles,$5.99,,,9.6 oz,[],,"https://www.instacart.com/image-server/197x197/filters:fill(FFF,true):format(jpg)/d2lnr5mha7bycj.cloudfront.net/product-image/file/large_8b384a3d-aebb-4efb-b193-f930d47d8b39.jpg,"
CVS®,"Vicks VapoShower, Dissolvable Shower Tablets, Soothing Non-Medicated Vapors",$7.99,,,3 ct,[],,"https://www.instacart.com/image-server/197x197/filters:fill(FFF,true):format(jpg)/d2lnr5mha7bycj.cloudfront.net/product-image/file/large_3b043505-8930-4d39-b8cc-1bc9dc84c003.png,"
CVS®,Nature's Bakery Whole Wheat Blueberry Fig Bar,$6.69,,,6 x 2 oz,['Vegan'],,"https://www.instacart.com/image-server/197x197/filters:fill(FFF,true):format(jpg)/d2lnr5mha7bycj.cloudfront.net/product-image/file/large_6c22f42c-3ce2-4468-b801-3bc96cdb49cf.png,"
CVS®,Scotch-Brite ® Heavy Duty Scrub Sponges,$3.99,,,3 ct,[],Many in stock,"https://www.instacart.com/image-server/197x197/filters:fill(FFF,true):format(jpg)/d2lnr5mha7bycj.cloudfront.net/product-image/file/large_b777ad0f-49be-4dc9-af95-9b054b77a863.jpg,"
CVS®,Almond Breeze Unsweetened Original Almondmilk Non Dairy Milk Alternative,$3.99,,,64 fl oz,[],Many in stock,"https://www.instacart.com/image-server/197x197/filters:fill(FFF,true):format(jpg)/d2lnr5mha7bycj.cloudfront.net/product-image/file/large_da08b082-b406-420d-b9d8-ca6b8dd49e01.jpg,"
CVS®,Healthy Choice Café Stmr Beef Teriyaki Frozen Meal,$3.79,,,9.5 oz,[],,"https://www.instacart.com/image-server/197x197/filters:fill(FFF,true):format(jpg)/d2lnr5mha7bycj.cloudfront.net/product-image/file/large_bc4000a4-5e79-4123-8c75-b68938ba07c4.jpg,"
CVS®,Gerber Lil Crunchies Mild Cheddar Clean Label Project,$2.99,,,1.48 oz,[],Many in stock,"https://www.instacart.com/image-server/197x197/filters:fill(FFF,true):format(jpg)/d2lnr5mha7bycj.cloudfront.net/product-image/file/large_d7ac534a-02cc-46e2-8cde-0aee908186da.jpg,"
CVS®,Barilla Spaghetti Pasta,$2.29,,1 lb,"Buy any 3, save $1",['Vegan'],Many in stock,"https://www.instacart.com/image-server/197x197/filters:fill(FFF,true):format(jpg)/d2lnr5mha7bycj.cloudfront.net/product-image/file/large_931b003e-7bf2-4ecb-96de-f123d7ce448c.png,"
CVS®,"Tropicana 100% Orange Juice, No Pulp, Original, Pure Premium",$4.99,,,52 fl oz • 4 options,[],Many in stock,"https://www.instacart.com/image-server/197x197/filters:fill(FFF,true):format(jpg)/d2lnr5mha7bycj.cloudfront.net/product-image/file/large_d7fd9a71-3212-4fd9-bc93-cbd47a99f69e.png,"
CVS®,Ziploc Sandwich Bags with Grip 'n Seal Technology,$6.69,,,90 ct,[],Many in stock,"https://www.instacart.com/image-server/197x197/filters:fill(FFF,true):format(jpg)/d2lnr5mha7bycj.cloudfront.net/product-image/file/large_1149e6b7-e04e-4b83-ad62-b8d4b48e1625.jpg,"
CVS®,"Pier 33 Gourmet Langostino Lobster, Wild",$11.99,,,8 oz,[],,"https://www.instacart.com/image-server/197x197/filters:fill(FFF,true):format(jpg)/d2lnr5mha7bycj.cloudfront.net/product-image/file/large_99f9b77a-eb8d-4bec-b5bf-b900ceae319a.png,"
CVS®,"bubly Sparkling Water, Lime - Pack",$5.99,,,8 x 12 fl oz,"['Zero Calories', 'Zero Sugar']",,"https://www.instacart.com/image-server/197x197/filters:fill(FFF,true):format(jpg)/d2lnr5mha7bycj.cloudfront.net/product-image/file/large_90e00aeb-5ca9-44ab-868b-374e06cac6eb.png,"
CVS®,"fairlife 2% Reduced Fat Ultra-Filtered Milk, Lactose Free",$5.99,,,52 fl oz,[],Many in stock,"https://www.instacart.com/image-server/197x197/filters:fill(FFF,true):format(jpg)/d2lnr5mha7bycj.cloudfront.net/product-image/file/large_01b8f636-9039-4813-9c6a-9bf0da6fe58f.jpg,"
CVS®,Birds Eye Steamfresh Super Sweet Corn Frozen Vegetables,$1.99,,,10 oz,[],,"https://www.instacart.com/image-server/197x197/filters:fill(FFF,true):format(jpg)/d2lnr5mha7bycj.cloudfront.net/product-image/file/large_d86f3175-dcb1-4b60-ae2a-7132120dce4b.jpg,"
CVS®,Oscar Mayer Naturally Hardwood Smoked Bacon,$9.99,,,16 oz,[],,"https://www.instacart.com/image-server/197x197/filters:fill(FFF,true):format(jpg)/d2lnr5mha7bycj.cloudfront.net/product-image/file/large_f24f2cad-a329-49e5-a861-2e6804930b6f.jpg,"
CVS®,"Gain Liquid Laundry Detergent, Original Scent",$7.99,,,46 fl oz,['Original'],,"https://www.instacart.com/image-server/197x197/filters:fill(FFF,true):format(jpg)/d2lnr5mha7bycj.cloudfront.net/product-image/file/large_8be6635d-9c9e-48f0-b861-f2d45340469c.png,"
CVS®,Eagle Home Products Vitamin D Whole Milk,$2.99,,,1 gal,[],Many in stock,"https://www.instacart.com/image-server/197x197/filters:fill(FFF,true):format(jpg)/d2lnr5mha7bycj.cloudfront.net/product-image/file/large_b785ba29-aab0-4103-afc7-8b4a1a058086.png,"
CVS®,Giant Eagle 2% Reduced Fat Milk,$1.49,,,1 qt,[],,"https://www.instacart.com/image-server/197x197/filters:fill(FFF,true):format(jpg)/d2lnr5mha7bycj.cloudfront.net/product-image/file/large_6642b26f-d533-4644-b1bd-0e87cd278563.png,"
CVS®,"fairlife Fat Free Ultra-Filtered Milk, Lactose Free",$5.99,,,52 fl oz,[],Many in stock,"https://www.instacart.com/image-server/197x197/filters:fill(FFF,true):format(jpg)/d2lnr5mha7bycj.cloudfront.net/product-image/file/large_2edaf243-a89c-4e1a-a376-e60cb1f3ab12.jpg,"
CVS®,Giant Eagle 2% Reduced Fat Milk,$1.99,,,0.5 gal,[],Many in stock,"https://www.instacart.com/image-server/197x197/filters:fill(FFF,true):format(jpg)/d2lnr5mha7bycj.cloudfront.net/product-image/file/large_a7b6c335-b225-44e0-b1f0-1d4d3ab0544c.png,"
CVS®,Giant Eagle Vitamin D Whole Milk,$1.49,,,32 fl oz,[],,"https://www.instacart.com/image-server/197x197/filters:fill(FFF,true):format(jpg)/d2lnr5mha7bycj.cloudfront.net/product-image/file/large_e19ce76e-63e0-478a-a0ca-705b6613dc8e.png,"
CVS®,Giant Eagle Vitamin D Whole Milk,$1.99,,,0.5 gal,[],Many in stock,"https://www.instacart.com/image-server/197x197/filters:fill(FFF,true):format(jpg)/d2lnr5mha7bycj.cloudfront.net/product-image/file/large_ef635908-f939-43ec-a92b-c0094885424c.png,"
CVS®,Silk Unsweet Coconutmilk,$4.99,,,64 fl oz,['Vegan'],Many in stock,"https://www.instacart.com/image-server/197x197/filters:fill(FFF,true):format(jpg)/d2lnr5mha7bycj.cloudfront.net/product-image/file/large_8f03fe1a-9f40-4a65-96fb-9aeb41854dd0.jpg,"
CVS®,Giant Eagle Fat Free Skim Milk,$2.99,,,1 gal,[],Many in stock,"https://www.instacart.com/image-server/197x197/filters:fill(FFF,true):format(jpg)/d2lnr5mha7bycj.cloudfront.net/product-image/file/large_0c5422d9-2d8c-4f9e-9a63-488b366d2aa4.png,"
CVS®,Giant Eagle Chocolate Whole Milk,$3.99,,,1 gal,[],,"https://www.instacart.com/image-server/197x197/filters:fill(FFF,true):format(jpg)/d2lnr5mha7bycj.cloudfront.net/product-image/file/large_b8182240-29ac-4fba-b236-25af24c247ce.png,"
CVS®,Giant Eagle 1% Lowfat Milk,$1.99,,,0.5 gal,[],Many in stock,"https://www.instacart.com/image-server/197x197/filters:fill(FFF,true):format(jpg)/d2lnr5mha7bycj.cloudfront.net/product-image/file/large_c7f8a371-47f1-4100-934e-2cd8c905e2eb.png,"
CVS®,"Ripple Milk, Plant-Based, Dairy-Free, Unsweetened Original",$5.29,,,48 fl oz,['Vegan'],Many in stock,"https://www.instacart.com/image-server/197x197/filters:fill(FFF,true):format(jpg)/d2lnr5mha7bycj.cloudfront.net/product-image/file/large_c82e63a0-b9a4-4d04-81bd-5f9b44da11db.png,"
CVS®,Giant Eagle 1% Low Fat Milk,$2.99,,,1 gal,[],Many in stock,"https://www.instacart.com/image-server/197x197/filters:fill(FFF,true):format(jpg)/d2lnr5mha7bycj.cloudfront.net/product-image/file/large_c2c0a60e-c1b3-4c9a-9759-eea737e704e2.png,"
CVS®,Giant Eagle Fat Free Skim Milk,$1.99,,,0.5 gal,[],,"https://www.instacart.com/image-server/197x197/filters:fill(FFF,true):format(jpg)/d2lnr5mha7bycj.cloudfront.net/product-image/file/large_994905c5-851c-49f9-9ee4-cb66f3b50212.png,"
CVS®,Giant Eagle 1% Lowfat Chocolate Milk,$3.99,,,1 gal,[],,"https://www.instacart.com/image-server/197x197/filters:fill(FFF,true):format(jpg)/d2lnr5mha7bycj.cloudfront.net/product-image/file/large_ca996a53-3abb-42f4-afe6-063ea6f5b7c1.png,"
CVS®,Almond Breeze Unsweetened Vanilla Almondmilk,$3.99,,,64 fl oz,[],Many in stock,"https://www.instacart.com/image-server/197x197/filters:fill(FFF,true):format(jpg)/d2lnr5mha7bycj.cloudfront.net/product-image/file/large_f31f967e-876a-40ec-a00a-a6463eb5e233.jpg,"
CVS®,Giant Eagle Chocolate Vitamin D Whole Milk,$1.99,,,32 fl oz,[],,"https://www.instacart.com/image-server/197x197/filters:fill(FFF,true):format(jpg)/d2lnr5mha7bycj.cloudfront.net/product-image/file/large_0cd1ed4c-d688-419a-a9bd-6915c538b6be.png,"
CVS®,"Chobani Oatmilk, Extra Creamy",$4.99,,,52 fl oz,"['Vegan', 'Gluten-Free']",,"https://www.instacart.com/image-server/197x197/filters:fill(FFF,true):format(jpg)/d2lnr5mha7bycj.cloudfront.net/product-image/file/large_fe5b4e76-7e7a-4c2c-86e3-5032f9707b10.png,"
CVS®,Lactaid 2% Reduced Fat Milk,$6.99,,,96 fl oz,[],Many in stock,"https://www.instacart.com/image-server/197x197/filters:fill(FFF,true):format(jpg)/d2lnr5mha7bycj.cloudfront.net/product-image/file/large_9cb81af0-c793-426f-81d1-6f24ea9de584.jpg,"
CVS®,Lactaid 2% Reduced Fat Milk,$4.99,,,64 fl oz,[],Many in stock,"https://www.instacart.com/image-server/197x197/filters:fill(FFF,true):format(jpg)/d2lnr5mha7bycj.cloudfront.net/product-image/file/large_a40d8a51-0ef3-4d4f-abb0-b24bd220ab23.jpg,"
CVS®,Giant Eagle Vitamin A & D Lactose Free 2% Reduced Fat Milk,$4.29,,,64 fl oz,[],Many in stock,"https://www.instacart.com/image-server/197x197/filters:fill(FFF,true):format(jpg)/d2lnr5mha7bycj.cloudfront.net/product-image/file/large_f21f9aeb-a444-45c4-922e-79625bd5789a.png,"
CVS®,Lactaid Chocolate Whole Milk,$4.99,,,64 oz,[],Many in stock,"https://www.instacart.com/image-server/197x197/filters:fill(FFF,true):format(jpg)/d2lnr5mha7bycj.cloudfront.net/product-image/file/large_c30c3915-a52f-47a0-930c-2f1a52984fa9.jpg,"
CVS®,Almond Breeze Original Almondmilk,$3.99,,,64 oz,[],Many in stock,"https://www.instacart.com/image-server/197x197/filters:fill(FFF,true):format(jpg)/d2lnr5mha7bycj.cloudfront.net/product-image/file/large_cd5124d3-43b9-4291-bf9d-4ffb8f422533.jpg,"
CVS®,Lactaid Fat Free Milk,$4.99,,,64 fl oz,[],Many in stock,"https://www.instacart.com/image-server/197x197/filters:fill(FFF,true):format(jpg)/d2lnr5mha7bycj.cloudfront.net/product-image/file/large_61c8af85-aabe-4f59-8b7a-5d09760c835f.jpg,"
CVS®,Nature's Basket Organic Whole Milk,$4.29,,,0.5 gal,['Organic'],,"https://www.instacart.com/image-server/197x197/filters:fill(FFF,true):format(jpg)/d2lnr5mha7bycj.cloudfront.net/product-image/file/large_0662d9f8-b9a6-48fb-9b52-4d904b09b766.png,"
CVS®,Lactaid Whole Milk,$6.99,,,96 fl oz,[],Many in stock,"https://www.instacart.com/image-server/197x197/filters:fill(FFF,true):format(jpg)/d2lnr5mha7bycj.cloudfront.net/product-image/file/large_76eae8a2-8175-4c1e-9141-34afe3482403.jpg,"
CVS®,"fairlife Whole Ultra-Filtered Milk, Lactose Free",$5.99,,,52 fl oz,[],Many in stock,"https://www.instacart.com/image-server/197x197/filters:fill(FFF,true):format(jpg)/d2lnr5mha7bycj.cloudfront.net/product-image/file/large_2ed8f4a5-5d98-442c-8f8e-af8782c48dd4.jpg,"
CVS®,Lactaid Whole Milk,$4.99,,,0.5 gal,[],Many in stock,"https://www.instacart.com/image-server/197x197/filters:fill(FFF,true):format(jpg)/d2lnr5mha7bycj.cloudfront.net/product-image/file/large_c5f4fc93-e04b-44de-9dbe-fa5210b67559.jpg,"
CVS®,Nestlé NESQUIK Chocolate Lowfat Milk Ready to Drink,$2.19,,,14 fl oz,[],Many in stock,"https://www.instacart.com/image-server/197x197/filters:fill(FFF,true):format(jpg)/d2lnr5mha7bycj.cloudfront.net/product-image/file/large_8607a89b-7668-4f53-b6c0-7f9577176a7c.jpg,"
CVS®,Almond Breeze Vanilla Almondmilk,$4.99,,,96 fl oz,[],Many in stock,"https://www.instacart.com/image-server/197x197/filters:fill(FFF,true):format(jpg)/d2lnr5mha7bycj.cloudfront.net/product-image/file/large_5a7ba875-d2a1-4499-bc69-b829fb6c7e37.jpg,"
CVS®,Almond Breeze Unsweetened Original Almondmilk,$4.99,,,96 fl oz,[],Many in stock,"https://www.instacart.com/image-server/197x197/filters:fill(FFF,true):format(jpg)/d2lnr5mha7bycj.cloudfront.net/product-image/file/large_a8e8f3ba-08d7-43a2-8d0a-8d44001f2623.jpg,"
CVS®,Nature's Basket Original Plant-based Almondmilk,$2.99,,,0.5 gal,[],Many in stock,"https://www.instacart.com/image-server/197x197/filters:fill(FFF,true):format(jpg)/d2lnr5mha7bycj.cloudfront.net/product-image/file/large_6d05145f-6ca2-4698-b935-ad97a400431f.png,"
CVS®,Almond Breeze Vanilla Almondmilk,$3.99,,,64 oz,[],Many in stock,"https://www.instacart.com/image-server/197x197/filters:fill(FFF,true):format(jpg)/d2lnr5mha7bycj.cloudfront.net/product-image/file/large_40914d89-ca5f-4582-a979-4643d1db92a7.jpg,"
CVS®,Almond Breeze Unsweetened Vanilla Almondmilk,$4.99,,,96 fl oz,[],Many in stock,"https://www.instacart.com/image-server/197x197/filters:fill(FFF,true):format(jpg)/d2lnr5mha7bycj.cloudfront.net/product-image/file/large_4d61be6f-fb96-473c-998e-1afd30a3b947.jpg,"
CVS®,Horizon Organic Whole High Vitamin D Milk,$5.99,,,64 fl oz,"['Cow Milk', 'Organic']",,"https://www.instacart.com/image-server/197x197/filters:fill(FFF,true):format(jpg)/d2lnr5mha7bycj.cloudfront.net/product-image/file/large_718c1b4f-22bb-408d-b69f-cbc5bc70f640.jpg,"
CVS®,Organic Valley Whole Milk,$5.99,,,64 oz,"['Cow Milk', 'Organic']",Many in stock,"https://www.instacart.com/image-server/197x197/filters:fill(FFF,true):format(jpg)/d2lnr5mha7bycj.cloudfront.net/product-image/file/large_f7ba115a-3098-427a-a0da-9a0cf50d55e8.jpg,"
CVS®,Almond Breeze Extra Creamy Almondmilk,$3.99,,,59 fl oz,['Vegan'],,"https://www.instacart.com/image-server/197x197/filters:fill(FFF,true):format(jpg)/d2lnr5mha7bycj.cloudfront.net/product-image/file/large_a6efdc63-af3d-4351-ad15-f3e122e0c5f2.png,"
CVS®,Giant Eagle Chocolate Vitamin D Whole Milk,$2.59,,,0.5 gal,[],,"https://www.instacart.com/image-server/197x197/filters:fill(FFF,true):format(jpg)/d2lnr5mha7bycj.cloudfront.net/product-image/file/large_35fbd9bc-f3ea-456c-8623-bccb7bc4dcfd.png,"
CVS®,Organic Valley 2% Milk,$5.99,,,64 fl oz,"['Cow Milk', 'Organic']",Many in stock,"https://www.instacart.com/image-server/197x197/filters:fill(FFF,true):format(jpg)/d2lnr5mha7bycj.cloudfront.net/product-image/file/large_35525414-11ee-4baa-894b-fbadcb0a80b3.jpg,"
CVS®,Horizon Organic DHA Omega-3 Vitamin D Organic Whole Milk,$6.19,,,64 fl oz,"['Cow Milk', 'Organic']",,"https://www.instacart.com/image-server/197x197/filters:fill(FFF,true):format(jpg)/d2lnr5mha7bycj.cloudfront.net/product-image/file/large_828f5b43-15ef-43b3-aa03-b19a6de523d0.jpg,"
CVS®,Yoo-hoo Chocolate Drink,$9.99,,,12 x 11 fl oz,[],,"https://www.instacart.com/image-server/197x197/filters:fill(FFF,true):format(jpg)/d2lnr5mha7bycj.cloudfront.net/product-image/file/large_ca1a937b-d7a4-4e39-aba0-469e3b8a19b9.jpg,"
CVS®,Almond Breeze Chocolate Almondmilk,$3.99,,,0.5 gal,[],Many in stock,"https://www.instacart.com/image-server/197x197/filters:fill(FFF,true):format(jpg)/d2lnr5mha7bycj.cloudfront.net/product-image/file/large_db5355de-31e6-4228-a242-34e02f54499d.jpg,"
CVS®,Almond Breeze Unsweetened Chocolate Almondmilk,$3.99,,,32 oz,[],,"https://www.instacart.com/image-server/197x197/filters:fill(FFF,true):format(jpg)/d2lnr5mha7bycj.cloudfront.net/product-image/file/large_10c57c94-b7ae-4e19-9151-7f6ec42b4730.jpg,"
CVS®,Almond Breeze Vanilla Shelf-Stable Almondmilk,$3.99,,,32 fl oz,[],,"https://www.instacart.com/image-server/197x197/filters:fill(FFF,true):format(jpg)/d2lnr5mha7bycj.cloudfront.net/product-image/file/large_a5e9809a-c9ba-4c06-bda1-3352a3eabbbf.jpg,"
CVS®,Almond Breeze Unsweetened Vanilla Shelf-Stable Almondmilk,$3.99,,,32 oz,[],,"https://www.instacart.com/image-server/197x197/filters:fill(FFF,true):format(jpg)/d2lnr5mha7bycj.cloudfront.net/product-image/file/large_8b6440ac-9c34-4f68-9b8b-231336545d6e.jpg,"
CVS®,Almond Breeze Chocolate Shelf-Stable Almondmilk,$3.99,,,32 oz,[],,"https://www.instacart.com/image-server/197x197/filters:fill(FFF,true):format(jpg)/d2lnr5mha7bycj.cloudfront.net/product-image/file/large_f38a25ae-6402-4bbf-8b38-222e86b7a81e.jpg,"
CVS®,Planet Oat Original Oatmilk,$4.29,,,52 fl oz,"['Vegan', 'Gluten-Free']",Many in stock,"https://www.instacart.com/image-server/197x197/filters:fill(FFF,true):format(jpg)/d2lnr5mha7bycj.cloudfront.net/product-image/file/large_b261f8f4-ed76-477a-a6bf-7fb44f2e16d0.jpg,"
CVS®,Almond Breeze Shelf-Stable Unsweetened Vanilla Almondmilk,$5.99,,,0.5 gal,[],,"https://www.instacart.com/image-server/197x197/filters:fill(FFF,true):format(jpg)/d2lnr5mha7bycj.cloudfront.net/product-image/file/large_e09ade00-0523-4279-8dcf-a5479101a6f2.jpg,"
CVS®,Almond Breeze Shelf-Stable Chocolate Almondmilk (Pack of 4),$5.99,,,4 x 8 fl oz,['Vegan'],,"https://www.instacart.com/image-server/197x197/filters:fill(FFF,true):format(jpg)/d2lnr5mha7bycj.cloudfront.net/product-image/file/large_f9a84dab-2d05-4a93-bbeb-0baf5433ee63.jpg,"
CVS®,Lactaid One Percent Lowfat Milk,$4.99,,,0.5 gal,[],Many in stock,"https://www.instacart.com/image-server/197x197/filters:fill(FFF,true):format(jpg)/d2lnr5mha7bycj.cloudfront.net/product-image/file/large_acb6d959-5a9f-4633-b824-efeabd5d23ef.jpg,"
CVS®,Lactaid 2% Reduced Fat Milk Calcium Enriched,$4.99,,,0.5 gal,[],Many in stock,"https://www.instacart.com/image-server/197x197/filters:fill(FFF,true):format(jpg)/d2lnr5mha7bycj.cloudfront.net/product-image/file/large_7fe97ad6-0526-404e-9b98-90403016bc0f.png,"
CVS®,Almond Breeze Unsweetened,$3.99,,,32 fl oz,[],,"https://www.instacart.com/image-server/197x197/filters:fill(FFF,true):format(jpg)/d2lnr5mha7bycj.cloudfront.net/product-image/file/large_42111fb3-136a-4038-b025-9860247b8ab7.jpg,"
CVS®,Planet Oat Unsweetened Original Oatmilk,$4.29,,,52 fl oz,"['Vegan', 'Gluten-Free']",Many in stock,"https://www.instacart.com/image-server/197x197/filters:fill(FFF,true):format(jpg)/d2lnr5mha7bycj.cloudfront.net/product-image/file/large_b3088ebe-7208-43b6-9f3b-266e82fd128b.jpg,"
CVS®,Cinnamon Toast Crunch Breakfast Cereal,$5.59,,,12 oz,['Whole Grain'],,"https://www.instacart.com/image-server/197x197/filters:fill(FFF,true):format(jpg)/d2lnr5mha7bycj.cloudfront.net/product-image/file/large_6b35f52d-628d-4215-a996-42df93fd8cb4.png,"
CVS®,Pillsbury Strawberry Toaster Strudel Pastries,$3.99,,,6 ct,[],Many in stock,"https://www.instacart.com/image-server/197x197/filters:fill(FFF,true):format(jpg)/d2lnr5mha7bycj.cloudfront.net/product-image/file/large_7ade35b9-4de2-42df-ae0b-c31ff7a4c03a.png,"
CVS®,"Pop-Tarts Toaster Pastries, Breakfast Foods, Kids Snacks, Frosted Strawberry",$4.99,,,12 ct,[],Many in stock,"https://www.instacart.com/image-server/197x197/filters:fill(FFF,true):format(jpg)/d2lnr5mha7bycj.cloudfront.net/product-image/file/large_f6bc5ae3-d442-4849-a53e-5ddea8261a60.jpg,"
CVS®,Honey Nut Cheerios Heart Healthy Cereal With Happy Heart Shapes,$7.69,,,18.8 oz,"['Gluten-Free', 'Whole Grain']",Many in stock,"https://www.instacart.com/image-server/197x197/filters:fill(FFF,true):format(jpg)/d2lnr5mha7bycj.cloudfront.net/product-image/file/large_3cf7132f-2851-4cd5-9c41-b1e5d3dfe140.png,"
CVS®,"Pop-Tarts Toaster Pastries, Breakfast Foods, Kids Snacks, Frosted Brown Sugar Cinnamon",$4.99,,,12 ct,[],Many in stock,"https://www.instacart.com/image-server/197x197/filters:fill(FFF,true):format(jpg)/d2lnr5mha7bycj.cloudfront.net/product-image/file/large_79328393-119b-4c42-9578-222a912f1777.jpg,"
CVS®,Cap'N Crunch Fruit Cereal,$4.79,,,11.7 oz,[],Many in stock,"https://www.instacart.com/image-server/197x197/filters:fill(FFF,true):format(jpg)/d2lnr5mha7bycj.cloudfront.net/product-image/file/large_76e2ecbd-5725-482a-91b0-7dbcca003c00.jpg,"
CVS®,"Cap'N Crunch Cereal, Peanut Butter Crunch, Sweetened Corn & Oat",$4.79,,,11.4 oz,[],Many in stock,"https://www.instacart.com/image-server/197x197/filters:fill(FFF,true):format(jpg)/d2lnr5mha7bycj.cloudfront.net/product-image/file/large_1bdcf29b-4c3b-41ee-8eb0-d0945f2c53ec.jpg,"
CVS®,Cheerios Heart Healthy Cereal With Limited Edition Happy Heart Shapes,$7.99,,,20 oz,"['Gluten-Free', 'Whole Grain']",Many in stock,"https://www.instacart.com/image-server/197x197/filters:fill(FFF,true):format(jpg)/d2lnr5mha7bycj.cloudfront.net/product-image/file/large_c4999074-e723-472c-aa2f-ea322e282ffe.png,"
CVS®,Pillsbury Strawberry Toaster Strudel Pastries,$6.99,,,23.4 oz,[],,"https://www.instacart.com/image-server/197x197/filters:fill(FFF,true):format(jpg)/d2lnr5mha7bycj.cloudfront.net/product-image/file/large_4d1cc4f6-b06b-4e0c-adc2-2ca839a9b6be.png,"
CVS®,"Post Fruity PEBBLES Breakfast Cereal, Gluten Free",$6.69,,,19.5 oz,['Gluten-Free'],Many in stock,"https://www.instacart.com/image-server/197x197/filters:fill(FFF,true):format(jpg)/d2lnr5mha7bycj.cloudfront.net/product-image/file/large_235d80ea-4856-4cfe-82e3-922daa9bfad8.png,"
CVS®,Cinnamon Toast Crunch Breakfast Cereal,$7.69,,,18.8 oz,['Whole Grain'],Many in stock,"https://www.instacart.com/image-server/197x197/filters:fill(FFF,true):format(jpg)/d2lnr5mha7bycj.cloudfront.net/product-image/file/large_8ac68ac4-977c-416b-9b52-c86d0751d8e6.png,"
CVS®,"Kodiak Cakes Oatmeal, Blueberries & Cream",$7.69,,,6 x 1.76 oz,[],,"https://www.instacart.com/image-server/197x197/filters:fill(FFF,true):format(jpg)/d2lnr5mha7bycj.cloudfront.net/product-image/file/large_05019c6b-06ce-4712-9af8-b7c3f43a33c2.png,"
CVS®,Honey Nut Cheerios Heart Healthy Cereal With Happy Heart Shapes,$5.59,,,10.8 oz,"['Gluten-Free', 'Whole Grain']",,"https://www.instacart.com/image-server/197x197/filters:fill(FFF,true):format(jpg)/d2lnr5mha7bycj.cloudfront.net/product-image/file/large_326c1922-6d15-463a-b614-167a4c6f7aa4.png,"
CVS®,Cinnamon Toast Crunch Breakfast Cereal,$6.99,,,16.8 oz,['Whole Grain'],,"https://www.instacart.com/image-server/197x197/filters:fill(FFF,true):format(jpg)/d2lnr5mha7bycj.cloudfront.net/product-image/file/large_361a079b-b893-4384-ab54-a505b90335d5.png,"
CVS®,"Cheerios Cereal, Multi Grain, Family Size",$7.69,,,18 oz,"['Gluten-Free', 'Multigrain']",Many in stock,"https://www.instacart.com/image-server/197x197/filters:fill(FFF,true):format(jpg)/d2lnr5mha7bycj.cloudfront.net/product-image/file/large_4dd6a730-e979-4d40-a2b2-5b65f7a2dee2.png,"
CVS®,"Quaker Instant Oatmeal, Maple & Brown Sugar - Pack",$5.59,,,8 x 1.51 oz,[],,"https://www.instacart.com/image-server/197x197/filters:fill(FFF,true):format(jpg)/d2lnr5mha7bycj.cloudfront.net/product-image/file/large_4399e8cc-5bc4-4bfd-8158-1b6696522a5b.jpg,"
CVS®,Cinnamon Toast Crunch Breakfast Cereal,$7.99,,,27 oz,['Whole Grain'],,"https://www.instacart.com/image-server/197x197/filters:fill(FFF,true):format(jpg)/d2lnr5mha7bycj.cloudfront.net/product-image/file/large_f951daf1-4351-4496-8e3a-0044b750c2d9.png,"
CVS®,"Kellogg’s Special K Breakfast Cereal, Family Breakfast, Made with Real Strawberries, Red Berries",$6.69,,,16.9 oz,[],Many in stock,"https://www.instacart.com/image-server/197x197/filters:fill(FFF,true):format(jpg)/d2lnr5mha7bycj.cloudfront.net/product-image/file/large_d82fb5a1-55d8-47b3-9ed0-c2a76754ed2b.jpg,"
CVS®,"Pop-Tarts Toaster Pastries, Breakfast Foods, Kids Snacks, Chocolate Chip Drizzle",$3.69,,,4 x 13.5 oz,[],Many in stock,"https://www.instacart.com/image-server/197x197/filters:fill(FFF,true):format(jpg)/d2lnr5mha7bycj.cloudfront.net/product-image/file/large_8d1f75e1-dd68-461d-9f34-b5687f58da0b.jpg,"
CVS®,Honey Nut Cheerios Heart Healthy Cereal With Happy Heart Shapes,$6.99,,,15.4 oz,"['Gluten-Free', 'Whole Grain']",Many in stock,"https://www.instacart.com/image-server/197x197/filters:fill(FFF,true):format(jpg)/d2lnr5mha7bycj.cloudfront.net/product-image/file/large_da19175e-6c5c-49ce-ac96-9041516048e3.png,"
CVS®,"Pop-Tarts Toaster Pastries, Breakfast Foods, Kids Snacks, Frosted Strawberry",$3.69,,,8 ct,[],Many in stock,"https://www.instacart.com/image-server/197x197/filters:fill(FFF,true):format(jpg)/d2lnr5mha7bycj.cloudfront.net/product-image/file/large_9bd9f18b-27bd-4cff-9eca-bd0d29718693.jpg,"
CVS®,Cheerios Heart Healthy Cereal With Limited Edition Happy Heart Shapes,$7.69,,,18 oz,"['Gluten-Free', 'Whole Grain']",,"https://www.instacart.com/image-server/197x197/filters:fill(FFF,true):format(jpg)/d2lnr5mha7bycj.cloudfront.net/product-image/file/large_c51e9fa5-b91c-4941-8d1b-ce69416cbbb6.png,"
CVS®,Nature Valley Whole Grain Oats and Honey Protein Granola,$5.99,,,11 oz,[],Many in stock,"https://www.instacart.com/image-server/197x197/filters:fill(FFF,true):format(jpg)/d2lnr5mha7bycj.cloudfront.net/product-image/file/large_adf27d45-9592-463e-80ef-524b5159ebed.png,"
CVS®,Lucky Charms Gluten Free Breakfast Cereal,$5.59,,,10.5 oz,"['Gluten-Free', 'Whole Grain']",Many in stock,"https://www.instacart.com/image-server/197x197/filters:fill(FFF,true):format(jpg)/d2lnr5mha7bycj.cloudfront.net/product-image/file/large_5d516354-21cd-4772-a60c-a641a4a301e2.png,"
CVS®,Quaker Quick-5 Minutes Smooth & Creamy Grits,$3.59,,,24 oz,[],,"https://www.instacart.com/image-server/197x197/filters:fill(FFF,true):format(jpg)/d2lnr5mha7bycj.cloudfront.net/product-image/file/large_c5b62a07-83eb-4755-aa11-1813c4ef7429.png,"
CVS®,Kodiak Cakes Maple Brown Sugar Oatmeal Packet,$7.69,,,6 x 1.76 oz,[],,"https://www.instacart.com/image-server/197x197/filters:fill(FFF,true):format(jpg)/d2lnr5mha7bycj.cloudfront.net/product-image/file/large_03f9c596-e6ae-43ff-a00f-1e3ba933d281.jpg,"
CVS®,"Pop-Tarts Toaster Pastries, Breakfast Foods, Kids Snacks, Frosted S'mores",$4.99,,,12 ct,[],,"https://www.instacart.com/image-server/197x197/filters:fill(FFF,true):format(jpg)/d2lnr5mha7bycj.cloudfront.net/product-image/file/large_fa6f05a0-b73c-4c44-81a7-65cc5244c855.jpg,"
CVS®,Hungry Jack Complete Buttermilk Pancake Mix And Waffle Mix,$3.99,,,32 oz,[],Many in stock,"https://www.instacart.com/image-server/197x197/filters:fill(FFF,true):format(jpg)/d2lnr5mha7bycj.cloudfront.net/product-image/file/large_abd2d06f-c467-40ef-92df-4da6c130893c.jpg,"
CVS®,"Post Honeycomb Honeycomb Breakfast Cereal, Honey Flavored Corn Cereal, Kosher, Small size box",$5.69,,,12.5 oz,[],Many in stock,"https://www.instacart.com/image-server/197x197/filters:fill(FFF,true):format(jpg)/d2lnr5mha7bycj.cloudfront.net/product-image/file/large_60f4ad28-57a0-46b8-808b-f9ac2f8f229e.jpg,"
CVS®,Bisquick Original Pancake & Baking Mix,$5.99,,,40 oz,[],,"https://www.instacart.com/image-server/197x197/filters:fill(FFF,true):format(jpg)/d2lnr5mha7bycj.cloudfront.net/product-image/file/large_5d7454b7-e06c-459c-bfab-e698ea838d08.png,"
CVS®,"Post Marshmallow Fruity Pebbles Breakfast Cereal, Gluten Free, Small Box",$4.99,,,11 oz,[],Many in stock,"https://www.instacart.com/image-server/197x197/filters:fill(FFF,true):format(jpg)/d2lnr5mha7bycj.cloudfront.net/product-image/file/large_16db2dc6-1fdb-4ac1-8a5e-fd42aca0d9c0.jpg,"
CVS®,"Quaker Oats, 100% Whole Grain, Old Fashioned",$5.59,,,18 oz,[],Many in stock,"https://www.instacart.com/image-server/197x197/filters:fill(FFF,true):format(jpg)/d2lnr5mha7bycj.cloudfront.net/product-image/file/large_04489b47-d04f-4211-a8c1-1f4062d5d5b8.png,"
CVS®,"Frosted Mini-Wheats Breakfast Cereal, Kids Cereal, Family Breakfast, Original",$6.99,,,24 oz,['Whole Grain'],Many in stock,"https://www.instacart.com/image-server/197x197/filters:fill(FFF,true):format(jpg)/d2lnr5mha7bycj.cloudfront.net/product-image/file/large_6e822fe1-7b30-4747-9383-18882b1c57f8.jpg,"
CVS®,General Mills Reese's Puffs Chocolatey Peanut Butter Kids Breakfast Cereal,$7.69,,,19.7 oz,['Whole Grain'],Many in stock,"https://www.instacart.com/image-server/197x197/filters:fill(FFF,true):format(jpg)/d2lnr5mha7bycj.cloudfront.net/product-image/file/large_b28cac0b-2cc1-4dde-acd1-ed0a2c338ceb.png,"
CVS®,"Frosted Flakes Breakfast Cereal, Kids Cereal, Family Breakfast, Original",$6.99,,,28.5 oz,[],Many in stock,"https://www.instacart.com/image-server/197x197/filters:fill(FFF,true):format(jpg)/d2lnr5mha7bycj.cloudfront.net/product-image/file/large_ab253730-9227-4651-b352-e301c954d6d2.jpg,"
CVS®,"Quaker Oats, 100% Whole Grain, Quick 1-Minute",$5.59,,,18 oz,[],Many in stock,"https://www.instacart.com/image-server/197x197/filters:fill(FFF,true):format(jpg)/d2lnr5mha7bycj.cloudfront.net/product-image/file/large_f7c5c979-b567-4e12-a611-37dec9b0ef0d.png,"
CVS®,Honey Nut Cheerios Heart Healthy Gluten Free Breakfast Cereal,$8.99,,,32 oz,"['Gluten-Free', 'Whole Grain']",Many in stock,"https://www.instacart.com/image-server/197x197/filters:fill(FFF,true):format(jpg)/d2lnr5mha7bycj.cloudfront.net/product-image/file/large_09a87a3f-51c8-449d-acf9-6d819377e69c.png,"
CVS®,"Kellogg Froot Loops Breakfast Cereal, Kids Cereal, Family Breakfast, Original",$6.99,,,23 oz,['Whole Grain'],Many in stock,"https://www.instacart.com/image-server/197x197/filters:fill(FFF,true):format(jpg)/d2lnr5mha7bycj.cloudfront.net/product-image/file/large_85f1d774-96f6-4357-9e82-3bcbcea34463.jpg,"
CVS®,Cheerios Heart Healthy Cereal With Limited Edition Happy Heart Shapes,$5.59,,,8.9 oz,"['Gluten-Free', 'Whole Grain']",Many in stock,"https://www.instacart.com/image-server/197x197/filters:fill(FFF,true):format(jpg)/d2lnr5mha7bycj.cloudfront.net/product-image/file/large_083ed563-ecb1-449b-858c-c29b903a9be2.png,"
CVS®,"Kellogg’s Special K Breakfast Cereal, Family Breakfast, Fiber Cereal, Fruit and Yogurt",$6.69,,,16.3 oz,[],Many in stock,"https://www.instacart.com/image-server/197x197/filters:fill(FFF,true):format(jpg)/d2lnr5mha7bycj.cloudfront.net/product-image/file/large_c2b6c2a6-c25b-4451-b374-765a0e35a592.jpg,"
CVS®,"Raisin Bran Breakfast Cereal, Family Breakfast, Fiber Cereal, Original",$5.59,,15.9 oz,"Buy any 2, save $1",['Whole Grain'],Many in stock,"https://www.instacart.com/image-server/197x197/filters:fill(FFF,true):format(jpg)/d2lnr5mha7bycj.cloudfront.net/product-image/file/large_b1002e34-6711-4014-8b6a-8f973f6cd227.jpg,"
CVS®,"Quaker Instant Oatmeal, Apples & Cinnamon - Pack",$5.59,,,8 x 1.51 oz,[],Many in stock,"https://www.instacart.com/image-server/197x197/filters:fill(FFF,true):format(jpg)/d2lnr5mha7bycj.cloudfront.net/product-image/file/large_20a228b0-9edc-47d0-81ab-bd0f66bfacdc.jpg,"
CVS®,"Kellogg's Apple Jacks Breakfast Cereal, Kids Cereal, Family Breakfast, Original",$4.99,,,8.9 oz,[],Many in stock,"https://www.instacart.com/image-server/197x197/filters:fill(FFF,true):format(jpg)/d2lnr5mha7bycj.cloudfront.net/product-image/file/large_b7fde6fd-9289-49aa-84ba-dc5b74196a3c.jpg,"
CVS®,Kellogg's Rice Krispies Breakfast Cereal Original,$6.69,,,12 oz,[],Many in stock,"https://www.instacart.com/image-server/197x197/filters:fill(FFF,true):format(jpg)/d2lnr5mha7bycj.cloudfront.net/product-image/file/large_37938b27-dd2b-4463-af69-7e1ba018a133.jpg,"
CVS®,"Cinnamon Toast Crunch Breakfast Cereal Treat Bars, Snack Bars",$4.69,,,6.8 oz,[],Many in stock,"https://www.instacart.com/image-server/197x197/filters:fill(FFF,true):format(jpg)/d2lnr5mha7bycj.cloudfront.net/product-image/file/large_df85b3f2-1919-4c6b-af12-b867578b68b9.png,"
CVS®,"Frosted Flakes Breakfast Cereal, Kids Cereal, Family Breakfast, Original",$6.69,,,17.3 oz,[],Many in stock,"https://www.instacart.com/image-server/197x197/filters:fill(FFF,true):format(jpg)/d2lnr5mha7bycj.cloudfront.net/product-image/file/large_630be865-f43a-4a37-95d9-eba39b648daa.jpg,"
CVS®,"Kellogg’s Nutri-Grain Soft Baked Breakfast Bars, Kids Snacks, Whole Grain, Apple Cinnamon",$6.69,,,16 x 20.8 oz,['Whole Grain'],Many in stock,"https://www.instacart.com/image-server/197x197/filters:fill(FFF,true):format(jpg)/d2lnr5mha7bycj.cloudfront.net/product-image/file/large_8782a41a-a5e2-4fb1-b8c9-e6d9993b9ed0.jpg,"
CVS®,"Kellogg’s Special K Breakfast Cereal, Family Breakfast, Fiber Cereal, Red Berries",$5.59,,11.7 oz,"Buy any 2, save $1",['Whole Grain'],Many in stock,"https://www.instacart.com/image-server/197x197/filters:fill(FFF,true):format(jpg)/d2lnr5mha7bycj.cloudfront.net/product-image/file/large_81b16529-c546-41e2-a537-69c46c61fe48.jpg,"
CVS®,"Honey Bunches of Oats Honey Roasted Breakfast Cereal, Whole Grain, Family Size",$6.69,,,18 oz,['Whole Grain'],Many in stock,"https://www.instacart.com/image-server/197x197/filters:fill(FFF,true):format(jpg)/d2lnr5mha7bycj.cloudfront.net/product-image/file/large_e72499d8-91c0-4ff0-ae44-fff047559448.jpg,"
CVS®,"Frosted Mini-Wheats Breakfast Cereal, Kids Cereal, Family Breakfast, Original",$6.99,,,29.5 oz,['Whole Grain'],Many in stock,"https://www.instacart.com/image-server/197x197/filters:fill(FFF,true):format(jpg)/d2lnr5mha7bycj.cloudfront.net/product-image/file/large_9f1a194d-ab97-4529-8280-7dfe8fe3700f.jpg,"
CVS®,"Kodiak Cakes Protein Oats, Classic",$7.69,,,16 oz,[],Many in stock,"https://www.instacart.com/image-server/197x197/filters:fill(FFF,true):format(jpg)/d2lnr5mha7bycj.cloudfront.net/product-image/file/large_3e5934c4-a131-4c4f-8897-6dbcd899c9ea.png,"
CVS®,Chocolate Cheerios Heart Healthy Cereal With Happy Heart Shapes,$6.99,,,14.3 oz,"['Gluten-Free', 'Whole Grain']",Many in stock,"https://www.instacart.com/image-server/197x197/filters:fill(FFF,true):format(jpg)/d2lnr5mha7bycj.cloudfront.net/product-image/file/large_1122a0dd-5692-4a33-b98b-8f2dcd36f5f5.png,"
CVS®,"Pop-Tarts Toaster Pastries, Breakfast Foods, Kids Snacks, Variety Pack",$9.99,,,32 x 53.9 oz,[],,"https://www.instacart.com/image-server/197x197/filters:fill(FFF,true):format(jpg)/d2lnr5mha7bycj.cloudfront.net/product-image/file/large_eaed3c4e-5b67-4efa-b916-af0b3d371c0b.jpg,"
CVS®,Kodiak Cakes Power Cakes Chocolate Chip Flapjack & Waffle Mix,$8.59,,,18 oz,['Whole Grain'],,"https://www.instacart.com/image-server/197x197/filters:fill(FFF,true):format(jpg)/d2lnr5mha7bycj.cloudfront.net/product-image/file/large_35283603-909e-45e0-91a6-6c2feafac091.jpg,"
CVS®,"Cheerios Cereal, Cinnamon, Large Size",$6.99,,,14.3 oz,"['Gluten-Free', 'Whole Grain']",Many in stock,"https://www.instacart.com/image-server/197x197/filters:fill(FFF,true):format(jpg)/d2lnr5mha7bycj.cloudfront.net/product-image/file/large_634cc840-dc2d-4a52-b7d6-06814893fb7e.png,"
CVS®,Kodiak Cakes Cinnamon Oatmeal Packets,$7.69,,,6 x 1.76 oz,[],Many in stock,"https://www.instacart.com/image-server/197x197/filters:fill(FFF,true):format(jpg)/d2lnr5mha7bycj.cloudfront.net/product-image/file/large_f84f4858-5d3a-4a12-880e-d0ad20193d21.jpg,"
CVS®,"Cascadian Farm Organic Cinnamon Crunch Cereal, Whole Grain Cereal",$6.69,,,9.2 oz,"['Organic', 'Whole Grain']",Many in stock,"https://www.instacart.com/image-server/197x197/filters:fill(FFF,true):format(jpg)/d2lnr5mha7bycj.cloudfront.net/product-image/file/large_86a82b23-7515-42df-a26f-96866cb07c3b.png,"
CVS®,Cheerios Heart Healthy Cereal With Limited Edition Happy Heart Shapes,$6.99,,,12 oz,"['Gluten-Free', 'Whole Grain']",Many in stock,"https://www.instacart.com/image-server/197x197/filters:fill(FFF,true):format(jpg)/d2lnr5mha7bycj.cloudfront.net/product-image/file/large_fc6ce4ba-b525-4ffd-b365-3b262fd63b56.png,"
CVS®,"Post Honey Bunches of Oats with Almonds Breakfast Cereal, Heart Healthy, Small Box",$4.99,,,12 oz,[],Many in stock,"https://www.instacart.com/image-server/197x197/filters:fill(FFF,true):format(jpg)/d2lnr5mha7bycj.cloudfront.net/product-image/file/large_6757a811-6fff-4961-8292-b73e3fc2ad11.png,"
CVS®,Post Honey Bunches of Oats Cinnamon Bunches Breakfast Cereal,$4.99,,,12 oz,[],,"https://www.instacart.com/image-server/197x197/filters:fill(FFF,true):format(jpg)/d2lnr5mha7bycj.cloudfront.net/product-image/file/large_8f921d57-da60-4670-8a45-e91a8fb3816c.png,"
CVS®,Cascadian Farm Organic Honey Nut O's Breakfast Cereal,$6.69,,,9.5 oz,"['Organic', 'Whole Grain']",Many in stock,"https://www.instacart.com/image-server/197x197/filters:fill(FFF,true):format(jpg)/d2lnr5mha7bycj.cloudfront.net/product-image/file/large_b6cfb60d-f89d-409e-aa14-f5aad111a64a.png,"
CVS®,Post Honey Bunches of Oats Maple and Pecans Breakfast Cereal,$4.99,,,12 oz,[],Many in stock,"https://www.instacart.com/image-server/197x197/filters:fill(FFF,true):format(jpg)/d2lnr5mha7bycj.cloudfront.net/product-image/file/large_d36b5dcd-05d4-40a9-8540-4be07df4404a.png,"
CVS®,Smucker's Uncrustables Peanut Butter & Grape Jelly Sandwich,$4.99,,,4 x 2 oz,[],,"https://www.instacart.com/image-server/197x197/filters:fill(FFF,true):format(jpg)/d2lnr5mha7bycj.cloudfront.net/product-image/file/large_a1d5c0c5-69c6-499e-9978-132cb43f3f6c.jpg,"
CVS®,Stouffer's Spaghetti With Meat Sauce Frozen Meal,$3.99,,,12 oz,[],,"https://www.instacart.com/image-server/197x197/filters:fill(FFF,true):format(jpg)/d2lnr5mha7bycj.cloudfront.net/product-image/file/large_0debb7f4-8bd1-4952-97ce-7054fd17ccfc.jpg,"
CVS®,Red Baron French Bread Singles Pepperoni Pizzas,$4.99,,,10.8 oz,[],,"https://www.instacart.com/image-server/197x197/filters:fill(FFF,true):format(jpg)/d2lnr5mha7bycj.cloudfront.net/product-image/file/large_7f36881c-85f0-421d-bb48-2b84a69814a2.jpg,"
CVS®,El Monterey Beef & Bean Burrito,$6.99,,,2 lb,[],,"https://www.instacart.com/image-server/197x197/filters:fill(FFF,true):format(jpg)/d2lnr5mha7bycj.cloudfront.net/product-image/file/large_6308a0bc-b32b-44e6-a4e1-423a8c3726a2.png,"
CVS®,"Marie Callender's Chicken Pot Pie, Frozen Meal",$4.99,,,15 oz,[],,"https://www.instacart.com/image-server/197x197/filters:fill(FFF,true):format(jpg)/d2lnr5mha7bycj.cloudfront.net/product-image/file/large_4a204544-968c-4f51-b9cc-d0a6e26ff6f7.jpg,"
CVS®,"Deep Indian Kitchen Spinach Paneer, Mild Spice, Indian Kitchen",$7.69,,,9 oz,['Gluten-Free'],,"https://www.instacart.com/image-server/197x197/filters:fill(FFF,true):format(jpg)/d2lnr5mha7bycj.cloudfront.net/product-image/file/large_9c4c368a-207f-4364-967c-79eaedddf190.png,"
CVS®,Red Baron Frozen Pizza Classic Crust Pepperoni,$7.99,,,20.6 oz,[],,"https://www.instacart.com/image-server/197x197/filters:fill(FFF,true):format(jpg)/d2lnr5mha7bycj.cloudfront.net/product-image/file/large_fb80c7a2-efbc-4696-ab3b-89da2b9259be.jpg,"
CVS®,Stouffer's Classic Meatloaf Frozen Meal,$3.99,,,9.88 oz,[],,"https://www.instacart.com/image-server/197x197/filters:fill(FFF,true):format(jpg)/d2lnr5mha7bycj.cloudfront.net/product-image/file/large_4a22ddc6-c453-4f54-ba30-13d038a088a4.jpg,"
CVS®,Smucker's Sandwich,$15.99,,,15 x 2 oz,[],,"https://www.instacart.com/image-server/197x197/filters:fill(FFF,true):format(jpg)/d2lnr5mha7bycj.cloudfront.net/product-image/file/large_bcbda141-a3ec-421b-b03b-926e65375dd9.jpg,"
CVS®,Stouffer's CLASSICS Fettuccini Alfredo,$3.99,,,11.5 oz,[],,"https://www.instacart.com/image-server/197x197/filters:fill(FFF,true):format(jpg)/d2lnr5mha7bycj.cloudfront.net/product-image/file/large_759a085f-baf1-4c42-8299-7048b5f43c19.jpg,"
CVS®,"Banquet Salisbury Steak Meal, Frozen Meal",$1.99,,,11.88 oz,[],,"https://www.instacart.com/image-server/197x197/filters:fill(FFF,true):format(jpg)/d2lnr5mha7bycj.cloudfront.net/product-image/file/large_9e0a6d39-1287-4876-9d37-a986b959f291.jpg,"
CVS®,Michelina's Fettucine Alfredo with Chicken and Broccoli,$1.49,,,8 oz,[],Many in stock,"https://www.instacart.com/image-server/197x197/filters:fill(FFF,true):format(jpg)/d2lnr5mha7bycj.cloudfront.net/product-image/file/large_7264370f-00ba-499d-ba3d-af9bb081f34b.png,"
CVS®,Stouffer's Spaghetti with Meatballs Frozen Meal,$3.99,,,12.62 oz,[],,"https://www.instacart.com/image-server/197x197/filters:fill(FFF,true):format(jpg)/d2lnr5mha7bycj.cloudfront.net/product-image/file/large_eaed4354-f164-429c-9412-d9662d283db2.jpg,"
CVS®,Red Baron Deep Dish Singles Pepperoni Pizzas,$4.99,,,11.2 oz,[],,"https://www.instacart.com/image-server/197x197/filters:fill(FFF,true):format(jpg)/d2lnr5mha7bycj.cloudfront.net/product-image/file/large_aeb4895e-b46e-4712-b0da-0ab119d5205a.jpg,"
CVS®,Stouffer's Bowl Fulls Chicken Fried Potatoes Mashed,$5.99,,,14 oz,[],,"https://www.instacart.com/image-server/197x197/filters:fill(FFF,true):format(jpg)/d2lnr5mha7bycj.cloudfront.net/product-image/file/large_e9a94fbb-65d3-4430-83b1-321b061558c0.jpg,"
CVS®,Stouffer's Stuffed Peppers Large Size Frozen Meal,$5.99,,,15.5 oz,[],,"https://www.instacart.com/image-server/197x197/filters:fill(FFF,true):format(jpg)/d2lnr5mha7bycj.cloudfront.net/product-image/file/large_1c6c3aad-df17-40d7-96b5-c79d7bc85ee8.jpg,"
CVS®,Stouffer's Roast Turkey,$3.99,,,9.63 oz,[],,"https://www.instacart.com/image-server/197x197/filters:fill(FFF,true):format(jpg)/d2lnr5mha7bycj.cloudfront.net/product-image/file/large_cf6f61ff-2020-4856-bb23-b14ac82ae8d6.jpg,"
CVS®,Stouffer's Family Size Meatloaf Frozen Meal,$11.99,,,33 oz,[],,"https://www.instacart.com/image-server/197x197/filters:fill(FFF,true):format(jpg)/d2lnr5mha7bycj.cloudfront.net/product-image/file/large_59bcf8c3-cbc1-4b72-8d23-6f6ca5bd31c7.jpg,"
CVS®,"InnovAsian Vegetable Fried Rice, Frozen Side Dish",$5.99,,,18 oz,[],,"https://www.instacart.com/image-server/197x197/filters:fill(FFF,true):format(jpg)/d2lnr5mha7bycj.cloudfront.net/product-image/file/large_bd33e0f8-f922-45b9-badc-3aaf739e3c10.png,"
CVS®,Deep Indian Kitchen Coconut Chicken Korma,$7.69,,,9 oz,['Gluten-Free'],Many in stock,"https://www.instacart.com/image-server/197x197/filters:fill(FFF,true):format(jpg)/d2lnr5mha7bycj.cloudfront.net/product-image/file/large_deb4becc-6679-40de-aa14-9543afc6997f.png,"
CVS®,White Castle Cheeseburger Castle Bites,$5.99,,,18 oz,[],,"https://www.instacart.com/image-server/197x197/filters:fill(FFF,true):format(jpg)/d2lnr5mha7bycj.cloudfront.net/product-image/file/large_8789022d-7562-48e4-8d3f-2a9d3ba5f04e.png,"
CVS®,Marie Callender's Creamy Chicken & Dumplings Bowl Frozen Meal,$4.39,,,12 oz,[],,"https://www.instacart.com/image-server/197x197/filters:fill(FFF,true):format(jpg)/d2lnr5mha7bycj.cloudfront.net/product-image/file/large_710ef6bc-59ef-4c3a-90d2-750681fd1529.jpg,"
CVS®,"Hearth & Fire Premium Pizza, The Margherita",$15.99,,,17.2 oz,[],,"https://www.instacart.com/image-server/197x197/filters:fill(FFF,true):format(jpg)/d2lnr5mha7bycj.cloudfront.net/product-image/file/large_1733e649-4ba5-4fe3-95b5-4b97f05c0711.jpg,"
CVS®,"White Castle Sliders, The Original",$8.09,,,6 ct,[],Many in stock,"https://www.instacart.com/image-server/197x197/filters:fill(FFF,true):format(jpg)/d2lnr5mha7bycj.cloudfront.net/product-image/file/large_8b8c992a-3820-4131-9394-bc41a53c9635.png,"
CVS®,Benihana The Japanese Steakhouse Hibachi Chicken Rice Frozen Meal,$6.69,,,10 oz,[],,"https://www.instacart.com/image-server/197x197/filters:fill(FFF,true):format(jpg)/d2lnr5mha7bycj.cloudfront.net/product-image/file/large_2f243394-c7f8-4624-8a47-c06b53794b0f.jpg,"
CVS®,DiGiorno Original Rising Crust Four Cheese,$8.59,,28.2 oz,"Buy any 3, save $2.50",[],,"https://www.instacart.com/image-server/197x197/filters:fill(FFF,true):format(jpg)/d2lnr5mha7bycj.cloudfront.net/product-image/file/large_1b039535-93b0-47f9-994d-9ed79b130a11.jpg,"
CVS®,Lean Cuisine Favorites Five Cheese Rigatoni Frozen Entrée,$3.99,,,10 oz,[],,"https://www.instacart.com/image-server/197x197/filters:fill(FFF,true):format(jpg)/d2lnr5mha7bycj.cloudfront.net/product-image/file/large_902a8813-e5bf-458e-8351-b6ef7b9648f0.jpg,"
CVS®,Stouffer's Lasagna With Meat & Sauce Frozen Meal,$3.99,,,10.5 oz,[],,"https://www.instacart.com/image-server/197x197/filters:fill(FFF,true):format(jpg)/d2lnr5mha7bycj.cloudfront.net/product-image/file/large_f43382f2-44f7-48c8-8d89-2bdcf803d58d.jpg,"
CVS®,"Marie Callender's Aged Cheddar Cheesy Chicken and Rice Bowl, Frozen Meal",$3.79,,,12 oz,[],,"https://www.instacart.com/image-server/197x197/filters:fill(FFF,true):format(jpg)/d2lnr5mha7bycj.cloudfront.net/product-image/file/large_c3e409de-9574-4fe5-9870-048383a77535.jpeg,"
CVS®,Stouffer's Rigatoni with Chicken & Pesto,$3.99,,,8.38 oz,[],,"https://www.instacart.com/image-server/197x197/filters:fill(FFF,true):format(jpg)/d2lnr5mha7bycj.cloudfront.net/product-image/file/large_90f6ea2a-9ff2-4b74-be70-79a9d96d692c.jpg,"
CVS®,Marie Callender's Chicken Pot Pie Frozen Meal,$3.99,,,10 oz,[],,"https://www.instacart.com/image-server/197x197/filters:fill(FFF,true):format(jpg)/d2lnr5mha7bycj.cloudfront.net/product-image/file/large_6f8e9d3d-4d38-4d06-9fd7-57668b21328d.jpg,"
CVS®,Jack's Original Pepperoni,$4.99,,,15.4 oz,[],Many in stock,"https://www.instacart.com/image-server/197x197/filters:fill(FFF,true):format(jpg)/d2lnr5mha7bycj.cloudfront.net/product-image/file/large_d4620565-7e3e-44ca-a55f-0d5594a81bdd.jpg,"
CVS®,Amy's Kitchen Cheese Pizza,$10.99,,,13 oz,[],,"https://www.instacart.com/image-server/197x197/filters:fill(FFF,true):format(jpg)/d2lnr5mha7bycj.cloudfront.net/product-image/file/large_eba90706-22ea-4a02-917c-aab59883498d.png,"
CVS®,DiGiorno Classic Thin Crust Pepperoni,$7.99,,20.6 oz,"Buy any 3, save $2.50",[],,"https://www.instacart.com/image-server/197x197/filters:fill(FFF,true):format(jpg)/d2lnr5mha7bycj.cloudfront.net/product-image/file/large_577bd8b9-2fa7-40db-884b-581704a25a02.png,"
CVS®,Lean Cuisine Handhelds Four Cheese Frozen Pizza,$3.99,,,6 oz,[],,"https://www.instacart.com/image-server/197x197/filters:fill(FFF,true):format(jpg)/d2lnr5mha7bycj.cloudfront.net/product-image/file/large_c7eb62de-50b0-45e0-be17-75a8a59f58fa.jpg,"
CVS®,White Castle Classic Cheese Sliders,$8.09,,,6 x 1.83 oz,[],,"https://www.instacart.com/image-server/197x197/filters:fill(FFF,true):format(jpg)/d2lnr5mha7bycj.cloudfront.net/product-image/file/large_a3b7a8cf-3cf3-4cd1-b98e-aa2083697df3.png,"
CVS®,"Deep Indian Kitchen Paneer Tikka Masala, Medium Spice",$7.69,,,9 oz,['Gluten-Free'],Many in stock,"https://www.instacart.com/image-server/197x197/filters:fill(FFF,true):format(jpg)/d2lnr5mha7bycj.cloudfront.net/product-image/file/large_8a5aed3f-2652-45e5-bb9d-051c5b3eb129.png,"
CVS®,White Castle Original Chicken Rings,$12.99,,,20 onz,[],,"https://www.instacart.com/image-server/197x197/filters:fill(FFF,true):format(jpg)/d2lnr5mha7bycj.cloudfront.net/product-image/file/large_f4697478-5e8d-43dc-bc29-a0430d7ca96d.png,"
CVS®,Red Baron Frozen Pizza Brick Oven Pepperoni,$7.99,,,17.89 oz,[],,"https://www.instacart.com/image-server/197x197/filters:fill(FFF,true):format(jpg)/d2lnr5mha7bycj.cloudfront.net/product-image/file/large_8a6e00f6-6d8d-4d1b-b21e-22245f8a5b0d.jpg,"
CVS®,DiGiorno Frozen Pizza - Frozen Pepperoni Pizza - Stuffed Crust Pizza,$12.99,,22.2 oz,"Buy any 3, save $2.50",[],,"https://www.instacart.com/image-server/197x197/filters:fill(FFF,true):format(jpg)/d2lnr5mha7bycj.cloudfront.net/product-image/file/large_835a9bc8-e2b2-4b4b-8174-36e4d2bb55b1.jpg,"
CVS®,Stouffer's Classics Salisbury Steak Frozen Entrée,$3.99,,,9.63 oz,[],,"https://www.instacart.com/image-server/197x197/filters:fill(FFF,true):format(jpg)/d2lnr5mha7bycj.cloudfront.net/product-image/file/large_5bebbb34-b0b7-406b-975b-14be69bc44b4.jpg,"
CVS®,DiGiorno Frozen Pizza Ultrathcrloadedveglvrspza,$7.99,,14 oz,"Buy any 3, save $2.50",[],Many in stock,"https://www.instacart.com/image-server/197x197/filters:fill(FFF,true):format(jpg)/d2lnr5mha7bycj.cloudfront.net/product-image/file/large_c3a78bcc-ad70-4171-a501-978ce4ba343a.jpg,"
CVS®,Life Cuisine Bowl Frozen Meal Chicken Enchilada,$4.99,,,10 oz,[],,"https://www.instacart.com/image-server/197x197/filters:fill(FFF,true):format(jpg)/d2lnr5mha7bycj.cloudfront.net/product-image/file/large_376a43c2-ce30-4809-971e-d35e425c2d82.png,"
CVS®,DiGiorno Original Rising Crust Frozen Pizza Three Meat,$8.59,,29.8 oz,"Buy any 3, save $2.50",[],,"https://www.instacart.com/image-server/197x197/filters:fill(FFF,true):format(jpg)/d2lnr5mha7bycj.cloudfront.net/product-image/file/large_422e51ab-2365-47fa-8975-b840bd5fbfdb.jpg,"
CVS®,Birds Eye Voila! Alfredo Chicken Frozen Meal,$6.99,,,21 oz,[],,"https://www.instacart.com/image-server/197x197/filters:fill(FFF,true):format(jpg)/d2lnr5mha7bycj.cloudfront.net/product-image/file/large_0c36ac87-cf88-401b-87fa-5b390e4cadad.jpg,"
CVS®,Life Cuisine Southwest Style Beef Taco Bowl Frozen Entrée,$4.99,,,10 oz,[],,"https://www.instacart.com/image-server/197x197/filters:fill(FFF,true):format(jpg)/d2lnr5mha7bycj.cloudfront.net/product-image/file/large_a9eec802-1e85-44ee-a35a-01a203401f6f.jpg,"
CVS®,Birds Eye Voila! Alfredo Chicken Frozen Meal,$9.99,,,42 oz,[],,"https://www.instacart.com/image-server/197x197/filters:fill(FFF,true):format(jpg)/d2lnr5mha7bycj.cloudfront.net/product-image/file/large_c25992c6-9a49-4833-962e-08df17ff01ee.jpg,"
CVS®,Birds Eye Voila! Garlic Chicken Frozen Meal,$6.99,,,21 oz,[],,"https://www.instacart.com/image-server/197x197/filters:fill(FFF,true):format(jpg)/d2lnr5mha7bycj.cloudfront.net/product-image/file/large_3d9a3fff-fa04-4d7f-955e-96a7c4987541.jpg,"
CVS®,Mrs. T's Classic Cheddar,$7.99,,,32 oz,[],,"https://www.instacart.com/image-server/197x197/filters:fill(FFF,true):format(jpg)/d2lnr5mha7bycj.cloudfront.net/product-image/file/large_3e398771-b625-4b6b-8d6a-d215f5679380.jpg,"
CVS®,"Hearth & Fire Premium Pizza, The Pepperoni",$15.99,,,19.9 oz,[],,"https://www.instacart.com/image-server/197x197/filters:fill(FFF,true):format(jpg)/d2lnr5mha7bycj.cloudfront.net/product-image/file/large_4abd3b4c-6023-4725-9770-a73c9ab5af18.jpg,"
CVS®,Stouffer's CLASSICS Chicken Fettuccini Alfredo,$3.99,,,10.5 oz,[],,"https://www.instacart.com/image-server/197x197/filters:fill(FFF,true):format(jpg)/d2lnr5mha7bycj.cloudfront.net/product-image/file/large_013ae64b-1355-4586-8be2-9b8d84296117.jpg,"
CVS®,Amy's Kitchen Margherita Pizza,$10.99,,,13 oz,[],,"https://www.instacart.com/image-server/197x197/filters:fill(FFF,true):format(jpg)/d2lnr5mha7bycj.cloudfront.net/product-image/file/large_af1771ef-cf95-4b94-b3ab-6f63a87dc9ec.png,"
CVS®,Stouffer's Large Size Macaroni & Cheese Frozen Meal,$5.99,,,20 oz,[],,"https://www.instacart.com/image-server/197x197/filters:fill(FFF,true):format(jpg)/d2lnr5mha7bycj.cloudfront.net/product-image/file/large_d33f4fc1-2dc6-412f-bef2-44a2cdc31fc4.jpg,"
CVS®,Birds Eye Voila! Garlic Chicken Frozen Meal,$9.99,,,42 oz,[],,"https://www.instacart.com/image-server/197x197/filters:fill(FFF,true):format(jpg)/d2lnr5mha7bycj.cloudfront.net/product-image/file/large_17fa11f4-1def-40bd-bb1f-32481bcab84f.jpg,"
CVS®,Healthy Choice Café Steamers Four Cheese Ravioli & Chicken Marinara Frozen Meal,$3.79,,,10 oz,[],,"https://www.instacart.com/image-server/197x197/filters:fill(FFF,true):format(jpg)/d2lnr5mha7bycj.cloudfront.net/product-image/file/large_25cce653-c34f-49a8-b615-06b75aff3492.jpg,"
CVS®,Healthy Choice Café Steamers Chicken Fettuccini Alfredo Frozen Meal,$3.79,,,10 oz,[],,"https://www.instacart.com/image-server/197x197/filters:fill(FFF,true):format(jpg)/d2lnr5mha7bycj.cloudfront.net/product-image/file/large_9ae416e7-176a-460e-9694-de39ab9dae11.jpg,"
CVS®,Stouffer's Party Size Lasagna With Meat & Sauce Frozen Meal,$19.99,,,90 oz,[],,"https://www.instacart.com/image-server/197x197/filters:fill(FFF,true):format(jpg)/d2lnr5mha7bycj.cloudfront.net/product-image/file/large_7193a10f-6bce-4806-acf2-bcfc6a0c8acb.jpg,"
CVS®,Healthy Choice Simply Steamers Creamy Spinach & Tomato Linguini Frozen Meal,$4.49,,,9 oz,[],,"https://www.instacart.com/image-server/197x197/filters:fill(FFF,true):format(jpg)/d2lnr5mha7bycj.cloudfront.net/product-image/file/large_94529327-1ac8-46ed-9cde-3ccda66114fa.jpg,"
CVS®,Healthy Choice Simply Steamers Beef & Broccoli Frozen Meal,$4.49,,,10 oz,[],,"https://www.instacart.com/image-server/197x197/filters:fill(FFF,true):format(jpg)/d2lnr5mha7bycj.cloudfront.net/product-image/file/large_f1a4b7dd-c68b-46cd-bd76-e7bb4055fe3f.jpg,"
CVS®,Healthy Choice Simply Steamers Chicken Fried Rice Frozen Meal,$4.49,,,10 oz,[],,"https://www.instacart.com/image-server/197x197/filters:fill(FFF,true):format(jpg)/d2lnr5mha7bycj.cloudfront.net/product-image/file/large_c32c125b-a772-499d-b686-89f11b2eb056.jpg,"
CVS®,Yellow Onion,$2.15,each (est.),$2.59 / lb,About 0.83 lb each,[],,"https://www.instacart.com/image-server/197x197/filters:fill(FFF,true):format(jpg)/d2lnr5mha7bycj.cloudfront.net/product-image/file/large_500d9bec-341f-48e0-8086-08c4b24e4b96.png,"
CVS®,Iceberg Lettuce,$1.99,,,,[],Many in stock,"https://www.instacart.com/image-server/197x197/filters:fill(FFF,true):format(jpg)/d2lnr5mha7bycj.cloudfront.net/product-image/file/large_2a09f7f3-3b64-42ab-aa66-dc58f3409329.png,"
CVS®,Green Onions (Scallions) Bunch,$2.29,,,per lb,[],Many in stock,"https://www.instacart.com/image-server/197x197/filters:fill(FFF,true):format(jpg)/d2lnr5mha7bycj.cloudfront.net/product-image/file/large_a4b4a569-eef0-4529-a77f-51d8417ce66e.png,"
CVS®,"NatureSweet Peppers, Sweet & Seedless, Mini",$6.69,,,14 oz,[],,"https://www.instacart.com/image-server/197x197/filters:fill(FFF,true):format(jpg)/d2lnr5mha7bycj.cloudfront.net/product-image/file/large_339fdc5f-b495-4224-834d-69d0279ef539.png,"
CVS®,Garlic,$0.60,each (est.),$5.59 / lb,About 0.11 lb each,[],,"https://www.instacart.com/image-server/197x197/filters:fill(FFF,true):format(jpg)/d2lnr5mha7bycj.cloudfront.net/product-image/file/large_ec113224-e19f-4e3a-bdf8-95a7c5bf8466.png,"
CVS®,Celery Bunch,$2.79,,,1 lb bunch,[],Many in stock,"https://www.instacart.com/image-server/197x197/filters:fill(FFF,true):format(jpg)/d2lnr5mha7bycj.cloudfront.net/product-image/file/large_4540c65f-aff1-4d82-832f-a36929dee56f.png,"
CVS®,Sweet Onion,$2.09,each (est.),$1.99 / lb,About 1.05 lb each,[],,"https://www.instacart.com/image-server/197x197/filters:fill(FFF,true):format(jpg)/d2lnr5mha7bycj.cloudfront.net/product-image/file/large_a020ac40-4d3c-4df4-95dc-7228235ee38d.png,"
CVS®,Gourmet Garden™ Lightly Dried Cilantro,$6.69,,,0.35 oz container,"['Non-GMO', 'Organic']",,"https://www.instacart.com/image-server/197x197/filters:fill(FFF,true):format(jpg)/d2lnr5mha7bycj.cloudfront.net/product-image/file/large_21761ddb-265d-4494-a01b-15fe044b2fab.jpg,"
CVS®,Red Bell Pepper,$3.07,each (est.),$5.59 / lb,About 0.55 lb each,[],,"https://www.instacart.com/image-server/197x197/filters:fill(FFF,true):format(jpg)/d2lnr5mha7bycj.cloudfront.net/product-image/file/large_41433786-961d-4fe5-9159-f1a816ea138d.png,"
CVS®,Giant Eagle Russet Potatoes,$5.59,,,5 lb,[],,"https://www.instacart.com/image-server/197x197/filters:fill(FFF,true):format(jpg)/d2lnr5mha7bycj.cloudfront.net/product-image/file/large_ddfa172e-da47-43df-90ce-c9c2803217e3.png,"
CVS®,Cilantro Bunch,$2.79,,,1 bunch,[],Many in stock,"https://www.instacart.com/image-server/197x197/filters:fill(FFF,true):format(jpg)/d2lnr5mha7bycj.cloudfront.net/product-image/file/large_289dc192-1464-4674-a0c1-014b2bad5428.png,"
CVS®,Greenhouse Roma Tomato,$0.70,each (est.),$2.99 / lb,About 0.24 lb each,[],,"https://www.instacart.com/image-server/197x197/filters:fill(FFF,true):format(jpg)/d2lnr5mha7bycj.cloudfront.net/product-image/file/large_1496b104-dde8-4208-b901-ba4a197ac22e.png,"
CVS®,Tomato,$1.67,each (est.),$1.99 / lb,About 0.84 lb each,[],,"https://www.instacart.com/image-server/197x197/filters:fill(FFF,true):format(jpg)/d2lnr5mha7bycj.cloudfront.net/product-image/file/large_8f911684-0c63-4a25-a3b9-8b6bdbaf4080.png,"
CVS®,Giant Eagle Baby Cut Carrots,$2.99,,,1 lb,[],,"https://www.instacart.com/image-server/197x197/filters:fill(FFF,true):format(jpg)/d2lnr5mha7bycj.cloudfront.net/product-image/file/large_ca101fde-1e39-4edd-acbc-8fc46f0f312b.png,"
CVS®,Broccoli Crown,$3.63,each (est.),$5.59 / lb,About 0.65 lb each,[],,"https://www.instacart.com/image-server/197x197/filters:fill(FFF,true):format(jpg)/d2lnr5mha7bycj.cloudfront.net/product-image/file/large_96baef12-e833-4767-86ea-6a14ea4c492f.png,"
CVS®,Asparagus Bunch,$4.11,each (est.),$3.99 / lb,About 1.03 lb each,['In season'],,"https://www.instacart.com/image-server/197x197/filters:fill(FFF,true):format(jpg)/d2lnr5mha7bycj.cloudfront.net/product-image/file/large_67f8d3b1-3458-4045-8003-c824a73cc367.png,"
CVS®,Tomato,$3.15,each (est.),$3.99 / lb,About 0.79 lb each,[],,"https://www.instacart.com/image-server/197x197/filters:fill(FFF,true):format(jpg)/d2lnr5mha7bycj.cloudfront.net/product-image/file/large_7f72d668-0f54-47b2-8d27-78caee0e9b55.png,"
CVS®,English Seedless Cucumber,$2.79,,,1 ct,[],Many in stock,"https://www.instacart.com/image-server/197x197/filters:fill(FFF,true):format(jpg)/d2lnr5mha7bycj.cloudfront.net/product-image/file/large_7e073980-2b56-44af-8ed7-4d46df53a874.png,"
CVS®,Yellow Onion Bag,$3.99,,,1 ct,[],,"https://www.instacart.com/image-server/197x197/filters:fill(FFF,true):format(jpg)/d2lnr5mha7bycj.cloudfront.net/product-image/file/large_867fd183-99a5-4e72-a9fc-7ca88404e0c3.png,"
CVS®,Giant Eagle Baby Bella Sliced Mushrooms,$3.99,,,8 oz,"['In season', 'Non-GMO']",Many in stock,"https://www.instacart.com/image-server/197x197/filters:fill(FFF,true):format(jpg)/d2lnr5mha7bycj.cloudfront.net/product-image/file/large_fc2c5104-7f87-48c8-9912-acd08f185a07.png,"
CVS®,Zucchini Squash,$1.24,each (est.),$2.99 / lb,About 0.42 lb each,[],,"https://www.instacart.com/image-server/197x197/filters:fill(FFF,true):format(jpg)/d2lnr5mha7bycj.cloudfront.net/product-image/file/large_10da03e4-ae68-468c-ac5f-5ff2dc8f1485.png,"
CVS®,NatureSweet Cherubs Tomatoes,$5.59,,,,[],Many in stock,"https://www.instacart.com/image-server/197x197/filters:fill(FFF,true):format(jpg)/d2lnr5mha7bycj.cloudfront.net/product-image/file/large_8037d78d-5cea-4bda-b669-9b48794c7403.png,"
CVS®,Green Cabbage,$3.17,each (est.),$0.99 / lb,About 3.2 lb each,[],,"https://www.instacart.com/image-server/197x197/filters:fill(FFF,true):format(jpg)/d2lnr5mha7bycj.cloudfront.net/product-image/file/large_82f62cce-e0cc-4d65-aa21-bb2e61c3dafb.png,"
CVS®,Green Giant Golden Potatoes,$7.99,,,5 lb,[],,"https://www.instacart.com/image-server/197x197/filters:fill(FFF,true):format(jpg)/d2lnr5mha7bycj.cloudfront.net/product-image/file/large_c897bb64-526c-470d-9111-94baade33609.png,"
CVS®,Giant Eagle White Sliced Mushrooms,$3.69,,,8 oz,"['In season', 'Non-GMO']",Many in stock,"https://www.instacart.com/image-server/197x197/filters:fill(FFF,true):format(jpg)/d2lnr5mha7bycj.cloudfront.net/product-image/file/large_fb125b0b-5bb6-49a2-be98-70bf31bcfcd2.png,"
CVS®,"Life's Getting Fresher Celery Sticks, Fresh",$2.99,,,8 oz,['Non-GMO'],,"https://www.instacart.com/image-server/197x197/filters:fill(FFF,true):format(jpg)/d2lnr5mha7bycj.cloudfront.net/product-image/file/large_6a5d2fa6-d73d-464c-b89a-f32e1e5df808.png,"
CVS®,Baby Seedless Cucumbers,$3.99,,,14 oz,[],,"https://www.instacart.com/image-server/197x197/filters:fill(FFF,true):format(jpg)/d2lnr5mha7bycj.cloudfront.net/product-image/file/large_059c50f0-f0ff-4a3a-85d2-2b7b293903b6.png,"
CVS®,Giant Eagle Baby-cut Carrots,$5.59,,,32 oz,['Non-GMO'],,"https://www.instacart.com/image-server/197x197/filters:fill(FFF,true):format(jpg)/d2lnr5mha7bycj.cloudfront.net/product-image/file/large_295a6163-8fb0-44af-9767-55f421b2fc09.png,"
CVS®,Carrot,$0.54,each (est.),$2.79 / lb,About 0.2 lb each,['Non-GMO'],,"https://www.instacart.com/image-server/197x197/filters:fill(FFF,true):format(jpg)/d2lnr5mha7bycj.cloudfront.net/product-image/file/large_451a94d2-50e9-4c64-ace2-471b0a82e97a.png,"
CVS®,Yellow Bell Pepper,$3.02,each (est.),$5.59 / lb,About 0.54 lb each,[],,"https://www.instacart.com/image-server/197x197/filters:fill(FFF,true):format(jpg)/d2lnr5mha7bycj.cloudfront.net/product-image/file/large_9d6cc213-a230-4e9b-87e3-2d07a552f0b9.png,"
CVS®,Market District Gold Petite Potatoes,$4.99,,,24 oz,['Non-GMO'],,"https://www.instacart.com/image-server/197x197/filters:fill(FFF,true):format(jpg)/d2lnr5mha7bycj.cloudfront.net/product-image/file/large_284c3772-d4fd-4ff3-bcbd-afadbc4b55e0.png,"
CVS®,Giant Eagle Value Size Broccoli Florets,$7.99,,,32 oz,[],,"https://www.instacart.com/image-server/197x197/filters:fill(FFF,true):format(jpg)/d2lnr5mha7bycj.cloudfront.net/product-image/file/large_8fd155af-7023-42cc-b4ad-6a1629d41ec8.png,"
CVS®,Giant Eagle Spinach,$5.59,,,16 oz,['In season'],,"https://www.instacart.com/image-server/197x197/filters:fill(FFF,true):format(jpg)/d2lnr5mha7bycj.cloudfront.net/product-image/file/large_fbe80ebd-132e-4586-a647-9b442ed6f4e1.png,"
CVS®,Red Grape Tomato Package,$3.99,,,1 lb container,[],Many in stock,"https://www.instacart.com/image-server/197x197/filters:fill(FFF,true):format(jpg)/d2lnr5mha7bycj.cloudfront.net/product-image/file/large_c2fc46a8-beca-4b53-8eee-a5bc308c0e54.png,"
CVS®,Giant Eagle Carrots,$5.59,,,32 oz,['Non-GMO'],,"https://www.instacart.com/image-server/197x197/filters:fill(FFF,true):format(jpg)/d2lnr5mha7bycj.cloudfront.net/product-image/file/large_8553acd9-35a6-49c9-b22f-da8d6a3a7f87.png,"
CVS®,Del Monte Diced Celery,$3.39,,,8 oz,[],,"https://www.instacart.com/image-server/197x197/filters:fill(FFF,true):format(jpg)/d2lnr5mha7bycj.cloudfront.net/product-image/file/large_c9163cac-c45d-4c68-bd9d-48de9e01b47e.png,"
CVS®,Giant Eagle Spinach,$2.99,,,8 oz,['In season'],,"https://www.instacart.com/image-server/197x197/filters:fill(FFF,true):format(jpg)/d2lnr5mha7bycj.cloudfront.net/product-image/file/large_f1dfff39-2b3d-49f7-a4b1-d8115e3d316a.png,"
CVS®,"Spice World Garlic, Fresh",$5.99,,,16 oz,[],,"https://www.instacart.com/image-server/197x197/filters:fill(FFF,true):format(jpg)/d2lnr5mha7bycj.cloudfront.net/product-image/file/large_56f650c0-47f2-4b10-9766-096be0082266.png,"
CVS®,Produce Mini Slim Carrots,$3.69,,,12 oz,[],,"https://www.instacart.com/image-server/197x197/filters:fill(FFF,true):format(jpg)/d2lnr5mha7bycj.cloudfront.net/product-image/file/large_fbad25fc-006c-47d6-ac58-ff39eaff4506.png,"
CVS®,"Giant Eagle Romaine Lettuce, Carrots And Red Cabbage Garden Salad",$3.39,,,12 oz,[],,"https://www.instacart.com/image-server/197x197/filters:fill(FFF,true):format(jpg)/d2lnr5mha7bycj.cloudfront.net/product-image/file/large_3f9b3833-4f97-4a5a-8fcf-4112ae9230c9.png,"
CVS®,Organic Green Bell Pepper,$2.84,/pkg (est.),$4.99 / lb,About 0.57 lb / package,"['Organic', 'Non-GMO']",,"https://www.instacart.com/image-server/197x197/filters:fill(FFF,true):format(jpg)/d2lnr5mha7bycj.cloudfront.net/product-image/file/large_40f8f2ec-57ad-4154-b53f-fd6a610a6551.png,"
CVS®,Taylor Fresh Foods Nat Drctn Organic Romaine Hearts,$5.59,,,12 oz,['Non-GMO'],,"https://www.instacart.com/image-server/197x197/filters:fill(FFF,true):format(jpg)/d2lnr5mha7bycj.cloudfront.net/product-image/file/large_6702939a-18e2-4366-8fdf-5571cedfb6d3.png,"
CVS®,Bibigo Mini Wontons Chicken & Vegetable Dumplings,$8.99,,,24 oz,[],,"https://www.instacart.com/image-server/197x197/filters:fill(FFF,true):format(jpg)/d2lnr5mha7bycj.cloudfront.net/product-image/file/large_07fbfaaf-578c-4c67-9e8e-7d9e0c95e54a.jpg,"
CVS®,Foster Farms Mini Chicken Corn Dogs,$11.99,,,29.3 oz,[],,"https://www.instacart.com/image-server/197x197/filters:fill(FFF,true):format(jpg)/d2lnr5mha7bycj.cloudfront.net/product-image/file/large_f7a37d6e-39a6-4ac3-b33a-9af479f4d78a.png,"
CVS®,"Totino's Pizza Rolls, Pepperoni",$7.99,,,50 ct,[],,"https://www.instacart.com/image-server/197x197/filters:fill(FFF,true):format(jpg)/d2lnr5mha7bycj.cloudfront.net/product-image/file/large_02edecfd-2ee7-4873-96b1-6c4a72178c33.png,"
CVS®,"Deep Indian Kitchen Samosas, Potato & Pea",$7.69,,,12 oz,['Vegan'],,"https://www.instacart.com/image-server/197x197/filters:fill(FFF,true):format(jpg)/d2lnr5mha7bycj.cloudfront.net/product-image/file/large_d989e6ef-9941-4333-9f3b-0335aee89800.png,"
CVS®,Foster Farms Mini Chicken Corn Dogs,$5.99,,,13.3 oz,[],Many in stock,"https://www.instacart.com/image-server/197x197/filters:fill(FFF,true):format(jpg)/d2lnr5mha7bycj.cloudfront.net/product-image/file/large_8fe123e8-7b39-4f89-aaa1-945351935cd9.png,"
CVS®,Delimex White Meat Chicken Corn Taquitos Frozen Food Snacks,$7.99,,,23 oz,[],,"https://www.instacart.com/image-server/197x197/filters:fill(FFF,true):format(jpg)/d2lnr5mha7bycj.cloudfront.net/product-image/file/large_001198f0-dc87-4209-a4c8-cfc66bf6879a.jpg,"
CVS®,Smucker's Uncrustables Peanut Butter & Strawberry Jam Sandwich,$4.99,,,4 x 2 oz,[],,"https://www.instacart.com/image-server/197x197/filters:fill(FFF,true):format(jpg)/d2lnr5mha7bycj.cloudfront.net/product-image/file/large_76289429-a7d2-4ace-81e5-8e7607631f64.jpg,"
CVS®,"Yasso Poppables, Greek Yogurt, Sea Salt Caramel",$7.99,,,6.84 fl oz,[],,"https://www.instacart.com/image-server/197x197/filters:fill(FFF,true):format(jpg)/d2lnr5mha7bycj.cloudfront.net/product-image/file/large_77750d3c-1f66-48bf-8722-7416d2a67a94.png,"
CVS®,Smucker's Sandwich,$12.59,,,18 oz,[],,"https://www.instacart.com/image-server/197x197/filters:fill(FFF,true):format(jpg)/d2lnr5mha7bycj.cloudfront.net/product-image/file/large_81548ef4-8afb-4e07-be53-aa24fcacdff7.jpg,"
CVS®,State Fair Classic Corn Dogs Frozen,$12.99,,,16 x 2.67 oz,[],,"https://www.instacart.com/image-server/197x197/filters:fill(FFF,true):format(jpg)/d2lnr5mha7bycj.cloudfront.net/product-image/file/large_e067cd16-dc02-4b34-a19f-ec44e14b3174.jpg,"
CVS®,Delimex Chicken & Cheese Large Flour Taquitos Frozen Food Snacks,$7.99,,,18 ct,[],,"https://www.instacart.com/image-server/197x197/filters:fill(FFF,true):format(jpg)/d2lnr5mha7bycj.cloudfront.net/product-image/file/large_576fef74-cbfe-43ec-bc9e-94b64e34585a.jpg,"
CVS®,"Deep Indian Kitchen Samosas, Chicken Tikka, Medium Spice",$7.69,,,8 each,[],Many in stock,"https://www.instacart.com/image-server/197x197/filters:fill(FFF,true):format(jpg)/d2lnr5mha7bycj.cloudfront.net/product-image/file/large_e46f5954-bbd7-4e17-bbfc-05ecb186fb91.png,"
CVS®,"P.F. Chang's Chicken Egg Rolls, Frozen Appetizers",$4.99,,,8.8 oz,[],,"https://www.instacart.com/image-server/197x197/filters:fill(FFF,true):format(jpg)/d2lnr5mha7bycj.cloudfront.net/product-image/file/large_8c0d809a-b32f-40e3-b252-fa8f43dcc49f.jpg,"
CVS®,Bagel Bites Cheese & Pepperoni Mini Pizza Bagel Frozen Food Snacks,$6.69,,18 ct,"Spend $22, save $5",[],,"https://www.instacart.com/image-server/197x197/filters:fill(FFF,true):format(jpg)/d2lnr5mha7bycj.cloudfront.net/product-image/file/large_318cce35-05e1-4361-8596-e9035c42c2d9.jpg,"
CVS®,Giant Eagle Seasoned Shredded Potatoes Tater Treats,$4.49,,,32 oz,['Vegan'],Many in stock,"https://www.instacart.com/image-server/197x197/filters:fill(FFF,true):format(jpg)/d2lnr5mha7bycj.cloudfront.net/product-image/file/large_d48035e6-c81e-48ae-a0dd-af7653f624d7.png,"
CVS®,Bagel Bites Three Cheese Mini Pizza Bagel Frozen Food Snacks,$3.69,,9 ct,"Spend $22, save $5",[],Many in stock,"https://www.instacart.com/image-server/197x197/filters:fill(FFF,true):format(jpg)/d2lnr5mha7bycj.cloudfront.net/product-image/file/large_dfd4900a-54c2-409d-9d24-25f505b748c0.jpg,"
CVS®,"Checkers & Rally's Fries, Famous, Seasoned",$6.99,,,28 oz,[],,"https://www.instacart.com/image-server/197x197/filters:fill(FFF,true):format(jpg)/d2lnr5mha7bycj.cloudfront.net/product-image/file/large_9a6c9062-8fb9-4f04-84f5-0dbcb94151dc.png,"
CVS®,Mrs. T's Classic Onion,$3.99,,,16 oz,[],,"https://www.instacart.com/image-server/197x197/filters:fill(FFF,true):format(jpg)/d2lnr5mha7bycj.cloudfront.net/product-image/file/large_3e3a8eef-a9b7-4d3c-bb6a-486d857c8c2f.jpg,"
CVS®,Bagel Bites Cheese & Pepperoni Mini Pizza Bagel Frozen Food Snacks,$12.99,,40 ct,"Spend $22, save $5",[],,"https://www.instacart.com/image-server/197x197/filters:fill(FFF,true):format(jpg)/d2lnr5mha7bycj.cloudfront.net/product-image/file/large_25398ff4-aacf-4c3a-acee-9dcd7e2081f4.jpg,"
CVS®,"Mrs. T's Pierogies, 4 Cheese Medley, Family Size",$7.99,,,24 each,[],Many in stock,"https://www.instacart.com/image-server/197x197/filters:fill(FFF,true):format(jpg)/d2lnr5mha7bycj.cloudfront.net/product-image/file/large_489e5129-0cbc-46da-8b93-a40e3d1ba150.png,"
CVS®,"Mrs. T's Pierogies, Savory 5 Cheese Blend",$3.99,,,12 each,[],Many in stock,"https://www.instacart.com/image-server/197x197/filters:fill(FFF,true):format(jpg)/d2lnr5mha7bycj.cloudfront.net/product-image/file/large_9eb117f0-6588-40c7-8d98-80aff0aaab0b.png,"
CVS®,"Mrs. T's Pierogies, Cheddar, Sour Cream & Onion, Mini",$6.99,,,50 ct,[],,"https://www.instacart.com/image-server/197x197/filters:fill(FFF,true):format(jpg)/d2lnr5mha7bycj.cloudfront.net/product-image/file/large_8c6fa54c-9cc7-4c82-906c-a63029340c45.png,"
CVS®,"Totino's Pizza Rolls, Buffalo Style Chicken",$7.99,,,50 ct,[],,"https://www.instacart.com/image-server/197x197/filters:fill(FFF,true):format(jpg)/d2lnr5mha7bycj.cloudfront.net/product-image/file/large_11215fe5-9720-4674-a073-54156a386311.png,"
CVS®,Totino's Combination Pizza Rolls Frozen Kids Snacks Microwave Air Fryer Ready,$7.99,,,24.8 oz,[],Many in stock,"https://www.instacart.com/image-server/197x197/filters:fill(FFF,true):format(jpg)/d2lnr5mha7bycj.cloudfront.net/product-image/file/large_76fa9cbd-d6e1-4f7d-a40e-6911a8852510.png,"
CVS®,Michelina's Pepperoni Pizza Snack Rolls,$1.49,,,4.5 oz,[],,"https://www.instacart.com/image-server/197x197/filters:fill(FFF,true):format(jpg)/d2lnr5mha7bycj.cloudfront.net/product-image/file/large_bd9238f1-30a7-4293-8574-bd69583fee52.png,"
CVS®,"Freschetta Brick Oven Pizza, Five Italian Cheese",$7.99,,,20.28 oz,[],,"https://www.instacart.com/image-server/197x197/filters:fill(FFF,true):format(jpg)/d2lnr5mha7bycj.cloudfront.net/product-image/file/large_4c79ff9a-6d2c-497f-98dc-df6cb961f3bc.jpg,"
CVS®,"Mrs. T's Pierogies, Jalapeno & Sharp Cheddar",$3.99,,,12 each,[],Many in stock,"https://www.instacart.com/image-server/197x197/filters:fill(FFF,true):format(jpg)/d2lnr5mha7bycj.cloudfront.net/product-image/file/large_f35516bf-1300-4209-b372-104796db0e42.png,"
CVS®,Bagel Bites Three Cheese Mini Pizza Bagel Frozen Food Snacks,$6.69,,18 ct,"Spend $22, save $5",[],,"https://www.instacart.com/image-server/197x197/filters:fill(FFF,true):format(jpg)/d2lnr5mha7bycj.cloudfront.net/product-image/file/large_81d23e5b-9d73-4f9b-b3e6-1dca82cec93a.jpg,"
CVS®,Bibigo Pork & Vegetable Steamed Dumplings,$3.99,,,6.6 oz,[],,"https://www.instacart.com/image-server/197x197/filters:fill(FFF,true):format(jpg)/d2lnr5mha7bycj.cloudfront.net/product-image/file/large_756df4fd-d517-43fb-9ba8-af935ea55fef.jpg,"
CVS®,Bibigo Steamed Dumplings Chicken and Vegetable,$3.99,,,6.6 oz,[],Likely out of stock,"https://www.instacart.com/image-server/197x197/filters:fill(FFF,true):format(jpg)/d2lnr5mha7bycj.cloudfront.net/product-image/file/large_f2b8bbae-4c44-4978-a9eb-aada34593188.jpg,"
CVS®,SUPERPRETZEL Mini PretzelDogs,$7.99,,,12 oz,[],,"https://www.instacart.com/image-server/197x197/filters:fill(FFF,true):format(jpg)/d2lnr5mha7bycj.cloudfront.net/product-image/file/large_8e6bbd74-ec8c-40c8-b71c-2df6f3110686.png,"
CVS®,"Alexia Fries, Sweet Potato",$6.99,,,20 oz,[],,"https://www.instacart.com/image-server/197x197/filters:fill(FFF,true):format(jpg)/d2lnr5mha7bycj.cloudfront.net/product-image/file/large_18d527b9-1203-4990-a903-38de999359ff.png,"
CVS®,"Alexia Puffs, Sweet Potato, Crispy, Bite-Size",$6.99,,,20 oz,[],,"https://www.instacart.com/image-server/197x197/filters:fill(FFF,true):format(jpg)/d2lnr5mha7bycj.cloudfront.net/product-image/file/large_7d9aa32d-a165-4999-b24f-be3462f04b06.png,"
CVS®,Farm Rich Breaded Mozzarella Cheese Sticks,$17.99,,,48 oz,[],,"https://www.instacart.com/image-server/197x197/filters:fill(FFF,true):format(jpg)/d2lnr5mha7bycj.cloudfront.net/product-image/file/large_2470194b-0c8e-4f4d-bd43-75965f7efed3.png,"
CVS®,Hot Pockets Hot Pocket Pepperoni Pizza Crispy Crust,$3.99,,,2 x 4.5 oz,[],,"https://www.instacart.com/image-server/197x197/filters:fill(FFF,true):format(jpg)/d2lnr5mha7bycj.cloudfront.net/product-image/file/large_d98cc05c-2105-484d-8461-c540da0e9194.jpg,"
CVS®,"SUPERPRETZEL SoftStix, Cheddar",$4.79,,,9 oz,[],,"https://www.instacart.com/image-server/197x197/filters:fill(FFF,true):format(jpg)/d2lnr5mha7bycj.cloudfront.net/product-image/file/large_43eada64-b4e6-4a28-95a2-c12738244be8.png,"
CVS®,SeaPak Beer Battered Cheese & Crab Poppers,$11.19,,,8 x 11 oz,[],,"https://www.instacart.com/image-server/197x197/filters:fill(FFF,true):format(jpg)/d2lnr5mha7bycj.cloudfront.net/product-image/file/large_60221647-52d8-46e9-8520-d9181d3efdbc.png,"
CVS®,SUPERPRETZEL Original Soft Pretzels,$4.79,,,6 ct,[],Many in stock,"https://www.instacart.com/image-server/197x197/filters:fill(FFF,true):format(jpg)/d2lnr5mha7bycj.cloudfront.net/product-image/file/large_be83a6e2-47bf-4366-8b0b-85117292032e.png,"
CVS®,Bagel Bites Cheese & Pepperoni Mini Pizza Bagel Frozen Food Snacks,$3.69,,9 ct,"Spend $22, save $5",[],,"https://www.instacart.com/image-server/197x197/filters:fill(FFF,true):format(jpg)/d2lnr5mha7bycj.cloudfront.net/product-image/file/large_6dc0779e-bae3-4fc0-b725-b5c9c42564d5.jpg,"
CVS®,Ore-Ida Extra Crispy Fast Food French Fries Fried Food Snacks Frozen Potatoes,$5.59,,,26 oz,"['Vegan', 'Gluten-Free']",,"https://www.instacart.com/image-server/197x197/filters:fill(FFF,true):format(jpg)/d2lnr5mha7bycj.cloudfront.net/product-image/file/large_279caefe-d445-4a0c-a23d-6f815986a9fd.jpg,"
CVS®,"Alexia Fries, Seasoned, Waffle Cut",$6.69,,,20 oz,['Vegan'],,"https://www.instacart.com/image-server/197x197/filters:fill(FFF,true):format(jpg)/d2lnr5mha7bycj.cloudfront.net/product-image/file/large_acd3dc5f-d74c-4762-af6d-6e4cffa2459c.png,"
CVS®,TGI Fridays Cream Cheese Stuffed Jalapeno Poppers Frozen Snacks,$6.69,,,8 oz,[],Many in stock,"https://www.instacart.com/image-server/197x197/filters:fill(FFF,true):format(jpg)/d2lnr5mha7bycj.cloudfront.net/product-image/file/large_23b8d4d9-2051-467a-ae13-af485751b977.jpg,"
CVS®,Ore-Ida Zesty Curly Seasoned French Fries Fried Food Snacks Frozen Potatoes,$5.59,,,28 oz,['Gluten-Free'],,"https://www.instacart.com/image-server/197x197/filters:fill(FFF,true):format(jpg)/d2lnr5mha7bycj.cloudfront.net/product-image/file/large_0dd35412-a394-4b23-9d6f-2423982a2b3d.jpg,"
CVS®,Alexia Crispy Onion Rings,$6.69,,,13.5 oz,[],,"https://www.instacart.com/image-server/197x197/filters:fill(FFF,true):format(jpg)/d2lnr5mha7bycj.cloudfront.net/product-image/file/large_e518d1f7-dd7a-4180-bb17-9860755d6a62.png,"
CVS®,Bibigo Mini Wontons Pork & Vegetable Dumplings,$8.99,,,24 oz,[],,"https://www.instacart.com/image-server/197x197/filters:fill(FFF,true):format(jpg)/d2lnr5mha7bycj.cloudfront.net/product-image/file/large_76a6e322-895b-427f-bc08-988b703b778b.jpg,"
CVS®,"Alexia Fries, Seasoned, Sweet Potato, Waffle Cut",$6.99,,,20 oz,[],,"https://www.instacart.com/image-server/197x197/filters:fill(FFF,true):format(jpg)/d2lnr5mha7bycj.cloudfront.net/product-image/file/large_ea9c505b-31ed-47a2-8251-f02665cf4d33.png,"
CVS®,Hot Pockets Hot Pocket Pepperoni Pizza,$16.99,,,12 ct,[],,"https://www.instacart.com/image-server/197x197/filters:fill(FFF,true):format(jpg)/d2lnr5mha7bycj.cloudfront.net/product-image/file/large_fdaa0239-b12b-4b1e-9e6d-f7c2b12b368c.jpg,"
CVS®,"Nasoya Egg Roll Wraps, Vegan",$4.79,,,1 lb,['Vegan'],,"https://www.instacart.com/image-server/197x197/filters:fill(FFF,true):format(jpg)/d2lnr5mha7bycj.cloudfront.net/product-image/file/large_d81c24e3-94a9-4337-8c84-56a980e89f5b.png,"
CVS®,Ore-Ida Golden Thick Cut Steak French Fries Fried Food Snacks Frozen Potatoes,$5.59,,,28 oz,"['Vegan', 'Gluten-Free']",,"https://www.instacart.com/image-server/197x197/filters:fill(FFF,true):format(jpg)/d2lnr5mha7bycj.cloudfront.net/product-image/file/large_80bec79b-08d9-4624-9f53-5a90125fcef2.jpg,"
CVS®,SeaPak Jumbo Butterfly Shrimp with Crispy Breading,$11.19,,,9 oz,[],,"https://www.instacart.com/image-server/197x197/filters:fill(FFF,true):format(jpg)/d2lnr5mha7bycj.cloudfront.net/product-image/file/large_a3a7f16f-bc80-445b-a279-464220c73e81.jpg,"
CVS®,"SeaPak Tempura Shrimp, Oven Crispy",$11.19,,,8.2 oz,[],,"https://www.instacart.com/image-server/197x197/filters:fill(FFF,true):format(jpg)/d2lnr5mha7bycj.cloudfront.net/product-image/file/large_3996db45-7764-4c15-bae7-6af9ea3563fb.png,"
CVS®,SeaPak Shrimp Spring Rolls with Sweet Chili Sauce,$13.99,,,18 oz,[],Many in stock,"https://www.instacart.com/image-server/197x197/filters:fill(FFF,true):format(jpg)/d2lnr5mha7bycj.cloudfront.net/product-image/file/large_4fa96f1c-f9c4-4ce6-bf20-a32944c18211.png,"
CVS®,SeaPak Calamari with Oven Crispy Breading and Tomato Romano Sauce,$11.19,,,12 oz,[],,"https://www.instacart.com/image-server/197x197/filters:fill(FFF,true):format(jpg)/d2lnr5mha7bycj.cloudfront.net/product-image/file/large_11ebbf1b-81d9-40cc-8342-a463ff35714d.jpg,"
CVS®,Ore-Ida Golden Crispy Crowns Seasoned Shredded Potatoes Frozen Food Snacks,$6.99,,,30 oz,['Gluten-Free'],,"https://www.instacart.com/image-server/197x197/filters:fill(FFF,true):format(jpg)/d2lnr5mha7bycj.cloudfront.net/product-image/file/large_f7d6df20-5f78-4bc6-8996-8ae9e375606b.jpg,"
CVS®,Ore-Ida Golden Crinkles French Fries Fried Food Snacks Frozen Potatoes,$5.59,,,32 oz,"['Vegan', 'Gluten-Free']",,"https://www.instacart.com/image-server/197x197/filters:fill(FFF,true):format(jpg)/d2lnr5mha7bycj.cloudfront.net/product-image/file/large_18a6a5d8-d283-4d91-b9b1-58bab7158d3d.jpg,"
CVS®,Ore-Ida Golden Shoestrings French Fries Frozen Potatoes Food Snacks,$5.59,,,28 oz,"['Vegan', 'Gluten-Free']",,"https://www.instacart.com/image-server/197x197/filters:fill(FFF,true):format(jpg)/d2lnr5mha7bycj.cloudfront.net/product-image/file/large_d58a9d45-bb32-4a6e-802c-487ea8e5edf1.jpg,"
CVS®,Mrs. T's Mini Pierogies 4 Cheese Medley,$3.99,,,12.84 oz,[],,"https://www.instacart.com/image-server/197x197/filters:fill(FFF,true):format(jpg)/d2lnr5mha7bycj.cloudfront.net/product-image/file/large_034562e2-a9b7-453e-8a79-4f6144839e14.jpg,"
CVS®,Ore-Ida Extra Crispy Crinkles French Fries Fried Food Snacks Frozen Potatoes,$5.59,,,26 oz,"['Vegan', 'Gluten-Free']",,"https://www.instacart.com/image-server/197x197/filters:fill(FFF,true):format(jpg)/d2lnr5mha7bycj.cloudfront.net/product-image/file/large_04d60c37-8871-4f43-ba09-ee4e24eff044.jpg,"
CVS®,"Alexia Fries, House Cut",$6.69,,,1.75 lb,['Vegan'],,"https://www.instacart.com/image-server/197x197/filters:fill(FFF,true):format(jpg)/d2lnr5mha7bycj.cloudfront.net/product-image/file/large_db1d4f87-890d-4360-835a-dc28d25bfeaf.png,"
CVS®,Ore-Ida Mini Tater Tots Seasoned Shredded Potatoes Frozen Food Snacks,$6.99,,,28 oz,['Gluten-Free'],,"https://www.instacart.com/image-server/197x197/filters:fill(FFF,true):format(jpg)/d2lnr5mha7bycj.cloudfront.net/product-image/file/large_3ccb3ca0-10d9-49a0-9e1d-986b4c685e39.jpg,"
CVS®,"Giant Eagle Mexican Style 4 Cheese Blend Of Monterey Jack, Cheddar, Asadero & Queso Quesadilla Shredded Cheeses",$2.99,,,8 oz,['Keto'],Many in stock,"https://www.instacart.com/image-server/197x197/filters:fill(FFF,true):format(jpg)/d2lnr5mha7bycj.cloudfront.net/product-image/file/large_fda4c49b-7ffc-477a-a65f-eb31d13c620c.png,"
CVS®,Kraft American Cheese Slices,$5.99,,,24 ct,[],Many in stock,"https://www.instacart.com/image-server/197x197/filters:fill(FFF,true):format(jpg)/d2lnr5mha7bycj.cloudfront.net/product-image/file/large_36ec0fbf-7494-460e-84e7-821776e7416d.jpg,"
CVS®,Kraft Natural Cheese Shredded Mexican Style Four Cheese,$11.99,,,24 oz,"['Cow Milk', 'Keto']",Many in stock,"https://www.instacart.com/image-server/197x197/filters:fill(FFF,true):format(jpg)/d2lnr5mha7bycj.cloudfront.net/product-image/file/large_243c3d84-429d-49c5-aca7-88ea57ea4eb8.jpg,"
CVS®,Kraft Singles American Cheese Slices,$4.99,,16 ct,"Spend $22, save $5",[],Many in stock,"https://www.instacart.com/image-server/197x197/filters:fill(FFF,true):format(jpg)/d2lnr5mha7bycj.cloudfront.net/product-image/file/large_06a81d43-dcb7-45eb-b3e6-4c091a8f89d2.jpg,"
CVS®,Kraft Mexican Style Four Cheese Blend Shredded Cheese,$3.99,,,8 oz,"['Cow Milk', 'Keto']",,"https://www.instacart.com/image-server/197x197/filters:fill(FFF,true):format(jpg)/d2lnr5mha7bycj.cloudfront.net/product-image/file/large_04f96b8e-1cc6-4054-bd61-5462a88c1bed.jpg,"
CVS®,Sargento Sliced Colby-Jack Natural Cheese,$3.99,,,11 x 1.47 oz,['Keto'],Many in stock,"https://www.instacart.com/image-server/197x197/filters:fill(FFF,true):format(jpg)/d2lnr5mha7bycj.cloudfront.net/product-image/file/large_762ed436-ced9-4eee-90e7-411d9ae83834.jpg,"
CVS®,Kraft Shredded Mozzarella Cheese,$11.99,,,24 oz,"['Cow Milk', 'Keto']",Many in stock,"https://www.instacart.com/image-server/197x197/filters:fill(FFF,true):format(jpg)/d2lnr5mha7bycj.cloudfront.net/product-image/file/large_ca49122b-e805-4f29-b0fe-ba72fa83ea1f.jpg,"
CVS®,Sargento Natural String Cheese Snacks,$5.99,,,12 ct,['Keto'],Many in stock,"https://www.instacart.com/image-server/197x197/filters:fill(FFF,true):format(jpg)/d2lnr5mha7bycj.cloudfront.net/product-image/file/large_a04b5b2b-a149-48b4-b6fc-c771a906b7d4.jpg,"
CVS®,Giant Eagle 4% Small Curd Cottage Cheese,$3.99,,,24 oz,[],Many in stock,"https://www.instacart.com/image-server/197x197/filters:fill(FFF,true):format(jpg)/d2lnr5mha7bycj.cloudfront.net/product-image/file/large_456152fa-b002-4e36-abe0-65a50e4e81c1.png,"
CVS®,Giant Eagle Parmesan Grated Cheese,$2.99,,,8 oz,['Keto'],,"https://www.instacart.com/image-server/197x197/filters:fill(FFF,true):format(jpg)/d2lnr5mha7bycj.cloudfront.net/product-image/file/large_fb87601c-cff5-4429-878c-a326cfc42f22.png,"
CVS®,Kraft Mild Cheddar Finely Shredded Cheese,$3.99,,,8 oz,"['Cow Milk', 'Keto']",,"https://www.instacart.com/image-server/197x197/filters:fill(FFF,true):format(jpg)/d2lnr5mha7bycj.cloudfront.net/product-image/file/large_eddbec82-cccc-4daa-be27-ead9b84a7c6d.jpg,"
CVS®,Giant Eagle Mozzarella Shredded A Classic Italian Style Cheese,$2.99,,,8 oz,[],Many in stock,"https://www.instacart.com/image-server/197x197/filters:fill(FFF,true):format(jpg)/d2lnr5mha7bycj.cloudfront.net/product-image/file/large_fb467371-6a6a-4e47-a0a4-c8199773d6c1.png,"
CVS®,"good culture Cottage Cheese, Low-Fat, Classic",$4.79,,,16 oz,"['Cow Milk', 'Grass-Fed']",Many in stock,"https://www.instacart.com/image-server/197x197/filters:fill(FFF,true):format(jpg)/d2lnr5mha7bycj.cloudfront.net/product-image/file/large_7d3d2887-ead2-4318-84a5-c406bf1b4390.png,"
CVS®,Sargento Sliced Provolone Natural Cheese with Natural Smoke Flavor,$3.99,,,8 oz,['Keto'],Many in stock,"https://www.instacart.com/image-server/197x197/filters:fill(FFF,true):format(jpg)/d2lnr5mha7bycj.cloudfront.net/product-image/file/large_030e4f5a-a411-4085-ad44-63005f4bd530.jpg,"
CVS®,Giant Eagle Ricotta Cheese,$3.79,,,24 oz,[],Many in stock,"https://www.instacart.com/image-server/197x197/filters:fill(FFF,true):format(jpg)/d2lnr5mha7bycj.cloudfront.net/product-image/file/large_303da72b-719a-46ba-9daf-b262298e9c99.png,"
CVS®,"Cracker Barrel Rich & Bold Vermont Sharp White Cheddar & Gouda Cheese Cubes, oz Bag",$4.49,,,6 oz,['Keto'],Many in stock,"https://www.instacart.com/image-server/197x197/filters:fill(FFF,true):format(jpg)/d2lnr5mha7bycj.cloudfront.net/product-image/file/large_4d6c96c1-f2c1-4156-838d-d58f1b004cdc.jpg,"
CVS®,Sargento Sliced Sharp Natural Cheddar Cheese,$3.99,,,11 x 8 oz,['Keto'],Many in stock,"https://www.instacart.com/image-server/197x197/filters:fill(FFF,true):format(jpg)/d2lnr5mha7bycj.cloudfront.net/product-image/file/large_d848d0f1-69a0-4690-a98e-0922ce84d08a.jpg,"
CVS®,"Kraft Sharp Cheddar Shredded Cheese, oz Bag",$3.99,,,8 oz,"['Cow Milk', 'Keto']",,"https://www.instacart.com/image-server/197x197/filters:fill(FFF,true):format(jpg)/d2lnr5mha7bycj.cloudfront.net/product-image/file/large_d5a66a21-317f-4d7e-b8bb-e5df0b89713a.jpg,"
CVS®,Giant Eagle Fancy Shredded,$2.99,,,8 oz,['Keto'],,"https://www.instacart.com/image-server/197x197/filters:fill(FFF,true):format(jpg)/d2lnr5mha7bycj.cloudfront.net/product-image/file/large_ec21e385-59cd-4ad2-b965-931839cd25c7.png,"
CVS®,"Kraft Colby Jack Finely Shredded Cheese, oz Bag",$3.99,,,8 oz,"['Cow Milk', 'Keto']",,"https://www.instacart.com/image-server/197x197/filters:fill(FFF,true):format(jpg)/d2lnr5mha7bycj.cloudfront.net/product-image/file/large_02437b55-eb21-438f-9d3d-9b7d45462317.jpg,"
CVS®,Giant Eagle Sliced Provolone Cheese,$2.99,,,8 oz,['Keto'],,"https://www.instacart.com/image-server/197x197/filters:fill(FFF,true):format(jpg)/d2lnr5mha7bycj.cloudfront.net/product-image/file/large_84d248f5-abc1-4994-983d-be2645a3ed6a.png,"
CVS®,Giant Eagle Fancy Shredded Colby Jack Cheese,$2.99,,,8 oz,['Keto'],,"https://www.instacart.com/image-server/197x197/filters:fill(FFF,true):format(jpg)/d2lnr5mha7bycj.cloudfront.net/product-image/file/large_e5abd54e-bd86-41cd-87da-156d06889745.png,"
CVS®,Giant Eagle Thin Sliced Colby Jack Cheese,$2.99,,,7.6 oz,['Keto'],,"https://www.instacart.com/image-server/197x197/filters:fill(FFF,true):format(jpg)/d2lnr5mha7bycj.cloudfront.net/product-image/file/large_99db0e49-41a0-4cfa-913a-253fdd5bcf56.png,"
CVS®,Babybel Original Mini Cheese,$4.99,,,6 each,['Keto'],Many in stock,"https://www.instacart.com/image-server/197x197/filters:fill(FFF,true):format(jpg)/d2lnr5mha7bycj.cloudfront.net/product-image/file/large_c78eb036-632d-4c33-ac07-6cf867dff8a7.png,"
CVS®,Kraft Mozzarella Shredded Cheese with a Touch of Philadelphia for a Creamy Melt,$3.99,,,8 oz,['Keto'],Many in stock,"https://www.instacart.com/image-server/197x197/filters:fill(FFF,true):format(jpg)/d2lnr5mha7bycj.cloudfront.net/product-image/file/large_ed1c4bf7-290f-42cc-b40d-487480c4e864.jpg,"
CVS®,"Kraft Mozzarella Shredded Cheese, oz Bag",$3.99,,,8 oz,"['Cow Milk', 'Keto']",Many in stock,"https://www.instacart.com/image-server/197x197/filters:fill(FFF,true):format(jpg)/d2lnr5mha7bycj.cloudfront.net/product-image/file/large_e6da8141-71b4-457a-a0ee-5748bc36b111.jpg,"
CVS®,Giant Eagle Parmesan Finely Shredded Cheese,$2.99,,,6 oz,[],,"https://www.instacart.com/image-server/197x197/filters:fill(FFF,true):format(jpg)/d2lnr5mha7bycj.cloudfront.net/product-image/file/large_eee9648f-79f9-4dfc-8119-96a79cce51ff.png,"
CVS®,Kraft Sharp Cheddar Finely Shredded Cheese,$3.99,,,8 oz,"['Cow Milk', 'Keto']",,"https://www.instacart.com/image-server/197x197/filters:fill(FFF,true):format(jpg)/d2lnr5mha7bycj.cloudfront.net/product-image/file/large_7f34b85f-6e77-464a-9677-bb280cae9485.jpg,"
CVS®,Giant Eagle Colby Jack Cheese,$2.79,,,8 oz,['Keto'],Many in stock,"https://www.instacart.com/image-server/197x197/filters:fill(FFF,true):format(jpg)/d2lnr5mha7bycj.cloudfront.net/product-image/file/large_9bcd77ee-d347-4356-83ab-fc7e652e3e98.png,"
CVS®,Giant Eagle Shredded Sharp Cheddar Cheese,$8.99,,,32 oz,[],Many in stock,"https://www.instacart.com/image-server/197x197/filters:fill(FFF,true):format(jpg)/d2lnr5mha7bycj.cloudfront.net/product-image/file/large_4fbf3e16-d06f-47ca-bd4b-4503a7c5f8e6.png,"
CVS®,Giant Eagle Mozzarella Low-moisture Part-skim Cheese,$2.79,,,8 oz,['Keto'],Many in stock,"https://www.instacart.com/image-server/197x197/filters:fill(FFF,true):format(jpg)/d2lnr5mha7bycj.cloudfront.net/product-image/file/large_d540811d-1f99-4841-b624-58684aec48b0.png,"
CVS®,Kraft Cheddar Fat Free Shredded Cheese,$3.99,,,7 oz,['Cow Milk'],Many in stock,"https://www.instacart.com/image-server/197x197/filters:fill(FFF,true):format(jpg)/d2lnr5mha7bycj.cloudfront.net/product-image/file/large_a28b7e00-0fad-4be8-974d-a42cd767e08b.jpg,"
CVS®,Giant Eagle Ricotta Cheese,$2.99,,,15 oz,[],Many in stock,"https://www.instacart.com/image-server/197x197/filters:fill(FFF,true):format(jpg)/d2lnr5mha7bycj.cloudfront.net/product-image/file/large_e52ab314-d462-40f3-b733-e73eab721050.png,"
CVS®,Kraft Parmesan Finely Shredded Cheese,$3.99,,,6 oz,['Keto'],Many in stock,"https://www.instacart.com/image-server/197x197/filters:fill(FFF,true):format(jpg)/d2lnr5mha7bycj.cloudfront.net/product-image/file/large_4ff389ff-d38e-4247-8548-050c0521a8d1.jpg,"
CVS®,"Frigo String Cheese, Original, 36 Pack",$16.99,,,36 ct,['Keto'],,"https://www.instacart.com/image-server/197x197/filters:fill(FFF,true):format(jpg)/d2lnr5mha7bycj.cloudfront.net/product-image/file/large_ef23ff84-e340-4ab3-88d4-e01482282d55.png,"
CVS®,Kraft Triple Cheddar Finely Shredded Cheese,$3.99,,,8 oz,"['Cow Milk', 'Keto']",,"https://www.instacart.com/image-server/197x197/filters:fill(FFF,true):format(jpg)/d2lnr5mha7bycj.cloudfront.net/product-image/file/large_c3489762-a5e3-42d2-82c8-8f2645d76f29.jpg,"
CVS®,"Giant Eagle Cheddar Cheese, Sharp",$2.79,,,8 oz,['Keto'],Many in stock,"https://www.instacart.com/image-server/197x197/filters:fill(FFF,true):format(jpg)/d2lnr5mha7bycj.cloudfront.net/product-image/file/large_7817fe19-6c86-4a8d-88ad-a227265de1cc.png,"
CVS®,Giant Eagle Mozzarella Low-moisture Part-skim Shredded Cheese,$2.99,,,8 oz,[],,"https://www.instacart.com/image-server/197x197/filters:fill(FFF,true):format(jpg)/d2lnr5mha7bycj.cloudfront.net/product-image/file/large_c08618d9-016b-4e99-a374-4d43e2122109.png,"
CVS®,Giant Eagle Sliced Swiss Cheese,$2.99,,,8 oz,[],,"https://www.instacart.com/image-server/197x197/filters:fill(FFF,true):format(jpg)/d2lnr5mha7bycj.cloudfront.net/product-image/file/large_7615cc1c-53a6-41e9-adbe-bead078103e6.png,"
CVS®,Athenos Traditional Crumbled Feta Cheese,$6.69,,,6 oz,[],,"https://www.instacart.com/image-server/197x197/filters:fill(FFF,true):format(jpg)/d2lnr5mha7bycj.cloudfront.net/product-image/file/large_84bade20-3215-431a-889c-d07ac777fea4.jpg,"
CVS®,Sargento Pepper Jack Slices,$3.99,,,10 x 7.5 oz,['Keto'],Many in stock,"https://www.instacart.com/image-server/197x197/filters:fill(FFF,true):format(jpg)/d2lnr5mha7bycj.cloudfront.net/product-image/file/large_30db41ab-dee0-41c3-8b27-6995399774a5.jpg,"
CVS®,Giant Eagle Pepper Jack Cheese,$2.79,,,8 oz,['Keto'],Many in stock,"https://www.instacart.com/image-server/197x197/filters:fill(FFF,true):format(jpg)/d2lnr5mha7bycj.cloudfront.net/product-image/file/large_8ee28204-4bd1-4718-b753-305cc23b24c1.png,"
CVS®,"Kraft String Cheese Mzarella Cheese Snacks, ct Sticks",$8.99,,,24 oz,['Keto'],,"https://www.instacart.com/image-server/197x197/filters:fill(FFF,true):format(jpg)/d2lnr5mha7bycj.cloudfront.net/product-image/file/large_5352144d-6e9e-46f8-b358-6d8caa776cc1.jpg,"
CVS®,"Kraft Parmesan Grated Cheese, oz Shaker",$4.99,,,8 oz,['Keto'],Many in stock,"https://www.instacart.com/image-server/197x197/filters:fill(FFF,true):format(jpg)/d2lnr5mha7bycj.cloudfront.net/product-image/file/large_4ab07a40-e5ec-42b0-ade1-9828db85d072.jpg,"
CVS®,"Kraft Mild Cheddar Shredded Cheese, oz Bag",$3.99,,,8 oz,"['Cow Milk', 'Keto']",Many in stock,"https://www.instacart.com/image-server/197x197/filters:fill(FFF,true):format(jpg)/d2lnr5mha7bycj.cloudfront.net/product-image/file/large_49c53044-3e34-41c6-af2f-562a4b6cca51.jpg,"
CVS®,Kraft Mozzarella Fat Free Shredded Cheese,$3.99,,,7 oz,['Cow Milk'],Many in stock,"https://www.instacart.com/image-server/197x197/filters:fill(FFF,true):format(jpg)/d2lnr5mha7bycj.cloudfront.net/product-image/file/large_ebec3e02-6a24-450e-b96f-b18fea8a6efc.jpg,"
CVS®,Kraft Italian Five Cheese Blend Shredded Cheese,$3.99,,,8 oz,['Keto'],Many in stock,"https://www.instacart.com/image-server/197x197/filters:fill(FFF,true):format(jpg)/d2lnr5mha7bycj.cloudfront.net/product-image/file/large_3b23a367-12e4-4bc3-bbd5-aa4fcee494b1.jpg,"
CVS®,Kraft Deliciously Paired Cheddar & Asadero Shredded Cheese with Taco Seasoning for Tac,$3.99,,,8 oz,[],Many in stock,"https://www.instacart.com/image-server/197x197/filters:fill(FFF,true):format(jpg)/d2lnr5mha7bycj.cloudfront.net/product-image/file/large_5b4ffd15-28a8-4a2d-881d-2e834a6e73d0.jpg,"
CVS®,"Land O Lakes Cheese, Co-Jack",$3.99,,,8 oz,['Keto'],,"https://www.instacart.com/image-server/197x197/filters:fill(FFF,true):format(jpg)/d2lnr5mha7bycj.cloudfront.net/product-image/file/large_a1f10d36-85d2-4d4a-b72f-dd24297a7b0c.png,"
CVS®,Land O Lakes Sharp Cheddar Cheese,$3.99,,,8 oz,['Keto'],Many in stock,"https://www.instacart.com/image-server/197x197/filters:fill(FFF,true):format(jpg)/d2lnr5mha7bycj.cloudfront.net/product-image/file/large_bdfb6e0b-7ce4-4bad-8fdd-dd56006b173c.png,"
CVS®,Land O Lakes Yellow Deli American Cheese Product,$6.69,,,8 oz,['Keto'],,"https://www.instacart.com/image-server/197x197/filters:fill(FFF,true):format(jpg)/d2lnr5mha7bycj.cloudfront.net/product-image/file/large_ec6fb389-61a4-480a-a47f-3a9fe07a41a4.png,"
CVS®,Kraft Mozzarella Shredded Cheese with Whole Milk,$3.99,,,8 oz,['Keto'],,"https://www.instacart.com/image-server/197x197/filters:fill(FFF,true):format(jpg)/d2lnr5mha7bycj.cloudfront.net/product-image/file/large_c3b7dff1-7845-40a6-a716-3b065b3f85c4.jpg,"
CVS®,Land O Lakes Sharp White Cheddar Cheese,$3.99,,,8 oz,['Keto'],,"https://www.instacart.com/image-server/197x197/filters:fill(FFF,true):format(jpg)/d2lnr5mha7bycj.cloudfront.net/product-image/file/large_36c4c72d-1b91-403f-946c-a8cf8ac6c79d.png,"
CVS®,"Land O Lakes Cheese, Cheddar, Extra Sharp",$3.99,,,8 oz,['Keto'],Many in stock,"https://www.instacart.com/image-server/197x197/filters:fill(FFF,true):format(jpg)/d2lnr5mha7bycj.cloudfront.net/product-image/file/large_316ff222-684d-4562-b23b-f1679f398a05.png,"
CVS®,"Kraft Deliciously Paired Mozzarella & Parmesan Shredded Cheese for Pizza, oz Bag",$3.99,,,8 oz,['Keto'],Many in stock,"https://www.instacart.com/image-server/197x197/filters:fill(FFF,true):format(jpg)/d2lnr5mha7bycj.cloudfront.net/product-image/file/large_f907cd64-20b6-4f89-b172-95aeac9e1a35.jpg,"
CVS®,Athenos Traditional Crumbled Feta Cheese,$11.99,,,12 oz,[],Many in stock,"https://www.instacart.com/image-server/197x197/filters:fill(FFF,true):format(jpg)/d2lnr5mha7bycj.cloudfront.net/product-image/file/large_1be916ef-8194-40cb-a84f-d945cdca4e3c.jpg,"
CVS®,Boursin Garlic & Herb Cheese Spread,$7.99,,,5.2 oz,['Keto'],,"https://www.instacart.com/image-server/197x197/filters:fill(FFF,true):format(jpg)/d2lnr5mha7bycj.cloudfront.net/product-image/file/large_c03a4f45-714f-40c8-b777-8c2524726ce9.png,"
CVS®,"Boursin Cheese, Gourmet, Basil & Chive, Spreadable",$7.99,,,5.3 oz,['Keto'],,"https://www.instacart.com/image-server/197x197/filters:fill(FFF,true):format(jpg)/d2lnr5mha7bycj.cloudfront.net/product-image/file/large_02e755e0-c33b-4a0f-afb1-83fa9518cc8f.png,"
CVS®,"Boursin Cheese, Gourmet, Caramelized Onion & Herbs, Spreadable",$7.99,,,5.3 oz,[],,"https://www.instacart.com/image-server/197x197/filters:fill(FFF,true):format(jpg)/d2lnr5mha7bycj.cloudfront.net/product-image/file/large_e8de30dd-4155-4257-9705-2a3a4943fc9d.png,"
CVS®,Athenos Traditional Feta Cheese Chunk,$8.99,,,8 oz,['Keto'],Many in stock,"https://www.instacart.com/image-server/197x197/filters:fill(FFF,true):format(jpg)/d2lnr5mha7bycj.cloudfront.net/product-image/file/large_6c3490eb-156a-43b8-ae01-b80900225062.jpg,"
CVS®,"Club Mini Crackers, Lunch Snacks, Snack Crackers, Parmesan Garlic",$4.99,,,11 oz,[],,"https://www.instacart.com/image-server/197x197/filters:fill(FFF,true):format(jpg)/d2lnr5mha7bycj.cloudfront.net/product-image/file/large_aeb28382-3728-426c-820d-6590dbe7615a.jpg,"
CVS®,"Sartori Cheese, BellaVitano, Merlot",$8.99,,,5.3 oz,"['Cow Milk', 'Keto']",,"https://www.instacart.com/image-server/197x197/filters:fill(FFF,true):format(jpg)/d2lnr5mha7bycj.cloudfront.net/product-image/file/large_3b4ebcca-44ca-4512-a7b3-723b31ac4174.png,"
CVS®,Minute Maid Berry Punch Flavored Fruit Juice,$2.39,,,59 fl oz,[],,"https://www.instacart.com/image-server/197x197/filters:fill(FFF,true):format(jpg)/d2lnr5mha7bycj.cloudfront.net/product-image/file/large_b33df5f8-8a04-42d9-97d0-f34ac77f953a.jpg,"
CVS®,SunnyD Orange Strawberry Juice Drink,$3.79,,,128 fl oz,[],,"https://www.instacart.com/image-server/197x197/filters:fill(FFF,true):format(jpg)/d2lnr5mha7bycj.cloudfront.net/product-image/file/large_80363d8c-5947-4f59-a750-52018427df88.jpg,"
CVS®,Minute Maid Tropical Punch Carton,$2.39,,,59 fl oz,[],Many in stock,"https://www.instacart.com/image-server/197x197/filters:fill(FFF,true):format(jpg)/d2lnr5mha7bycj.cloudfront.net/product-image/file/large_e24fd56a-3652-45ea-8e9a-ce4213f67026.jpg,"
CVS®,Milo's Lemonade,$3.99,,,128 fl oz,[],Many in stock,"https://www.instacart.com/image-server/197x197/filters:fill(FFF,true):format(jpg)/d2lnr5mha7bycj.cloudfront.net/product-image/file/large_1e0c17cc-c8d0-47b1-aec7-997842c1a340.png,"
CVS®,"Minute Maid Strawberry Lemonade, Fruit Drink",$2.39,,,59 fl oz,[],,"https://www.instacart.com/image-server/197x197/filters:fill(FFF,true):format(jpg)/d2lnr5mha7bycj.cloudfront.net/product-image/file/large_c240c04a-24f7-4756-8c2d-fd362536fdfb.jpg,"
CVS®,"Lemon Perfect Lemon Water, Zero Sugar, Coconut, Hydrating",$2.29,,,15.2 fl oz,"['Organic', 'Zero Sugar']",,"https://www.instacart.com/image-server/197x197/filters:fill(FFF,true):format(jpg)/d2lnr5mha7bycj.cloudfront.net/product-image/file/large_9a13cce3-4a41-45a6-bed8-cd854ab51b88.png,"
CVS®,Giant Eagle Apple 100% Juice from Concentrate,$2.59,,,64 fl oz,[],Many in stock,"https://www.instacart.com/image-server/197x197/filters:fill(FFF,true):format(jpg)/d2lnr5mha7bycj.cloudfront.net/product-image/file/large_00cc3df6-e7f1-48ed-bb02-23c9be3766de.png,"
CVS®,Giant Eagle 100% Orange Juice with Calcium,$3.99,,,64 fl oz,[],Many in stock,"https://www.instacart.com/image-server/197x197/filters:fill(FFF,true):format(jpg)/d2lnr5mha7bycj.cloudfront.net/product-image/file/large_a3c31643-3e76-4473-9036-6d186880724c.png,"
CVS®,"Tropicana Drink, Strawberry Peach Paradise",$3.39,,,52 fl oz,['No Sugar Added'],Many in stock,"https://www.instacart.com/image-server/197x197/filters:fill(FFF,true):format(jpg)/d2lnr5mha7bycj.cloudfront.net/product-image/file/large_a9948cca-91b5-4164-b669-74b0baaf097c.png,"
CVS®,Bolthouse Farms Superfood Immunity Boost,$8.99,,,52 fl oz,[],,"https://www.instacart.com/image-server/197x197/filters:fill(FFF,true):format(jpg)/d2lnr5mha7bycj.cloudfront.net/product-image/file/large_2f26938d-1a47-460c-b5fe-4e8b2e57267c.png,"
CVS®,Simply Lemonade,$4.99,,,89 fl oz • 4 options,[],Many in stock,"https://www.instacart.com/image-server/197x197/filters:fill(FFF,true):format(jpg)/d2lnr5mha7bycj.cloudfront.net/product-image/file/large_346d9830-f4ca-4507-89f1-718030310766.jpg,"
CVS®,"Tropicana Juice, Pineapple Mango Splash",$3.39,,,52 fl oz,[],Many in stock,"https://www.instacart.com/image-server/197x197/filters:fill(FFF,true):format(jpg)/d2lnr5mha7bycj.cloudfront.net/product-image/file/large_8db7e402-1a67-43a6-840b-746f6e1a7d67.png,"
CVS®,"Minute Maid Orange Juice Pulp Free, Fruit Juice Drink",$3.99,,,59 fl oz,[],,"https://www.instacart.com/image-server/197x197/filters:fill(FFF,true):format(jpg)/d2lnr5mha7bycj.cloudfront.net/product-image/file/large_c8a664c3-ecc0-44a6-9511-2b74dc715748.jpg,"
CVS®,Ocean Spray 100% Juice Cranberry Juice Blend,$6.99,,,3 L • 3 options,['No Sugar Added'],,"https://www.instacart.com/image-server/197x197/filters:fill(FFF,true):format(jpg)/d2lnr5mha7bycj.cloudfront.net/product-image/file/large_0b4c9b87-280c-41f3-8fdb-9f8af9462707.jpg,"
CVS®,"Simply Lemonade With Raspberry, All Natural Non-Gmo",$4.99,,,89 fl oz • 2 options,[],Many in stock,"https://www.instacart.com/image-server/197x197/filters:fill(FFF,true):format(jpg)/d2lnr5mha7bycj.cloudfront.net/product-image/file/large_1f987272-7de6-400a-a9a5-aaa875e53233.jpg,"
CVS®,"Simply Lemonade With Strawberry, All Natural Non-Gmo",$3.99,,,52 fl oz,[],Many in stock,"https://www.instacart.com/image-server/197x197/filters:fill(FFF,true):format(jpg)/d2lnr5mha7bycj.cloudfront.net/product-image/file/large_cd521a20-90e9-4df1-b647-4b5a25fd9d59.jpg,"
CVS®,"Tropicana 100% Juice, Orange, Original",$7.99,,,89 fl oz • 4 options,['No Sugar Added'],Many in stock,"https://www.instacart.com/image-server/197x197/filters:fill(FFF,true):format(jpg)/d2lnr5mha7bycj.cloudfront.net/product-image/file/large_26134ee4-262e-46d8-9460-e81517bbc755.png,"
CVS®,Welch's 100% Juice White Grape Peach,$5.99,,,64 fl oz,['No Sugar Added'],,"https://www.instacart.com/image-server/197x197/filters:fill(FFF,true):format(jpg)/d2lnr5mha7bycj.cloudfront.net/product-image/file/large_87d933c4-66f4-4247-9c6a-7a1b262368b6.jpg,"
CVS®,Kool-Aid Bursts Tropical Punch,$1.99,,,6 x 6.75 fl oz,[],Many in stock,"https://www.instacart.com/image-server/197x197/filters:fill(FFF,true):format(jpg)/d2lnr5mha7bycj.cloudfront.net/product-image/file/large_02fae320-8323-4217-92d6-bb274b30015f.jpg,"
CVS®,"Simply Limeade, Non-Gmo",$3.99,,,52 fl oz,[],Many in stock,"https://www.instacart.com/image-server/197x197/filters:fill(FFF,true):format(jpg)/d2lnr5mha7bycj.cloudfront.net/product-image/file/large_1af6ae08-c6b3-4d1c-87f7-371cced695a7.jpg,"
CVS®,Simply Orange Juice With Calcium,$4.99,,,52 fl oz • 3 options,[],Many in stock,"https://www.instacart.com/image-server/197x197/filters:fill(FFF,true):format(jpg)/d2lnr5mha7bycj.cloudfront.net/product-image/file/large_a3b400ca-16b7-4313-b122-cacb9d65145d.jpg,"
CVS®,Ocean Spray Cranberry Juice Cocktail,$5.99,,,3 L • 3 options,[],,"https://www.instacart.com/image-server/197x197/filters:fill(FFF,true):format(jpg)/d2lnr5mha7bycj.cloudfront.net/product-image/file/large_99d65916-2277-4067-a591-f3ab93e6fbcb.jpg,"
CVS®,Kool-Aid Blue Berry Blue Bursts,$1.99,,,6 x 6.75 fl oz,[],,"https://www.instacart.com/image-server/197x197/filters:fill(FFF,true):format(jpg)/d2lnr5mha7bycj.cloudfront.net/product-image/file/large_430e070c-7c57-456f-a520-e111a0acc956.jpg,"
CVS®,Ocean Spray White Cran-Strawberry Juice Drink,$3.99,,,64 fl oz,[],,"https://www.instacart.com/image-server/197x197/filters:fill(FFF,true):format(jpg)/d2lnr5mha7bycj.cloudfront.net/product-image/file/large_711b3ff4-71f5-4733-85d4-5ad23a9bf985.jpg,"
CVS®,V8 Peach Mango 100% Fruit and Vegetable Juice,$4.99,,,46 fl oz,['No Sugar Added'],,"https://www.instacart.com/image-server/197x197/filters:fill(FFF,true):format(jpg)/d2lnr5mha7bycj.cloudfront.net/product-image/file/large_e8d3b06e-0f58-4ff4-8f4c-f1a0fc231a3d.jpg,"
CVS®,Ocean Spray 100% Juice Cranberry Juice Blend,$6.29,,,6 x 10 fl oz • 3 options,['No Sugar Added'],,"https://www.instacart.com/image-server/197x197/filters:fill(FFF,true):format(jpg)/d2lnr5mha7bycj.cloudfront.net/product-image/file/large_cbf807ba-47b0-45c6-a176-526ecd3d875c.jpg,"
CVS®,V8 Acai Mixed Berry 100% Fruit and Vegetable Juice,$4.99,,,46 fl oz,['No Sugar Added'],Many in stock,"https://www.instacart.com/image-server/197x197/filters:fill(FFF,true):format(jpg)/d2lnr5mha7bycj.cloudfront.net/product-image/file/large_b65d0733-3e6c-470b-93d3-aa185b537700.jpg,"
CVS®,Simply Orange Pulp Free Juice Bottles,$4.99,,,4 x 8 fl oz • 4 options,[],Many in stock,"https://www.instacart.com/image-server/197x197/filters:fill(FFF,true):format(jpg)/d2lnr5mha7bycj.cloudfront.net/product-image/file/large_a4d7fac8-4ed6-496a-9f18-d7d4288854fe.png,"
CVS®,Mott's 100% Original Apple Juice,$3.99,,,6 x 8 fl oz • 4 options,['No Sugar Added'],Many in stock,"https://www.instacart.com/image-server/197x197/filters:fill(FFF,true):format(jpg)/d2lnr5mha7bycj.cloudfront.net/product-image/file/large_ca2d54c3-a6a0-4088-9ed7-12926aadb110.jpg,"
CVS®,Ocean Spray Cran-Grape Juice Drink,$5.99,,,3 L • 3 options,[],,"https://www.instacart.com/image-server/197x197/filters:fill(FFF,true):format(jpg)/d2lnr5mha7bycj.cloudfront.net/product-image/file/large_bc2fe16c-9df1-410a-9039-a1faf3b09789.jpg,"
CVS®,"Simply Lemonade, All Natural Non-Gmo",$3.99,,,52 fl oz • 4 options,[],,"https://www.instacart.com/image-server/197x197/filters:fill(FFF,true):format(jpg)/d2lnr5mha7bycj.cloudfront.net/product-image/file/large_5e4b0302-ce91-4b53-800a-44843245f1ac.jpg,"
CVS®,SunnyD Tangy Original Orange Juice Drink,$2.29,,,64 fl oz,[],Many in stock,"https://www.instacart.com/image-server/197x197/filters:fill(FFF,true):format(jpg)/d2lnr5mha7bycj.cloudfront.net/product-image/file/large_c5574a72-bff4-4d6c-83fd-82629b5671bd.png,"
CVS®,V8 Strawberry Banana 100% Fruit and Vegetable Juice,$4.99,,,46 fl oz,['No Sugar Added'],,"https://www.instacart.com/image-server/197x197/filters:fill(FFF,true):format(jpg)/d2lnr5mha7bycj.cloudfront.net/product-image/file/large_b040aa3d-48a6-4934-b14f-9d501f622072.jpg,"
CVS®,Ocean Spray Diet Cranberry Juice Drink,$3.99,,,64 fl oz • 3 options,[],Many in stock,"https://www.instacart.com/image-server/197x197/filters:fill(FFF,true):format(jpg)/d2lnr5mha7bycj.cloudfront.net/product-image/file/large_cb032655-6987-49a9-92df-283c03942336.jpg,"
CVS®,SunnyD Tangy Original Orange Juice Drink,$3.79,,,1 gal,[],Many in stock,"https://www.instacart.com/image-server/197x197/filters:fill(FFF,true):format(jpg)/d2lnr5mha7bycj.cloudfront.net/product-image/file/large_532c8373-1152-4a65-9a82-bf9d77ea27b8.png,"
CVS®,Ocean Spray Cranberry Juice Cocktail,$3.99,,,64 fl oz • 3 options,[],,"https://www.instacart.com/image-server/197x197/filters:fill(FFF,true):format(jpg)/d2lnr5mha7bycj.cloudfront.net/product-image/file/large_504f027b-40a9-41a9-85cb-e91848e11145.jpg,"
CVS®,V8 Pomegranate Blueberry 100% Fruit and Vegetable Juice,$4.99,,,46 fl oz,['No Sugar Added'],Many in stock,"https://www.instacart.com/image-server/197x197/filters:fill(FFF,true):format(jpg)/d2lnr5mha7bycj.cloudfront.net/product-image/file/large_c8f89b15-eb35-458e-8866-e2e3a2681f59.jpg,"
CVS®,Bolthouse Farms Mango Cherry C-Boost®,$3.99,,,15.2 oz,[],,"https://www.instacart.com/image-server/197x197/filters:fill(FFF,true):format(jpg)/d2lnr5mha7bycj.cloudfront.net/product-image/file/large_8135cb3f-c07f-4a12-8ff7-8fdbf48c54a6.jpg,"
CVS®,Ocean Spray White Cran-Peach,$3.99,,,64 fl oz,[],,"https://www.instacart.com/image-server/197x197/filters:fill(FFF,true):format(jpg)/d2lnr5mha7bycj.cloudfront.net/product-image/file/large_46f90525-89c4-4d18-b34a-e4cacd76e890.jpg,"
CVS®,Simply Orange Pulp Free Orange Juice,$2.29,,,11.5 fl oz • 4 options,[],Many in stock,"https://www.instacart.com/image-server/197x197/filters:fill(FFF,true):format(jpg)/d2lnr5mha7bycj.cloudfront.net/product-image/file/large_77daecf3-5d9a-4bc5-963e-e60b3b069162.jpg,"
CVS®,Ocean Spray Cranberry Apple Juice Drink,$5.99,,,101.4 fl oz • 3 options,[],Many in stock,"https://www.instacart.com/image-server/197x197/filters:fill(FFF,true):format(jpg)/d2lnr5mha7bycj.cloudfront.net/product-image/file/large_4ee33c92-8f3d-4934-83e9-ea5468e952a3.jpg,"
CVS®,Simply Apple Juice,$4.99,,,52 fl oz,[],Many in stock,"https://www.instacart.com/image-server/197x197/filters:fill(FFF,true):format(jpg)/d2lnr5mha7bycj.cloudfront.net/product-image/file/large_69608735-ed60-4cd1-8797-32d69d70b4d5.jpg,"
CVS®,Ocean Spray 100% Juice Cranberry Juice Blend,$5.29,,,64 fl oz • 3 options,['No Sugar Added'],,"https://www.instacart.com/image-server/197x197/filters:fill(FFF,true):format(jpg)/d2lnr5mha7bycj.cloudfront.net/product-image/file/large_ed470d0c-c87d-4248-bbfc-a01a75328505.png,"
CVS®,POWERADE Fruit Punch Sports Drink,$5.99,,,12 oz,[],,"https://www.instacart.com/image-server/197x197/filters:fill(FFF,true):format(jpg)/d2lnr5mha7bycj.cloudfront.net/product-image/file/large_d0209c73-22e9-4b15-886f-550822147961.png,"
CVS®,Ocean Spray White Cranberry Juice Drink,$3.99,,,64 fl oz,[],Many in stock,"https://www.instacart.com/image-server/197x197/filters:fill(FFF,true):format(jpg)/d2lnr5mha7bycj.cloudfront.net/product-image/file/large_1587cf23-f4c5-4c9c-a822-5b65a417f0c7.jpg,"
CVS®,Simply Orange Juice With Pineapple,$4.99,,,52 fl oz,[],Many in stock,"https://www.instacart.com/image-server/197x197/filters:fill(FFF,true):format(jpg)/d2lnr5mha7bycj.cloudfront.net/product-image/file/large_0ddcb861-3b9a-4b5c-ba72-c23c79cb167d.jpg,"
CVS®,Kool-Aid Jammers Tropical Punch Flavored Kids 0% Juice Drink Pouches,$3.99,,10 x 6 fl oz,"Spend $22, save $5",[],,"https://www.instacart.com/image-server/197x197/filters:fill(FFF,true):format(jpg)/d2lnr5mha7bycj.cloudfront.net/product-image/file/large_19576617-e2c4-4771-9f7e-cd3dcf4491ba.jpg,"
CVS®,"Lemon Perfect Lemon Water, Zero Sugar, Blueberry, Hydrating",$2.29,,,15.2 fl oz,"['Organic', 'Zero Sugar']",,"https://www.instacart.com/image-server/197x197/filters:fill(FFF,true):format(jpg)/d2lnr5mha7bycj.cloudfront.net/product-image/file/large_5f86cc0f-ae2e-4b70-b77c-bd4c9aa54f89.png,"
CVS®,Suja Organic Citrus Immunity Cold-Pressed Juice 1,$4.29,,,12 fl oz,['Organic'],,"https://www.instacart.com/image-server/197x197/filters:fill(FFF,true):format(jpg)/d2lnr5mha7bycj.cloudfront.net/product-image/file/large_314e2b71-84b6-48c0-adf6-1b7e7eb8c00d.jpg,"
CVS®,Ocean Spray Cran-Pineapple Juice Drink,$3.99,,,64 fl oz,[],,"https://www.instacart.com/image-server/197x197/filters:fill(FFF,true):format(jpg)/d2lnr5mha7bycj.cloudfront.net/product-image/file/large_7f69131f-9e9f-4d5f-aae5-6e69caa323c3.jpg,"
CVS®,"Lemon Perfect Lemon Water, Zero Sugar, Dragon Fruit Mango, Hydrating",$2.29,,,15.2 fl oz,"['Organic', 'Zero Sugar']",,"https://www.instacart.com/image-server/197x197/filters:fill(FFF,true):format(jpg)/d2lnr5mha7bycj.cloudfront.net/product-image/file/large_0a7f50ff-0d72-4c63-a486-6424c87e3a8a.png,"
CVS®,Capri Sun Pacific Cooler Mixed Fruit Naturally Flavored Juice Drink Blend,$4.99,,10 x 6 fl oz,"Spend $22, save $5",[],Many in stock,"https://www.instacart.com/image-server/197x197/filters:fill(FFF,true):format(jpg)/d2lnr5mha7bycj.cloudfront.net/product-image/file/large_44f68667-0c05-4e62-9203-8a9c3fa64698.jpg,"
CVS®,Capri Sun Fruit Punch Naturally Flavored Kids Juice Blend Drink Pouches,$4.99,,10 x 6 fl oz • 2 options,"Spend $22, save $5",[],Many in stock,"https://www.instacart.com/image-server/197x197/filters:fill(FFF,true):format(jpg)/d2lnr5mha7bycj.cloudfront.net/product-image/file/large_b97191bb-c969-4276-9d4b-b9adae52aa2f.jpg,"
CVS®,"Tropicana 100% Juice, Orange, No Pulp",$4.99,,,52 fl oz • 2 options,[],Many in stock,"https://www.instacart.com/image-server/197x197/filters:fill(FFF,true):format(jpg)/d2lnr5mha7bycj.cloudfront.net/product-image/file/large_c6b9b178-2f4a-499e-9c30-5551ca77555a.png,"
CVS®,R.W. Knudsen Family Organic Cherry Juice,$9.99,,,32 fl oz,['Organic'],,"https://www.instacart.com/image-server/197x197/filters:fill(FFF,true):format(jpg)/d2lnr5mha7bycj.cloudfront.net/product-image/file/large_0e8175fc-3acb-4577-ae2e-1daf8364c355.png,"
CVS®,"Tropicana Orange Juice, Homestyle Some Pulp, Pure Premium",$7.99,,,89 fl oz • 2 options,[],Many in stock,"https://www.instacart.com/image-server/197x197/filters:fill(FFF,true):format(jpg)/d2lnr5mha7bycj.cloudfront.net/product-image/file/large_75c6d7b5-8ab5-4071-b856-361856172d21.png,"
CVS®,"Tropicana Orange Juice, Homestyle, Some Pulp",$4.99,,,52 fl oz • 2 options,[],,"https://www.instacart.com/image-server/197x197/filters:fill(FFF,true):format(jpg)/d2lnr5mha7bycj.cloudfront.net/product-image/file/large_25e6b24b-990d-4737-95c3-42789029b544.png,"
CVS®,Ocean Spray Cranberry Grape Juice Drink,$3.99,,,64 fl oz • 3 options,[],,"https://www.instacart.com/image-server/197x197/filters:fill(FFF,true):format(jpg)/d2lnr5mha7bycj.cloudfront.net/product-image/file/large_c9661e66-a960-4fc1-9217-70e02d4bf7d5.jpg,"
CVS®,Tropicana No Pulp with Calcium & Vitamin D 100% Orange Juice,$7.99,,,89 fl oz • 2 options,[],Many in stock,"https://www.instacart.com/image-server/197x197/filters:fill(FFF,true):format(jpg)/d2lnr5mha7bycj.cloudfront.net/product-image/file/large_d1be7e24-9817-4c1b-b4d5-066ea5d99372.png,"
CVS®,"Thomas Farms Organic Grass Fed Ground Beef, 93% Lean 7% Fat",$9.99,,,16 oz,"['Organic', 'Grass-Fed']",,"https://www.instacart.com/image-server/197x197/filters:fill(FFF,true):format(jpg)/d2lnr5mha7bycj.cloudfront.net/product-image/file/large_d9bde381-59eb-405b-b809-07759b7ba8cb.jpg,"
CVS®,Floral Just For You Bouquet,$11.99,,,1 each,[],,"https://www.instacart.com/image-server/197x197/filters:fill(FFF,true):format(jpg)/d2lnr5mha7bycj.cloudfront.net/product-image/file/large_20bc3e11-1124-46be-b579-5b26ed68f5df.png,"
CVS®,Charmin Ultra Strong Toilet Paper Mega Rolls,$10.59,,,6 ct,[],Many in stock,"https://www.instacart.com/image-server/197x197/filters:fill(FFF,true):format(jpg)/d2lnr5mha7bycj.cloudfront.net/product-image/file/large_c5b7cf19-b683-41d0-b300-6b4c6c658c7c.png,"
CVS®,"Starbucks Iced Coffee, Medium Roast, Black, Unsweetened",$6.99,,,48 fl oz,['Unsweetened'],Many in stock,"https://www.instacart.com/image-server/197x197/filters:fill(FFF,true):format(jpg)/d2lnr5mha7bycj.cloudfront.net/product-image/file/large_b02c3db3-10c6-4dc9-aa3e-da12767b085e.png,"
CVS®,"Dietz & Watson Applewood Smoked Bacon, Thick Sliced",$12.99,,,24 oz,[],,"https://www.instacart.com/image-server/197x197/filters:fill(FFF,true):format(jpg)/d2lnr5mha7bycj.cloudfront.net/product-image/file/large_eb5b4d24-3e55-47d4-bddc-aeb32e23e2e6.png,"
CVS®,"Eckrich Polska Kielbasa, Skinless",$4.99,,,14 oz,[],,"https://www.instacart.com/image-server/197x197/filters:fill(FFF,true):format(jpg)/d2lnr5mha7bycj.cloudfront.net/product-image/file/large_28e84383-4ee3-4ddc-a766-108ff917ef35.png,"
CVS®,"Dixie Paper Plates, 8.5 Inch Lunch/Dinner Plate (Design May Vary)",$7.99,,,90 ct,[],Many in stock,"https://www.instacart.com/image-server/197x197/filters:fill(FFF,true):format(jpg)/d2lnr5mha7bycj.cloudfront.net/product-image/file/large_d38f1412-1cbe-424b-8bb0-be8948442431.jpeg,"
CVS®,Dawn Ultra Dish Soap,$3.99,,,18 fl oz,[],,"https://www.instacart.com/image-server/197x197/filters:fill(FFF,true):format(jpg)/d2lnr5mha7bycj.cloudfront.net/product-image/file/large_8024d93b-4f27-4cbe-82a0-3bfb4cdb66b6.png,"
CVS®,"Dawn Platinum Powerwash Dish Spray, Dish Soap, Fresh Scent",$7.99,,,16 fl oz,[],Many in stock,"https://www.instacart.com/image-server/197x197/filters:fill(FFF,true):format(jpg)/d2lnr5mha7bycj.cloudfront.net/product-image/file/large_ce5d4575-d3f6-4433-bd71-24ee011f6a2e.png,"
CVS®,Sparkle Tear-A-Square® Double Rolls,$3.99,,,2 ct,[],Many in stock,"https://www.instacart.com/image-server/197x197/filters:fill(FFF,true):format(jpg)/d2lnr5mha7bycj.cloudfront.net/product-image/file/large_6f1830f3-8034-4786-913a-f088325ad1df.jpg,"
CVS®,Giant Eagle Hot Fried Chicken,$9.99,,,8 ct,[],,"https://www.instacart.com/image-server/197x197/filters:fill(FFF,true):format(jpg)/d2lnr5mha7bycj.cloudfront.net/product-image/file/large_6054135e-2ea8-4d7b-b5b6-effb9787c520.png,"
CVS®,Giant Eagle Farmed Skinless Chile Salmon,$16.99,/lb,,"/lb
reg. $16.99",[],,"https://www.instacart.com/image-server/197x197/filters:fill(FFF,true):format(jpg)/d2lnr5mha7bycj.cloudfront.net/product-image/file/large_d62ccdc3-5406-4c38-af46-bfa69b465313.png,"
CVS®,Reynolds Aluminum Foil,$5.99,,,75 sq ft,[],Many in stock,"https://www.instacart.com/image-server/197x197/filters:fill(FFF,true):format(jpg)/d2lnr5mha7bycj.cloudfront.net/product-image/file/large_62bb506f-ea18-4ce5-ba1d-cd0ada06875c.png,"
CVS®,"Dixie Paper Plates, 8.5 Inch Lunch/Dinner Plate (Design May Vary)",$3.99,,,48 ct,[],,"https://www.instacart.com/image-server/197x197/filters:fill(FFF,true):format(jpg)/d2lnr5mha7bycj.cloudfront.net/product-image/file/large_80e1485c-725c-4749-b52f-d378217e6e8c.jpeg,"
CVS®,"Angel Soft Toilet Paper, Mega Rolls",$7.99,,,8 ct,[],Many in stock,"https://www.instacart.com/image-server/197x197/filters:fill(FFF,true):format(jpg)/d2lnr5mha7bycj.cloudfront.net/product-image/file/large_2a5ca5c2-c450-42d7-b43a-4cc9a324b278.jpg,"
CVS®,Fresca Citrus Fridge Pack Soda,$9.99,,,12 x 12 fl oz • 2 options,"['Zero Calories', 'Zero Sugar']",,"https://www.instacart.com/image-server/197x197/filters:fill(FFF,true):format(jpg)/d2lnr5mha7bycj.cloudfront.net/product-image/file/large_d3b07ba8-42c1-4365-83a5-13995a1173fe.jpg,"
CVS®,Dietz & Watson Gourmet Lite Turkey Breast,$13.99,/lb,,$0.87/oz,[],Many in stock,"https://www.instacart.com/image-server/197x197/filters:fill(FFF,true):format(jpg)/d2lnr5mha7bycj.cloudfront.net/product-image/file/large_d78f8719-8af5-4594-8fcb-90cb1621cdfc.png,"
CVS®,"Kellogg’s Eggo Frozen French Toast Sticks, Frozen Breakfast, Breakfast Food, Cinnamon",$3.99,,,12.7 oz,[],Many in stock,"https://www.instacart.com/image-server/197x197/filters:fill(FFF,true):format(jpg)/d2lnr5mha7bycj.cloudfront.net/product-image/file/large_fa803b18-e516-4efc-9c69-347d1ea4d360.jpg,"
CVS®,Home City Ice Ice,$2.29,,,7 lb,[],Many in stock,"https://www.instacart.com/image-server/197x197/filters:fill(FFF,true):format(jpg)/d2lnr5mha7bycj.cloudfront.net/product-image/file/large_095cf481-2b9b-4011-84ca-04ca6771a16f.png,"
CVS®,"Milo's Sweet Tea, Famous",$4.29,,,1 gal,[],Many in stock,"https://www.instacart.com/image-server/197x197/filters:fill(FFF,true):format(jpg)/d2lnr5mha7bycj.cloudfront.net/product-image/file/large_00674546-cb73-4b0e-b4d3-c1da937fbb76.png,"
CVS®,Nature's Basket All Natural Boneless Chicken Tenders,$8.50,/pkg (est.),$7.99 / lb,About 1.06 lb / package,['Breast'],,"https://www.instacart.com/image-server/197x197/filters:fill(FFF,true):format(jpg)/d2lnr5mha7bycj.cloudfront.net/product-image/file/large_68844a2b-9887-4446-9c0c-9bc96fe36ac2.png,"
CVS®,Deer Park Natural Spring Water,$1.99,,,101.4 oz,[],,"https://www.instacart.com/image-server/197x197/filters:fill(FFF,true):format(jpg)/d2lnr5mha7bycj.cloudfront.net/product-image/file/large_9d8c3117-fd7b-4c1d-a1b5-affb04c47321.jpg,"
CVS®,Giant Eagle Medium Roast Donut Shop 100% Arabica Ground Coffee Single Serve Brew Cups,$5.99,,,12 oz,[],Many in stock,"https://www.instacart.com/image-server/197x197/filters:fill(FFF,true):format(jpg)/d2lnr5mha7bycj.cloudfront.net/product-image/file/large_241e266d-6e5c-4bf1-a336-9802e3fd2ccd.png,"
CVS®,"STōK Arabica-Based Blend Cold Brew Coffee, Black, Unsweetened, Medium Roast",$6.19,,,48 fl oz,['Unsweetened'],Many in stock,"https://www.instacart.com/image-server/197x197/filters:fill(FFF,true):format(jpg)/d2lnr5mha7bycj.cloudfront.net/product-image/file/large_bb543974-170c-4d9d-bb0f-6ca41d6b161d.jpg,"
CVS®,Pepsi Cola,$14.99,,,24 x 12 fl oz • 4 options,[],,"https://www.instacart.com/image-server/197x197/filters:fill(FFF,true):format(jpg)/d2lnr5mha7bycj.cloudfront.net/product-image/file/large_a623a2f6-ab6c-41f3-a4ad-e4b43863f315.png,"
CVS®,Pepsi Soda - Pack,$6.99,,,10 x 7.5 fl oz • 4 options,[],,"https://www.instacart.com/image-server/197x197/filters:fill(FFF,true):format(jpg)/d2lnr5mha7bycj.cloudfront.net/product-image/file/large_1b1f2555-a6df-42c8-bc7f-4872b5ffb88e.png,"
CVS®,Coffee mate Natural Bliss Sweet Cream Coffee Creamer,$6.69,,,32 oz,[],,"https://www.instacart.com/image-server/197x197/filters:fill(FFF,true):format(jpg)/d2lnr5mha7bycj.cloudfront.net/product-image/file/large_8493790e-c420-4720-b828-0602cf94b938.jpg,"
CVS®,"Pepsi Cola, 6 Pack",$6.99,,,6 x 16.9 fl oz • 5 options,[],Many in stock,"https://www.instacart.com/image-server/197x197/filters:fill(FFF,true):format(jpg)/d2lnr5mha7bycj.cloudfront.net/product-image/file/large_0e7db26c-cee4-404e-90c6-39f2c58b45e4.png,"
CVS®,"bubly Sparkling Water, Blackberry - Pack",$5.99,,,8 x 12 fl oz,"['Zero Calories', 'Zero Sugar']",,"https://www.instacart.com/image-server/197x197/filters:fill(FFF,true):format(jpg)/d2lnr5mha7bycj.cloudfront.net/product-image/file/large_3a4e8c2f-fa71-4093-b1ab-9e5ebbfcad72.png,"
CVS®,Red Baron Classic Crust Four Cheese Pizza,$7.99,,,21.06 oz,[],Many in stock,"https://www.instacart.com/image-server/197x197/filters:fill(FFF,true):format(jpg)/d2lnr5mha7bycj.cloudfront.net/product-image/file/large_2e583606-8f38-42ca-bd87-5823152d36ed.jpg,"
CVS®,Birds Eye Steamfresh Edamame Pod Frozen Vegetables,$2.99,,,10 oz,[],Many in stock,"https://www.instacart.com/image-server/197x197/filters:fill(FFF,true):format(jpg)/d2lnr5mha7bycj.cloudfront.net/product-image/file/large_e005ef19-0eeb-4705-9edb-2723900f4d7e.jpeg,"
CVS®,Deer Park Natural Spring Water,$7.99,,,24 x 16.9 fl oz,[],,"https://www.instacart.com/image-server/197x197/filters:fill(FFF,true):format(jpg)/d2lnr5mha7bycj.cloudfront.net/product-image/file/large_2458f8c4-83ff-4ec6-a9e1-19b0fa329a3a.jpg,"
CVS®,Oscar Mayer Center Cut Original Bacon,$9.99,,,12 oz,[],Many in stock,"https://www.instacart.com/image-server/197x197/filters:fill(FFF,true):format(jpg)/d2lnr5mha7bycj.cloudfront.net/product-image/file/large_756121a5-b51a-4d16-80a4-ad5f19d57fb3.jpg,"
CVS®,"Mountain Dew Soda, Citrus",$14.99,,,24 x 12 fl oz • 4 options,[],,"https://www.instacart.com/image-server/197x197/filters:fill(FFF,true):format(jpg)/d2lnr5mha7bycj.cloudfront.net/product-image/file/large_1e6fa02d-97b3-4aca-96e0-5e988c48aff2.png,"
CVS®,Thomas’ Everything Bagels,$5.99,,,6 ct,[],Many in stock,"https://www.instacart.com/image-server/197x197/filters:fill(FFF,true):format(jpg)/d2lnr5mha7bycj.cloudfront.net/product-image/file/large_c3e69b60-4d9c-44d1-a84b-9839f8e9073b.jpg,"
CVS®,"Angel Soft Toilet Paper, Mega Rolls",$14.99,,,16 ct,[],Many in stock,"https://www.instacart.com/image-server/197x197/filters:fill(FFF,true):format(jpg)/d2lnr5mha7bycj.cloudfront.net/product-image/file/large_d5102d6a-5f02-457c-8454-150dc71ee80e.jpg,"
CVS®,Oscar Mayer Original Fully Cooked Bacon,$6.69,,,2.52 oz,[],,"https://www.instacart.com/image-server/197x197/filters:fill(FFF,true):format(jpg)/d2lnr5mha7bycj.cloudfront.net/product-image/file/large_2d723c66-a76b-43c6-afd4-62a5a547f2e2.jpg,"
CVS®,Angel Soft Toilet Paper With Fresh Linen Scented Tube,$7.99,,,8 ct,[],Many in stock,"https://www.instacart.com/image-server/197x197/filters:fill(FFF,true):format(jpg)/d2lnr5mha7bycj.cloudfront.net/product-image/file/large_53d80cc8-e4c4-46fb-9faf-2117ffef9c98.jpg,"
CVS®,VELVEETA Shells & Cheese Original Microwavable Mac & Cheese Cups,$6.69,,,4 x 2.39 oz,[],Many in stock,"https://www.instacart.com/image-server/197x197/filters:fill(FFF,true):format(jpg)/d2lnr5mha7bycj.cloudfront.net/product-image/file/large_cd49430a-2be6-45bf-ad79-32787736f102.jpg,"
CVS®,"Kellogg’s Eggo Frozen Waffle Bites, Frozen Breakfast, Breakfast Food, Cinnamon Toast",$3.99,,,10.75 oz,[],,"https://www.instacart.com/image-server/197x197/filters:fill(FFF,true):format(jpg)/d2lnr5mha7bycj.cloudfront.net/product-image/file/large_3369e265-f8de-40fe-840f-3df395fe4305.jpg,"
CVS®,Giant Eagle Tomato Ketchup,$2.79,,,32 oz,[],Many in stock,"https://www.instacart.com/image-server/197x197/filters:fill(FFF,true):format(jpg)/d2lnr5mha7bycj.cloudfront.net/product-image/file/large_f3c72ad1-5027-41fe-9e5b-63dc386be5ad.png,"
CVS®,Hellmann's Real Mayonnaise Real Mayo Squeeze Bottle,$7.99,,,20 oz,[],Many in stock,"https://www.instacart.com/image-server/197x197/filters:fill(FFF,true):format(jpg)/d2lnr5mha7bycj.cloudfront.net/product-image/file/large_540f3e11-4766-4cce-b009-eda6fb9e4b34.png,"
CVS®,Kraft Zesty Italian Fat Free Salad Dressing,$3.99,,,16 fl oz,[],Many in stock,"https://www.instacart.com/image-server/197x197/filters:fill(FFF,true):format(jpg)/d2lnr5mha7bycj.cloudfront.net/product-image/file/large_cd80666b-a239-4bdf-8d6c-ebfdd3028fa1.jpg,"
CVS®,Heinz Tomato Ketchup,$3.99,,,14 oz,[],Many in stock,"https://www.instacart.com/image-server/197x197/filters:fill(FFF,true):format(jpg)/d2lnr5mha7bycj.cloudfront.net/product-image/file/large_cdb6cdca-06c2-4c25-9512-a8a868b1ecd6.jpg,"
CVS®,Giant Eagle Mayo Real Mayonnaise,$3.99,,,30 fl oz,[],Many in stock,"https://www.instacart.com/image-server/197x197/filters:fill(FFF,true):format(jpg)/d2lnr5mha7bycj.cloudfront.net/product-image/file/large_854faffe-0c8a-435a-9b24-e24d71f60864.png,"
CVS®,"Louisiana Brand Hot Sauce, Original",$3.59,,,12 fl oz,['Vegan'],Many in stock,"https://www.instacart.com/image-server/197x197/filters:fill(FFF,true):format(jpg)/d2lnr5mha7bycj.cloudfront.net/product-image/file/large_3e39d7ff-414a-43bd-9a30-04da5af5387a.png,"
CVS®,Kraft Classic Catalina Fat Free Salad Dressing,$3.99,,,16 fl oz,[],Many in stock,"https://www.instacart.com/image-server/197x197/filters:fill(FFF,true):format(jpg)/d2lnr5mha7bycj.cloudfront.net/product-image/file/large_cc8c64be-b226-49ba-8f49-4561f99637d8.jpg,"
CVS®,Frank's RedHot® Original Cayenne Pepper Hot Sauce,$5.59,,,12 oz,['Vegan'],Many in stock,"https://www.instacart.com/image-server/197x197/filters:fill(FFF,true):format(jpg)/d2lnr5mha7bycj.cloudfront.net/product-image/file/large_e8696c44-20cb-4b36-a06b-3d1c438699ba.jpg,"
CVS®,Giant Eagle Buttermilk Ranch Classic Dressing,$2.79,,,16 fl oz,[],,"https://www.instacart.com/image-server/197x197/filters:fill(FFF,true):format(jpg)/d2lnr5mha7bycj.cloudfront.net/product-image/file/large_d1c69fc5-ec5f-4415-b75b-fe98e35531e6.png,"
CVS®,Giant Eagle Worcestershire Sauce,$1.99,,,10 fl oz,['Gluten-Free'],,"https://www.instacart.com/image-server/197x197/filters:fill(FFF,true):format(jpg)/d2lnr5mha7bycj.cloudfront.net/product-image/file/large_965c5624-5c93-4974-b16f-b85895d47855.png,"
CVS®,Bertolli Alfredo Sauce,$6.69,,,16.9 oz,[],,"https://www.instacart.com/image-server/197x197/filters:fill(FFF,true):format(jpg)/d2lnr5mha7bycj.cloudfront.net/product-image/file/large_05997e7b-6a70-41e8-a36a-0332e065cf50.jpg,"
CVS®,Hidden Valley Original Ranch Salad Dressing & Topping,$3.99,,,8 fl oz,[],Many in stock,"https://www.instacart.com/image-server/197x197/filters:fill(FFF,true):format(jpg)/d2lnr5mha7bycj.cloudfront.net/product-image/file/large_df5a09a5-4247-45e2-ab6f-abb0f68a9a40.jpg,"
CVS®,Prego Roasted Garlic & Herb Pasta Sauce,$2.99,,,24 oz,['Gluten-Free'],,"https://www.instacart.com/image-server/197x197/filters:fill(FFF,true):format(jpg)/d2lnr5mha7bycj.cloudfront.net/product-image/file/large_9ea22a33-52db-4679-bbaa-e716b07f0526.jpg,"
CVS®,Cortland Valley Organic Sauerkraut,$3.99,,,,"['Vegan', 'Organic']",Many in stock,"https://www.instacart.com/image-server/197x197/filters:fill(FFF,true):format(jpg)/d2lnr5mha7bycj.cloudfront.net/product-image/file/large_963eff53-cd9c-4121-86fc-4fe922df5657.png,"
CVS®,French's® Classic Yellow Mustard,$2.69,,,8 oz,[],Many in stock,"https://www.instacart.com/image-server/197x197/filters:fill(FFF,true):format(jpg)/d2lnr5mha7bycj.cloudfront.net/product-image/file/large_54fc56be-006a-4879-94ae-7c5aa847da68.jpg,"
CVS®,Giant Eagle Yellow Mustard,$1.99,,,20 oz,['Vegan'],Many in stock,"https://www.instacart.com/image-server/197x197/filters:fill(FFF,true):format(jpg)/d2lnr5mha7bycj.cloudfront.net/product-image/file/large_61643f87-4367-4ea4-a2f5-1db244bb892a.png,"
CVS®,Red Onion,$2.27,each (est.),$2.99 / lb,About 0.76 lb each,['Vegan'],,"https://www.instacart.com/image-server/197x197/filters:fill(FFF,true):format(jpg)/d2lnr5mha7bycj.cloudfront.net/product-image/file/large_631bc424-29c5-4dda-a64d-de5ec3fa9a7e.png,"
CVS®,Wish-Bone Italian Salad Dressing,$2.99,,,15 oz,[],Many in stock,"https://www.instacart.com/image-server/197x197/filters:fill(FFF,true):format(jpg)/d2lnr5mha7bycj.cloudfront.net/product-image/file/large_140435e7-906a-4e76-b581-ba329a19166f.jpg,"
CVS®,Kraft Raspberry Vinaigrette Lite Salad Dressing,$3.99,,,16 fl oz,[],Many in stock,"https://www.instacart.com/image-server/197x197/filters:fill(FFF,true):format(jpg)/d2lnr5mha7bycj.cloudfront.net/product-image/file/large_fe880f47-7cbc-4a97-a836-7712b1d93312.jpg,"
CVS®,"Buffalo Wild Wings Sauce, Parmesan Garlic",$4.49,,,12 fl oz,[],,"https://www.instacart.com/image-server/197x197/filters:fill(FFF,true):format(jpg)/d2lnr5mha7bycj.cloudfront.net/product-image/file/large_274d42ab-706b-48aa-88a2-c3929ccf04e7.png,"
CVS®,Giant Eagle Sweet Gherkins,$2.99,,,16 fl oz,[],,"https://www.instacart.com/image-server/197x197/filters:fill(FFF,true):format(jpg)/d2lnr5mha7bycj.cloudfront.net/product-image/file/large_d39d3a36-a58d-43fc-abd3-8e866dc8da1d.png,"
CVS®,"Spice World Garlic, Minced",$8.69,,,32 oz,['Vegan'],,"https://www.instacart.com/image-server/197x197/filters:fill(FFF,true):format(jpg)/d2lnr5mha7bycj.cloudfront.net/product-image/file/large_e8c55959-a764-4396-8ea4-9050f2621f85.png,"
CVS®,Bertolli Four Cheese Alfredo Sauce,$6.69,,,16.9 oz,[],,"https://www.instacart.com/image-server/197x197/filters:fill(FFF,true):format(jpg)/d2lnr5mha7bycj.cloudfront.net/product-image/file/large_50b49bc7-cc27-47dc-bcc8-e8bbdfeb23bd.jpg,"
CVS®,Miracle Whip Dressing,$6.69,,,15 fl oz,[],Many in stock,"https://www.instacart.com/image-server/197x197/filters:fill(FFF,true):format(jpg)/d2lnr5mha7bycj.cloudfront.net/product-image/file/large_34b20ed8-df97-4fb8-8e5e-f31f7746f1ea.jpg,"
CVS®,Hellmann's Vegan Dressing and Spread Vegan,$5.99,,,11.5 fl oz,['Vegan'],,"https://www.instacart.com/image-server/197x197/filters:fill(FFF,true):format(jpg)/d2lnr5mha7bycj.cloudfront.net/product-image/file/large_eb69e38e-f44c-4725-8500-8e31b092742d.png,"
CVS®,Rao's Marinara Sauce,$9.99,,,24 oz,['Vegan'],,"https://www.instacart.com/image-server/197x197/filters:fill(FFF,true):format(jpg)/d2lnr5mha7bycj.cloudfront.net/product-image/file/large_88fc4430-a70a-42dd-a7c8-00ec18f4544a.jpg,"
CVS®,Classico Roasted Garlic & Tomato Spaghetti Pasta Sauce,$4.59,,,24 oz,"['Gluten-Free', 'Vegan']",Many in stock,"https://www.instacart.com/image-server/197x197/filters:fill(FFF,true):format(jpg)/d2lnr5mha7bycj.cloudfront.net/product-image/file/large_6a741d66-d7b1-4ad9-987a-da7a2c0d9648.jpg,"
CVS®,Ragu Classic Alfredo Sauce,$3.69,,,21.5 oz,[],Many in stock,"https://www.instacart.com/image-server/197x197/filters:fill(FFF,true):format(jpg)/d2lnr5mha7bycj.cloudfront.net/product-image/file/large_198ecf10-d6ae-4dda-b29d-aa7e3867c0aa.jpg,"
CVS®,"Olive Garden Italian Dressing, Signature",$4.99,,,16 fl oz,[],Many in stock,"https://www.instacart.com/image-server/197x197/filters:fill(FFF,true):format(jpg)/d2lnr5mha7bycj.cloudfront.net/product-image/file/large_63a0d510-b01d-4171-a1a4-1a2c360bf6f9.png,"
CVS®,Classico Tomato & Basil Pasta Sauce,$4.59,,,24 oz,[],Many in stock,"https://www.instacart.com/image-server/197x197/filters:fill(FFF,true):format(jpg)/d2lnr5mha7bycj.cloudfront.net/product-image/file/large_cf7e7f53-45c7-4fd8-b6c4-10b97b9dfde6.jpg,"
CVS®,Heinz Tomato Ketchup,$5.59,,,32 oz,[],Many in stock,"https://www.instacart.com/image-server/197x197/filters:fill(FFF,true):format(jpg)/d2lnr5mha7bycj.cloudfront.net/product-image/file/large_9353ca97-b2cf-4df1-b216-201b686a5f0b.jpg,"
CVS®,Ragu Classic Alfredo Sauce,$2.79,,,16 oz,[],Many in stock,"https://www.instacart.com/image-server/197x197/filters:fill(FFF,true):format(jpg)/d2lnr5mha7bycj.cloudfront.net/product-image/file/large_3ca0b882-2828-4264-a4c9-fa4047d4f5fd.jpg,"
CVS®,Classico Four Cheese Tomato Spaghetti Pasta Sauce,$4.59,,,24 oz,['Gluten-Free'],,"https://www.instacart.com/image-server/197x197/filters:fill(FFF,true):format(jpg)/d2lnr5mha7bycj.cloudfront.net/product-image/file/large_fb2a2c35-65c6-4a56-9275-bce5074e1c93.jpg,"
CVS®,Frank's RedHot® Original Cayenne Pepper Hot Wing Sauce,$3.69,,,5 fl oz,[],,"https://www.instacart.com/image-server/197x197/filters:fill(FFF,true):format(jpg)/d2lnr5mha7bycj.cloudfront.net/product-image/file/large_e043d1a2-02f6-4f5d-af60-056abeca5a3e.jpg,"
CVS®,Heinz Roasted Turkey Gravy,$2.99,,,12 oz,[],Many in stock,"https://www.instacart.com/image-server/197x197/filters:fill(FFF,true):format(jpg)/d2lnr5mha7bycj.cloudfront.net/product-image/file/large_c90f8679-440d-4809-9bd7-e2df1607dd25.jpg,"
CVS®,Maille Pickles Cornichons Original,$8.99,,,14 fl oz,[],Many in stock,"https://www.instacart.com/image-server/197x197/filters:fill(FFF,true):format(jpg)/d2lnr5mha7bycj.cloudfront.net/product-image/file/large_a23efb29-87cb-4020-947a-ed787f7851bb.png,"
CVS®,Heinz Savory Beef Gravy,$2.99,,,12 oz,[],Many in stock,"https://www.instacart.com/image-server/197x197/filters:fill(FFF,true):format(jpg)/d2lnr5mha7bycj.cloudfront.net/product-image/file/large_ec524808-9570-43de-9a3f-6709ba0d3b93.jpg,"
CVS®,Wish-Bone Fat Free Italian Salad Dressing,$2.99,,,15 oz,[],Many in stock,"https://www.instacart.com/image-server/197x197/filters:fill(FFF,true):format(jpg)/d2lnr5mha7bycj.cloudfront.net/product-image/file/large_e9c121a5-0449-496f-8043-a31a54e8242f.jpg,"
CVS®,"Tostitos Chunky Salsa, Medium",$4.59,,,15.5 oz,[],,"https://www.instacart.com/image-server/197x197/filters:fill(FFF,true):format(jpg)/d2lnr5mha7bycj.cloudfront.net/product-image/file/large_85b91009-69f1-4636-9de8-3c1dfec39bf6.png,"
CVS®,Maille Mustard Dijon Originale,$7.99,,,7.5 oz,['Vegan'],Many in stock,"https://www.instacart.com/image-server/197x197/filters:fill(FFF,true):format(jpg)/d2lnr5mha7bycj.cloudfront.net/product-image/file/large_9e5a3bf0-22c3-4f46-bf0f-478998ad3293.jpg,"
CVS®,Goya Minced Garlic,$3.99,,,4.5 oz,['Vegan'],,"https://www.instacart.com/image-server/197x197/filters:fill(FFF,true):format(jpg)/d2lnr5mha7bycj.cloudfront.net/product-image/file/large_8014f9f0-0f8a-45b3-a82b-862ec0037d27.jpg,"
CVS®,Vlasic Old Fashioned Sauerkraut,$3.59,,,32 oz,[],,"https://www.instacart.com/image-server/197x197/filters:fill(FFF,true):format(jpg)/d2lnr5mha7bycj.cloudfront.net/product-image/file/large_b753d910-22e4-4c8e-ba42-72e804009e1e.jpg,"
CVS®,Heinz 57 Sauce,$7.99,,,10 oz,[],,"https://www.instacart.com/image-server/197x197/filters:fill(FFF,true):format(jpg)/d2lnr5mha7bycj.cloudfront.net/product-image/file/large_b02e2114-82cc-42ff-a3ec-ce3a6a6bdc9c.jpg,"
CVS®,Lillie's Q Smoky Barbeque Sauce,$8.99,,,20 oz,['Gluten-Free'],,"https://www.instacart.com/image-server/197x197/filters:fill(FFF,true):format(jpg)/d2lnr5mha7bycj.cloudfront.net/product-image/file/large_85dd5afe-311e-435a-9732-0ca8b6ba3e09.png,"
CVS®,"Bookbinder's Cocktail Sauce, Seafood",$3.69,,,10.5 oz,[],,"https://www.instacart.com/image-server/197x197/filters:fill(FFF,true):format(jpg)/d2lnr5mha7bycj.cloudfront.net/product-image/file/large_cd090061-5275-4d6c-8772-7c6fef56d05f.png,"
CVS®,Hidden Valley Original Ranch Salad Dressing & Topping,$6.99,,,24 fl oz,[],Many in stock,"https://www.instacart.com/image-server/197x197/filters:fill(FFF,true):format(jpg)/d2lnr5mha7bycj.cloudfront.net/product-image/file/large_7837e04b-3fd8-42e3-adc4-ce0a7f9dfb1e.jpg,"
CVS®,Frank's RedHot® Buffalo Wings Hot Sauce,$5.59,,,12 fl oz,[],,"https://www.instacart.com/image-server/197x197/filters:fill(FFF,true):format(jpg)/d2lnr5mha7bycj.cloudfront.net/product-image/file/large_3ebb712f-0cc0-4140-b95e-177b0b8e1bed.jpg,"
CVS®,"Marzetti Veggie Dip Singles, Ranch, Snack Size",$5.59,,,6 x 1.5 oz,[],,"https://www.instacart.com/image-server/197x197/filters:fill(FFF,true):format(jpg)/d2lnr5mha7bycj.cloudfront.net/product-image/file/large_d8b3587a-f586-4223-a82d-1f277e7ef77e.png,"
CVS®,Chi-Chi's Thick & Chunky Salsa Medium,$2.99,,,16 oz,[],,"https://www.instacart.com/image-server/197x197/filters:fill(FFF,true):format(jpg)/d2lnr5mha7bycj.cloudfront.net/product-image/file/large_5e626587-996d-4e2c-ba0f-abc4d0653d9e.JPG,"
CVS®,Carbone Roasted Garlic Pasta Sauce,$9.99,,,24 oz,['Vegan'],,"https://www.instacart.com/image-server/197x197/filters:fill(FFF,true):format(jpg)/d2lnr5mha7bycj.cloudfront.net/product-image/file/large_a313da90-8062-486d-9715-739154f69dfd.png,"
CVS®,Maille Mustard Honey Dijon,$7.99,,,8.1 oz,[],Many in stock,"https://www.instacart.com/image-server/197x197/filters:fill(FFF,true):format(jpg)/d2lnr5mha7bycj.cloudfront.net/product-image/file/large_ee9774ca-3eee-42cb-b9ea-501964618f08.jpg,"
CVS®,Old El Paso Mild Red Enchilada Sauce,$3.99,,,19 oz,[],Many in stock,"https://www.instacart.com/image-server/197x197/filters:fill(FFF,true):format(jpg)/d2lnr5mha7bycj.cloudfront.net/product-image/file/large_3825e40f-3987-477d-9b97-881cc7fd1d60.png,"
CVS®,"Litehouse Dressing & Dip, Chunky Blue Cheese, Family Size",$6.69,,,20 fl oz,[],,"https://www.instacart.com/image-server/197x197/filters:fill(FFF,true):format(jpg)/d2lnr5mha7bycj.cloudfront.net/product-image/file/large_69de1d8e-5b4f-4878-a0de-55b20c1f5ba9.png,"
CVS®,"Melinda's Hot Sauce, Black Truffle",$6.69,,,12 fl oz,[],,"https://www.instacart.com/image-server/197x197/filters:fill(FFF,true):format(jpg)/d2lnr5mha7bycj.cloudfront.net/product-image/file/large_18e5aca4-fefe-4a8d-af4f-43f7e47b06c7.png,"
CVS®,"Litehouse Dressing & Dip, Homestyle Ranch, Family Size",$6.69,,,20 oz,[],,"https://www.instacart.com/image-server/197x197/filters:fill(FFF,true):format(jpg)/d2lnr5mha7bycj.cloudfront.net/product-image/file/large_f1b762ef-750b-49d1-9008-c8febb71568c.png,"
CVS®,"Melinda's Pepper Sauce, Original Habanero, Xxxtra Hot",$4.99,,,5 fl oz,"['Gluten-Free', 'Vegan']",Many in stock,"https://www.instacart.com/image-server/197x197/filters:fill(FFF,true):format(jpg)/d2lnr5mha7bycj.cloudfront.net/product-image/file/large_be6f0df4-fe8c-463c-a3aa-ce491dd2428b.png,"
CVS®,"TRUFF Hot Sauce, Black Truffle Infused Gourmet Hot Sauce",$18.99,,,6 oz,"['Gluten-Free', 'Vegan']",,"https://www.instacart.com/image-server/197x197/filters:fill(FFF,true):format(jpg)/d2lnr5mha7bycj.cloudfront.net/product-image/file/large_19e9975f-9313-4b37-998f-99f5e56b89aa.jpg,"
CVS®,"Litehouse Dressing & Dip, Jalapeno Ranch, Family Size",$6.69,,,20 fl oz,[],,"https://www.instacart.com/image-server/197x197/filters:fill(FFF,true):format(jpg)/d2lnr5mha7bycj.cloudfront.net/product-image/file/large_6876a652-89ba-45fc-9457-d2aafe4362d6.png,"
CVS®,Frank's RedHot® Buffalo 'N Ranch Thick Hot Sauce,$6.69,,,12 oz,[],,"https://www.instacart.com/image-server/197x197/filters:fill(FFF,true):format(jpg)/d2lnr5mha7bycj.cloudfront.net/product-image/file/large_e7bd8631-3ddf-4a68-aed7-95f19dfdaecb.jpg,"
CVS®,"Marzetti Dressing, Sweet Italian",$5.59,,,13 oz,[],,"https://www.instacart.com/image-server/197x197/filters:fill(FFF,true):format(jpg)/d2lnr5mha7bycj.cloudfront.net/product-image/file/large_f79da770-6f87-4323-a16e-d728cd478cce.png,"
CVS®,Ragu Roasted Garlic Parmesan Sauce,$2.79,,,16 oz,[],Many in stock,"https://www.instacart.com/image-server/197x197/filters:fill(FFF,true):format(jpg)/d2lnr5mha7bycj.cloudfront.net/product-image/file/large_5fc2cd04-cc96-4ba0-820b-b2899c9ef91b.jpg,"
CVS®,"Melinda's Sauce, Ghost Pepper, Hot",$4.79,,,5 fl oz,['Vegan'],Many in stock,"https://www.instacart.com/image-server/197x197/filters:fill(FFF,true):format(jpg)/d2lnr5mha7bycj.cloudfront.net/product-image/file/large_bb47419d-3090-4518-8698-0feba0a4efe6.png,"
CVS®,French's® Classic Yellow Mustard,$2.79,,,14 oz,[],Many in stock,"https://www.instacart.com/image-server/197x197/filters:fill(FFF,true):format(jpg)/d2lnr5mha7bycj.cloudfront.net/product-image/file/large_0422c9e8-0721-4798-859f-50c49ee7b20e.jpg,"
CVS®,"Sir Kensington's Vegan Mayo, Classic,",$9.99,,,12 oz,['Vegan'],Many in stock,"https://www.instacart.com/image-server/197x197/filters:fill(FFF,true):format(jpg)/d2lnr5mha7bycj.cloudfront.net/product-image/file/large_2d48dc61-6834-4c53-92d4-1f9d646d4bb4.png,"
CVS®,"Duke's Mayonnaise, Real, Smooth & Creamy",$5.99,,,18 oz,[],Many in stock,"https://www.instacart.com/image-server/197x197/filters:fill(FFF,true):format(jpg)/d2lnr5mha7bycj.cloudfront.net/product-image/file/large_98dcf42a-eb54-4d72-b199-9938d76fe154.png,"
CVS®,Frank's RedHot® Original Cayenne Pepper Hot Sauce,$8.69,,,23 fl oz,['Vegan'],Many in stock,"https://www.instacart.com/image-server/197x197/filters:fill(FFF,true):format(jpg)/d2lnr5mha7bycj.cloudfront.net/product-image/file/large_ae5a215a-69e7-4235-aed4-56832c27f185.jpg,"
