Store,Item Name,Price,Units,Unit Price,Amount,Tags,In Stock,Image
CVS®,Original price: $3.79,$2.29,,,16 oz container,[],,"https://www.instacart.com/image-server/197x197/filters:fill(FFF,true):format(jpg)/d2lnr5mha7bycj.cloudfront.net/product-image/file/large_7053758e-65cf-4a22-ab52-31940c0e1fef.jpg,"
CVS®,Dry Blueberries,$5.69,,,1 pt,[],Many in stock,"https://www.instacart.com/image-server/197x197/filters:fill(FFF,true):format(jpg)/d2lnr5mha7bycj.cloudfront.net/product-image/file/large_53205557-58fb-4c53-ba70-1419d9ddc0e5.jpg,"
CVS®,Avocado,$0.99,,,1 each,[],Many in stock,"https://www.instacart.com/image-server/197x197/filters:fill(FFF,true):format(jpg)/d2lnr5mha7bycj.cloudfront.net/product-image/file/large_5dd0b2b1-1ff8-4494-a182-8566f24203c2.jpg,"
CVS®,Original price: $3.49,$2.89,,,8 count box,['Non-GMO'],,"https://www.instacart.com/image-server/197x197/filters:fill(FFF,true):format(jpg)/d2lnr5mha7bycj.cloudfront.net/product-image/file/large_9adce8f1-92bc-4d56-a61d-87dceb656cab.jpg,"
CVS®,Sun Pacific Extra Large Lemons,$0.79,,,,[],Many in stock,"https://www.instacart.com/image-server/197x197/filters:fill(FFF,true):format(jpg)/d2lnr5mha7bycj.cloudfront.net/product-image/file/large_01376719-a4b3-41df-a4b7-4ba5f64d5638.jpg,"
CVS®,Nature Made Raspberries,$3.99,,,8 oz,[],Many in stock,"https://www.instacart.com/image-server/197x197/filters:fill(FFF,true):format(jpg)/d2lnr5mha7bycj.cloudfront.net/product-image/file/large_60108126-2c6f-41c0-a30b-0469e55d13b7.jpg,"
CVS®,"Grapes, Table, Green Seedless",$7.00,/pkg (est.),$2.99 / lb,About 2.34 lb / package,[],,"https://www.instacart.com/image-server/197x197/filters:fill(FFF,true):format(jpg)/d2lnr5mha7bycj.cloudfront.net/product-image/file/large_3f200a5c-1ff8-4326-b1b3-569740fa8f41.jpg,"
CVS®,Sumo Citrus Mandarins,$6.99,,,32 oz,[],Many in stock,"https://www.instacart.com/image-server/197x197/filters:fill(FFF,true):format(jpg)/d2lnr5mha7bycj.cloudfront.net/product-image/file/large_4da2f39b-a76e-4c3f-a1ef-31cc15ce8091.jpg,"
CVS®,Red Grapes,$6.70,/pkg (est.),$2.99 / lb,About 2.24 lb / package,[],,"https://www.instacart.com/image-server/197x197/filters:fill(FFF,true):format(jpg)/d2lnr5mha7bycj.cloudfront.net/product-image/file/large_7d7cdc48-27aa-4eaf-b295-c0195cf74763.jpg,"
CVS®,Original price: $8.99,$8.59,,,1,[],Many in stock,"https://www.instacart.com/image-server/197x197/filters:fill(FFF,true):format(jpg)/d2lnr5mha7bycj.cloudfront.net/product-image/file/large_d61040db-f04d-48d2-be9f-c3228780c644.jpg,"
CVS®,Original price: $1.34,$1.24,each (est.),$2.29 / lb,About 0.54 lb each,[],,"https://www.instacart.com/image-server/197x197/filters:fill(FFF,true):format(jpg)/d2lnr5mha7bycj.cloudfront.net/product-image/file/large_721c9dfc-728c-4a3a-818e-37cadaed47f6.jpg,"
CVS®,Original price: $4.79,$3.99,,,2 lb,[],,"https://www.instacart.com/image-server/197x197/filters:fill(FFF,true):format(jpg)/d2lnr5mha7bycj.cloudfront.net/product-image/file/large_f7d0e5e4-3d43-4dcb-be79-46f65c0ecefe.jpg,"
CVS®,Wonderful Citrus Packing Large Limes,$0.56,,,1 each,[],Many in stock,"https://www.instacart.com/image-server/197x197/filters:fill(FFF,true):format(jpg)/d2lnr5mha7bycj.cloudfront.net/product-image/file/large_70bc2daa-f15f-4862-b69e-9931c67c9a65.jpg,"
CVS®,Original price: $3.99,$1.13,,,6 oz,"['Organic', 'Non-GMO']",,"https://www.instacart.com/image-server/197x197/filters:fill(FFF,true):format(jpg)/d2lnr5mha7bycj.cloudfront.net/product-image/file/large_f4814b74-3625-43ca-b616-730b562f5397.jpg,"
CVS®,Meijer Watermelon Chunks,$3.79,,,10 oz,[],Many in stock,"https://www.instacart.com/image-server/197x197/filters:fill(FFF,true):format(jpg)/d2lnr5mha7bycj.cloudfront.net/product-image/file/large_c41ff166-082d-498c-940e-859fe9700b2e.jpg,"
CVS®,Chiquita Bananas,$0.22,each (est.),$0.56 / lb,About 0.39 lb each,[],,"https://www.instacart.com/image-server/197x197/filters:fill(FFF,true):format(jpg)/d2lnr5mha7bycj.cloudfront.net/product-image/file/large_cfd5474b-b4d9-4293-a402-1726863ee108.jpg,"
CVS®,Cantaloupe Melon,$3.69,,,,[],Many in stock,"https://www.instacart.com/image-server/197x197/filters:fill(FFF,true):format(jpg)/d2lnr5mha7bycj.cloudfront.net/product-image/file/large_533d223c-1f81-49bd-ada0-eba3dc81f289.jpg,"
CVS®,Mission Colombian Hass Avocado Minis,$3.69,,,6 each,[],Many in stock,"https://www.instacart.com/image-server/197x197/filters:fill(FFF,true):format(jpg)/d2lnr5mha7bycj.cloudfront.net/product-image/file/large_b2366c8a-6013-46e5-acce-ed6c5d2b79fa.png,"
CVS®,Original price: $2.29,$1.49,,,"Original price: $2.29
$2.29",[],Many in stock,"https://www.instacart.com/image-server/197x197/filters:fill(FFF,true):format(jpg)/d2lnr5mha7bycj.cloudfront.net/product-image/file/large_3e26ce5f-e276-4f26-839a-0967d94b130a.jpg,"
CVS®,Meijer Watermelon Spears,$5.99,,,19 oz,[],,"https://www.instacart.com/image-server/197x197/filters:fill(FFF,true):format(jpg)/d2lnr5mha7bycj.cloudfront.net/product-image/file/large_d898d242-82da-4e8f-ad5f-d5575e7c9bd8.jpg,"
CVS®,Welch's Red Seedless Grapes,$8.99,,,3 lb,[],Many in stock,"https://www.instacart.com/image-server/197x197/filters:fill(FFF,true):format(jpg)/d2lnr5mha7bycj.cloudfront.net/product-image/file/large_8ddb7d8a-0722-4480-83b4-92914a2f7426.jpg,"
CVS®,Original price: $5.99,$5.69,,,453 g,[],Many in stock,"https://www.instacart.com/image-server/197x197/filters:fill(FFF,true):format(jpg)/d2lnr5mha7bycj.cloudfront.net/product-image/file/large_7735c8c3-3f43-4cb3-95b3-77eb566321b6.jpg,"
CVS®,Original price: $1.24,$1.14,,,per lb,[],Many in stock,"https://www.instacart.com/image-server/197x197/filters:fill(FFF,true):format(jpg)/d2lnr5mha7bycj.cloudfront.net/product-image/file/large_a40261e0-fcce-4cf8-bbb2-7940bf97e0c2.jpg,"
CVS®,Beachside Organic Strawberries,$5.99,,,16 oz,['Organic'],,"https://www.instacart.com/image-server/197x197/filters:fill(FFF,true):format(jpg)/d2lnr5mha7bycj.cloudfront.net/product-image/file/large_73238421-a68f-4c33-84da-d8d5f3b3d64b.jpg,"
CVS®,Original price: $2.89,$2.29,,,1.62 fl oz,[],,"https://www.instacart.com/image-server/197x197/filters:fill(FFF,true):format(jpg)/d2lnr5mha7bycj.cloudfront.net/product-image/file/large_962d49ce-6654-44be-85d4-67e3b8fb2a18.png,"
CVS®,Original price: $6.79,$5.69,,,"Original price: $6.79
$6.79",[],,"https://www.instacart.com/image-server/197x197/filters:fill(FFF,true):format(jpg)/d2lnr5mha7bycj.cloudfront.net/product-image/file/large_8881142c-e49d-4a9d-98e4-9a0efab9a989.jpg,"
CVS®,Original price: $2.89,$2.29,,,1 lb,[],,"https://www.instacart.com/image-server/197x197/filters:fill(FFF,true):format(jpg)/d2lnr5mha7bycj.cloudfront.net/product-image/file/large_72bd429f-afc7-435a-9d74-a8e9e577d518.png,"
CVS®,Mission Hass Avocado,$4.59,,,1 each,[],,"https://www.instacart.com/image-server/197x197/filters:fill(FFF,true):format(jpg)/d2lnr5mha7bycj.cloudfront.net/product-image/file/large_76f47e87-d683-404c-90db-dde86acc2752.png,"
CVS®,Original price: $5.59,$3.49,,,1 each,['Organic'],,"https://www.instacart.com/image-server/197x197/filters:fill(FFF,true):format(jpg)/d2lnr5mha7bycj.cloudfront.net/product-image/file/large_c32f0fb6-d78a-4036-b1bd-eb08098a563c.jpg,"
CVS®,PEARS-BARTLETT,$1.12,each (est.),$2.29 / lb,About 0.49 lb each,[],,"https://www.instacart.com/image-server/197x197/filters:fill(FFF,true):format(jpg)/d2lnr5mha7bycj.cloudfront.net/product-image/file/large_6b3341b2-f220-41ec-a37f-ad71e4e0b40e.png,"
CVS®,Original price: $0.94,$0.59,each (est.),$1.13 / lb,About 0.52 lb each,[],,"https://www.instacart.com/image-server/197x197/filters:fill(FFF,true):format(jpg)/d2lnr5mha7bycj.cloudfront.net/product-image/file/large_bd9cc214-8391-4765-91eb-fd2c82308da2.jpg,"
CVS®,"Meijer Fresh Fruit Palooza With Cantaloupe, Watermelon, Pineapple, Strawberries And Blueberries",$12.59,,,28 oz,[],,"https://www.instacart.com/image-server/197x197/filters:fill(FFF,true):format(jpg)/d2lnr5mha7bycj.cloudfront.net/product-image/file/large_50412395-8453-4511-91a9-ca151140fd88.jpg,"
CVS®,Original price: $1.50,$1.20,each (est.),$1.99 / lb,About 0.6 lb each,[],,"https://www.instacart.com/image-server/197x197/filters:fill(FFF,true):format(jpg)/d2lnr5mha7bycj.cloudfront.net/product-image/file/large_bf7fcec5-c4d8-4f13-ba45-3481a3254314.jpg,"
CVS®,Pink Lady Apples,$5.69,,,3 lb,[],Many in stock,"https://www.instacart.com/image-server/197x197/filters:fill(FFF,true):format(jpg)/d2lnr5mha7bycj.cloudfront.net/product-image/file/large_262688d8-d85f-4c3a-8245-49c2ccbfcbbf.jpg,"
CVS®,Original price: $0.89,$0.55,each (est.),$1.13 / lb,About 0.49 lb each,[],,"https://www.instacart.com/image-server/197x197/filters:fill(FFF,true):format(jpg)/d2lnr5mha7bycj.cloudfront.net/product-image/file/large_edebc855-d97a-45bf-a2dd-5e905b911dd9.jpg,"
CVS®,Original price: $5.69,$4.59,,,4 lb,[],,"https://www.instacart.com/image-server/197x197/filters:fill(FFF,true):format(jpg)/d2lnr5mha7bycj.cloudfront.net/product-image/file/large_8beccb0e-8f60-456f-8aba-306046f8c466.jpg,"
CVS®,Original price: $1.03,$0.64,each (est.),$1.13 / lb,About 0.57 lb each,[],,"https://www.instacart.com/image-server/197x197/filters:fill(FFF,true):format(jpg)/d2lnr5mha7bycj.cloudfront.net/product-image/file/large_19eb5007-f422-4b59-885d-d8b3f6ac74de.jpg,"
CVS®,Original price: $1.99,$1.49,,,1 each,[],,"https://www.instacart.com/image-server/197x197/filters:fill(FFF,true):format(jpg)/d2lnr5mha7bycj.cloudfront.net/product-image/file/large_8bf8415f-e55d-4c95-8ea3-75b5e22644cf.jpg,"
CVS®,Penny Smart Large Eggs,$2.99,,,1 doz,[],Many in stock,"https://www.instacart.com/image-server/197x197/filters:fill(FFF,true):format(jpg)/d2lnr5mha7bycj.cloudfront.net/product-image/file/large_d1c04429-3713-4877-9d8a-68bba2804701.png,"
CVS®,Meijer Whole Milk,$2.99,,,1 gal,[],Many in stock,"https://www.instacart.com/image-server/197x197/filters:fill(FFF,true):format(jpg)/d2lnr5mha7bycj.cloudfront.net/product-image/file/large_8a013f9d-1c39-4cbd-95fe-e885e1b91594.png,"
CVS®,Meijer 80% Lean 20% Fat Ground Beef,$7.44,/pkg (est.),$6.99 / lb,About 1.07 lb / package,[],,"https://www.instacart.com/image-server/197x197/filters:fill(FFF,true):format(jpg)/d2lnr5mha7bycj.cloudfront.net/product-image/file/large_c7827785-a0a5-4345-b2b8-f324aa63d946.png,"
CVS®,Original price: $16.99,$12.99,,,6 ct,[],,"https://www.instacart.com/image-server/197x197/filters:fill(FFF,true):format(jpg)/d2lnr5mha7bycj.cloudfront.net/product-image/file/large_1e2ccb13-5c6e-403e-a019-083d6b860957.jpg,"
CVS®,"Glad Drawstring Bags, Tall Kitchen, Lavender Scent, 13 Gallon",$11.99,,,40 ct,[],,"https://www.instacart.com/image-server/197x197/filters:fill(FFF,true):format(jpg)/d2lnr5mha7bycj.cloudfront.net/product-image/file/large_87e4c57e-4951-43e4-a9fb-b658a4493067.jpg,"
CVS®,Meijer Purified Drinking Water,$3.99,,,24 x 16.9 fl oz,[],Many in stock,"https://www.instacart.com/image-server/197x197/filters:fill(FFF,true):format(jpg)/d2lnr5mha7bycj.cloudfront.net/product-image/file/large_c7f0273e-d4a2-44e4-ab08-b38c770e9c73.png,"
CVS®,Meijer White Enriched Split Top Bread,$1.99,,,22 oz,[],Many in stock,"https://www.instacart.com/image-server/197x197/filters:fill(FFF,true):format(jpg)/d2lnr5mha7bycj.cloudfront.net/product-image/file/large_6a9cb693-bfbb-4173-9675-fe250612868f.jpg,"
CVS®,Meijer Salted Sweet Cream Butter,$4.59,,,16 oz,[],Many in stock,"https://www.instacart.com/image-server/197x197/filters:fill(FFF,true):format(jpg)/d2lnr5mha7bycj.cloudfront.net/product-image/file/large_4795fb56-52d9-425b-8cc5-c4dbe4cbb8db.png,"
CVS®,"Purina Tidy Cats Clumping Multi Cat Litter, Glade Clear Springs",$13.99,,,20 lb,[],,"https://www.instacart.com/image-server/197x197/filters:fill(FFF,true):format(jpg)/d2lnr5mha7bycj.cloudfront.net/product-image/file/large_f1ba02f7-f51a-44c8-9153-5b7867d4f12a.png,"
CVS®,Yoplait Original Low Fat Yogurt Variety Pack,$5.99,,,8 x 6 oz,[],,"https://www.instacart.com/image-server/197x197/filters:fill(FFF,true):format(jpg)/d2lnr5mha7bycj.cloudfront.net/product-image/file/large_135543e6-fb8e-4a09-88a7-ba1ed7fbaea9.png,"
CVS®,Original price: $4.39,$3.89,,,12 x 3 oz,[],,"https://www.instacart.com/image-server/197x197/filters:fill(FFF,true):format(jpg)/d2lnr5mha7bycj.cloudfront.net/product-image/file/large_89927b0a-92c3-4bd0-9fb6-d687c98a36dc.png,"
CVS®,Famer's Best International Green Bell Peppers,$0.99,,,1 each,[],Many in stock,"https://www.instacart.com/image-server/197x197/filters:fill(FFF,true):format(jpg)/d2lnr5mha7bycj.cloudfront.net/product-image/file/large_ca1ee103-c010-46be-bc21-04302ca0885c.jpg,"
CVS®,"Meijer Mexican 4 Cheese Monterey Jack, Cheddar, Queso Quesadilla & Asadero Finely Shredded Cheeses",$2.69,,,8 oz,['Keto'],Many in stock,"https://www.instacart.com/image-server/197x197/filters:fill(FFF,true):format(jpg)/d2lnr5mha7bycj.cloudfront.net/product-image/file/large_07974cdf-5481-4af5-9f85-12ce85f2c11d.png,"
CVS®,"Vita Coco Coconut Water, The Original",$9.99,,,4 x 16.9 fl oz,[],,"https://www.instacart.com/image-server/197x197/filters:fill(FFF,true):format(jpg)/d2lnr5mha7bycj.cloudfront.net/product-image/file/large_45c2c1d8-cc3a-43d9-bf99-b88c53c1729d.jpg,"
CVS®,TYLENOL Extra Strength Caplets With 500 Mg Acetaminophen,$5.99,,,24 ct,[],,"https://www.instacart.com/image-server/197x197/filters:fill(FFF,true):format(jpg)/d2lnr5mha7bycj.cloudfront.net/product-image/file/large_e2a38868-8654-4be5-8883-a12c4c1a50ac.jpg,"
CVS®,Smucker's Uncrustables Peanut Butter & Grape Jelly Sandwich,$10.99,,,10 ct,[],,"https://www.instacart.com/image-server/197x197/filters:fill(FFF,true):format(jpg)/d2lnr5mha7bycj.cloudfront.net/product-image/file/large_4c503846-f021-4170-bebe-8a7f3f5d6693.jpg,"
CVS®,Meijer Cold Rotisserie Chicken,$7.99,,,30 oz,[],,"https://www.instacart.com/image-server/197x197/filters:fill(FFF,true):format(jpg)/d2lnr5mha7bycj.cloudfront.net/product-image/file/large_7def0c33-59e9-4120-a7f9-db2eddab8329.png,"
CVS®,Smucker's Uncrustables Peanut Butter & Strawberry Jam Sandwich,$10.99,,,10 ct,[],,"https://www.instacart.com/image-server/197x197/filters:fill(FFF,true):format(jpg)/d2lnr5mha7bycj.cloudfront.net/product-image/file/large_46d25aa5-210a-4aec-a501-4f426928d5bf.jpg,"
CVS®,"Clorox Disinfecting Bleach, Concentrated Formula, Regular",$6.99,,,81 oz,[],,"https://www.instacart.com/image-server/197x197/filters:fill(FFF,true):format(jpg)/d2lnr5mha7bycj.cloudfront.net/product-image/file/large_ccad77f1-7e46-467c-b46c-f05f55987449.jpg,"
CVS®,"Cracker Barrel Cracker Cuts Pepper Jack, Cheddar Jack, Asiago & Extra Sharp Cheddar Cheese Slic",$9.99,,,16 oz,[],,"https://www.instacart.com/image-server/197x197/filters:fill(FFF,true):format(jpg)/d2lnr5mha7bycj.cloudfront.net/product-image/file/large_7cea80a1-d01e-420a-8da2-75b74854da3a.png,"
CVS®,Meijer Hardwood Smoked Thick Cut Bacon,$5.69,,,16 oz,[],Many in stock,"https://www.instacart.com/image-server/197x197/filters:fill(FFF,true):format(jpg)/d2lnr5mha7bycj.cloudfront.net/product-image/file/large_81a2c752-0659-4828-9990-3a44955988b1.png,"
CVS®,Original price: $9.99,$8.59,,,12 ct,[],,"https://www.instacart.com/image-server/197x197/filters:fill(FFF,true):format(jpg)/d2lnr5mha7bycj.cloudfront.net/product-image/file/large_5b5da599-b3ba-4b38-9123-548e87450951.png,"
CVS®,Stur Drinks Strawberry Watermelon Liquid Water Enhancer,$3.99,,,1.62 fl oz,"['Zero Calories', 'Zero Sugar']",,"https://www.instacart.com/image-server/197x197/filters:fill(FFF,true):format(jpg)/d2lnr5mha7bycj.cloudfront.net/product-image/file/large_07ea7561-c6a1-41dc-b4a7-395f16ab4c50.png,"
CVS®,Neutrogena Makeup Remover Wipes & Face Cleansing Towelettes,$12.59,,,50 ct,[],Many in stock,"https://www.instacart.com/image-server/197x197/filters:fill(FFF,true):format(jpg)/d2lnr5mha7bycj.cloudfront.net/product-image/file/large_f205c9f7-fa34-4c0f-b6fe-a5953ac3193c.jpg,"
CVS®,Meijer White Hamburger Enriched Buns,$1.89,,,14 oz,[],Many in stock,"https://www.instacart.com/image-server/197x197/filters:fill(FFF,true):format(jpg)/d2lnr5mha7bycj.cloudfront.net/product-image/file/large_47bafa2a-ec95-47ab-839b-f4c6afd26371.png,"
CVS®,Meijer Granulated Pure Sugar,$3.79,,,4 lb,['Gluten-Free'],Many in stock,"https://www.instacart.com/image-server/197x197/filters:fill(FFF,true):format(jpg)/d2lnr5mha7bycj.cloudfront.net/product-image/file/large_b34540fe-d5a7-4b80-bce3-640aee7f0e55.png,"
CVS®,"Minute Maid Fruit Punch, Made W/ Real Fruit Juice",$1.99,,,59 fl oz • 6 options,[],,"https://www.instacart.com/image-server/197x197/filters:fill(FFF,true):format(jpg)/d2lnr5mha7bycj.cloudfront.net/product-image/file/large_c48910bf-37e0-41e6-81fc-78bc9ace5b3a.jpg,"
CVS®,"Freshpet Dog Food, Slice & Serve Roll, Tender Chicken Recipe",$4.59,,,1 lb,[],,"https://www.instacart.com/image-server/197x197/filters:fill(FFF,true):format(jpg)/d2lnr5mha7bycj.cloudfront.net/product-image/file/large_cbfa4e13-79fc-4628-995a-b328f8bb2212.jpg,"
CVS®,"Health-Ade Kombucha, Pink Lady Apple",$3.79,,,16 fl oz,['Organic'],,"https://www.instacart.com/image-server/197x197/filters:fill(FFF,true):format(jpg)/d2lnr5mha7bycj.cloudfront.net/product-image/file/large_b649a5a8-1e7a-4dc3-8663-b78fb72b0c70.jpg,"
CVS®,Ritz Fresh Stacks Original Crackers,$4.59,,,8 x 1.48 oz,[],,"https://www.instacart.com/image-server/197x197/filters:fill(FFF,true):format(jpg)/d2lnr5mha7bycj.cloudfront.net/product-image/file/large_ecb8ceba-1e94-45d2-9e82-bbc1945dd81d.jpg,"
CVS®,Meijer Heavy Whipping Cream,$6.99,,,32 fl oz,[],,"https://www.instacart.com/image-server/197x197/filters:fill(FFF,true):format(jpg)/d2lnr5mha7bycj.cloudfront.net/product-image/file/large_6d62ad72-af0b-4cfe-bf3d-3cd02a1fafa9.png,"
CVS®,Meijer Broccoli Florets,$1.69,,,12 oz,[],,"https://www.instacart.com/image-server/197x197/filters:fill(FFF,true):format(jpg)/d2lnr5mha7bycj.cloudfront.net/product-image/file/large_f9295aca-d7c1-4632-8c41-bc4b07f5cb78.jpg,"
CVS®,Coffee mate Nestle French Vanilla Liquid Coffee Creamer,$7.99,,,64 fl oz,[],,"https://www.instacart.com/image-server/197x197/filters:fill(FFF,true):format(jpg)/d2lnr5mha7bycj.cloudfront.net/product-image/file/large_4b777f4a-c6c9-4662-8846-85c78120967f.jpg,"
CVS®,Lipton Tea Bags Black Tea,$5.99,,,100 ct,[],,"https://www.instacart.com/image-server/197x197/filters:fill(FFF,true):format(jpg)/d2lnr5mha7bycj.cloudfront.net/product-image/file/large_a8970420-61d3-49d2-bdd1-bbab2ef4fb32.jpg,"
CVS®,Fresh Atlantic Salmon Portion,$9.99,,,12 oz,[],Many in stock,"https://www.instacart.com/image-server/197x197/filters:fill(FFF,true):format(jpg)/d2lnr5mha7bycj.cloudfront.net/product-image/file/large_6b732e08-b2d5-48ea-8872-8293bcb5bafc.png,"
CVS®,Meijer Ice Bagged,$2.49,,,7 lb,[],Many in stock,"https://www.instacart.com/image-server/197x197/filters:fill(FFF,true):format(jpg)/d2lnr5mha7bycj.cloudfront.net/product-image/file/large_6ccd530a-d530-485d-9490-df17bc9e1b37.png,"
CVS®,Daisy Sour Cream,$3.29,,,14 oz,[],,"https://www.instacart.com/image-server/197x197/filters:fill(FFF,true):format(jpg)/d2lnr5mha7bycj.cloudfront.net/product-image/file/large_8d3d98d2-1f88-4202-a4b9-30b9260d7f1c.png,"
CVS®,Nature's Bakery Whole Wheat Raspberry Fig Bar,$6.79,,,6 x 2 oz,"['Vegan', 'Gluten-Free']",,"https://www.instacart.com/image-server/197x197/filters:fill(FFF,true):format(jpg)/d2lnr5mha7bycj.cloudfront.net/product-image/file/large_34065d2c-3bc7-42df-9a59-e74f22686fbf.png,"
CVS®,"Wholly Guacamole, Classic, Mild, Minis",$6.99,,,4 x 2 oz,['Vegan'],,"https://www.instacart.com/image-server/197x197/filters:fill(FFF,true):format(jpg)/d2lnr5mha7bycj.cloudfront.net/product-image/file/large_91a317cf-e7de-4062-99f7-7392d8c36024.jpg,"
CVS®,"Milo's Sweet Tea, Famous",$3.99,,,1 gal,[],,"https://www.instacart.com/image-server/197x197/filters:fill(FFF,true):format(jpg)/d2lnr5mha7bycj.cloudfront.net/product-image/file/large_d2835484-f60f-438c-8f00-f751a771d6e1.png,"
CVS®,"Markets of Meijer 6-8 Pack Chicken Breasts with Rib Meat, Family Pack, Boneless & Skinless",$19.28,/pkg (est.),$3.59 / lb,About 5.37 lb / package,['Breast'],,"https://www.instacart.com/image-server/197x197/filters:fill(FFF,true):format(jpg)/d2lnr5mha7bycj.cloudfront.net/product-image/file/large_64746a7f-8a0c-42fd-bc08-7b924fa87272.png,"
CVS®,Seedless Watermelon,$4.99,,,,[],,"https://www.instacart.com/image-server/197x197/filters:fill(FFF,true):format(jpg)/d2lnr5mha7bycj.cloudfront.net/product-image/file/large_b053197e-3d40-4b9f-ae7f-02c510f980ea.jpg,"
CVS®,Chomps Mini Original Beef Sticks,$8.59,,,6 x 3 oz,"['Gluten-Free', 'Keto']",,"https://www.instacart.com/image-server/197x197/filters:fill(FFF,true):format(jpg)/d2lnr5mha7bycj.cloudfront.net/product-image/file/large_ee15c768-0a38-4ffc-8cbb-e345e5c2b6e1.JPG,"
CVS®,Meijer Golden Sweet Whole Corn Kernels,$0.79,,,15 oz,[],Many in stock,"https://www.instacart.com/image-server/197x197/filters:fill(FFF,true):format(jpg)/d2lnr5mha7bycj.cloudfront.net/product-image/file/large_cfe8e61f-a43d-42f4-bfba-268f4a23bc2f.jpg,"
CVS®,New York Bakery The Original Texas Toast with Real Garlic,$3.59,,,8 ct,[],,"https://www.instacart.com/image-server/197x197/filters:fill(FFF,true):format(jpg)/d2lnr5mha7bycj.cloudfront.net/product-image/file/large_bffb2c66-ca8c-4503-994f-25bfb85e51ea.jpeg,"
CVS®,Meijer Half & Half,$3.59,,,32 fl oz,[],Many in stock,"https://www.instacart.com/image-server/197x197/filters:fill(FFF,true):format(jpg)/d2lnr5mha7bycj.cloudfront.net/product-image/file/large_5ec75abb-9a4e-4ba6-93ce-0935623f923e.png,"
CVS®,"Dawn Ultra Dishwashing Liquid Dish Soap, Original Scent",$3.59,,,19.4 fl oz,[],,"https://www.instacart.com/image-server/197x197/filters:fill(FFF,true):format(jpg)/d2lnr5mha7bycj.cloudfront.net/product-image/file/large_1f20945b-2ad3-4e1b-98f6-88ff95ee37e3.jpg,"
CVS®,Nutella Chocolate Hazelnut Spread,$4.99,,,13 oz,[],,"https://www.instacart.com/image-server/197x197/filters:fill(FFF,true):format(jpg)/d2lnr5mha7bycj.cloudfront.net/product-image/file/large_aef79aba-5659-4c98-901d-eca7bf1a5446.png,"
CVS®,Jennie-O Fresh Ground Turkey,$5.59,,,16 oz,[],Many in stock,"https://www.instacart.com/image-server/197x197/filters:fill(FFF,true):format(jpg)/d2lnr5mha7bycj.cloudfront.net/product-image/file/large_3780748e-e204-41e2-b5a1-2bf010f08f3d.jpg,"
CVS®,"bubly Sparkling Water, Lime - Pack",$4.99,,,8 x 12 fl oz,"['Zero Calories', 'Zero Sugar']",Many in stock,"https://www.instacart.com/image-server/197x197/filters:fill(FFF,true):format(jpg)/d2lnr5mha7bycj.cloudfront.net/product-image/file/large_47e67376-81e7-4073-81cf-b8912bffb590.jpg,"
CVS®,Hostess Donettes Powdered Mini Donuts,$2.99,,,10 oz,[],,"https://www.instacart.com/image-server/197x197/filters:fill(FFF,true):format(jpg)/d2lnr5mha7bycj.cloudfront.net/product-image/file/large_825a7a18-a276-442f-8261-eb473153dac8.jpg,"
CVS®,"Gatorade Frost Glacier Freeze Thirst Quencher, Sports Drink",$9.99,,,8 x 20 fl oz • 4 options,[],,"https://www.instacart.com/image-server/197x197/filters:fill(FFF,true):format(jpg)/d2lnr5mha7bycj.cloudfront.net/product-image/file/large_b6c32072-38df-4b1e-abba-ba5d279fb818.png,"
CVS®,"Cascade Platinum Dishwasher Detergent Pods, Fresh",$6.59,,,14 ct,[],,"https://www.instacart.com/image-server/197x197/filters:fill(FFF,true):format(jpg)/d2lnr5mha7bycj.cloudfront.net/product-image/file/large_3e9df96a-0696-4342-b8c0-3c2e7251942a.jpg,"
CVS®,Bibigo Steamed Dumplings Chicken and Vegetable,$3.99,,,6.6 oz,[],,"https://www.instacart.com/image-server/197x197/filters:fill(FFF,true):format(jpg)/d2lnr5mha7bycj.cloudfront.net/product-image/file/large_5211e839-2e47-4de3-80cb-5b0a74fded23.jpg,"
CVS®,Original price: $4.79,$3.99,,,8.5 fl oz,[],,"https://www.instacart.com/image-server/197x197/filters:fill(FFF,true):format(jpg)/d2lnr5mha7bycj.cloudfront.net/product-image/file/large_91adb4ea-a06e-413e-9efb-ae0ceba9c031.jpg,"
CVS®,"Poppi Prebiotic Soda, Strawberry Lemon",$2.89,,,12 fl oz,[],,"https://www.instacart.com/image-server/197x197/filters:fill(FFF,true):format(jpg)/d2lnr5mha7bycj.cloudfront.net/product-image/file/large_cc3a0b68-3f96-467d-a928-f7cf28fff733.jpg,"
CVS®,"Lysol Toilet Bowl Cleaner Gel, For Cleaning and Disinfecting, Stain Removal",$5.99,,,2 x 24 fl oz,[],,"https://www.instacart.com/image-server/197x197/filters:fill(FFF,true):format(jpg)/d2lnr5mha7bycj.cloudfront.net/product-image/file/large_e5cf3254-5640-4eea-b438-9f91b5c9b745.png,"
CVS®,Original price: $3.99,$3.49,,,20 oz,[],,"https://www.instacart.com/image-server/197x197/filters:fill(FFF,true):format(jpg)/d2lnr5mha7bycj.cloudfront.net/product-image/file/large_35d9ca3f-a693-4bf8-bde3-762230139262.jpg,"
CVS®,"Mountain Dew Soda, Citrus",$15.99,,,24 x 12 fl oz • 5 options,[],Many in stock,"https://www.instacart.com/image-server/197x197/filters:fill(FFF,true):format(jpg)/d2lnr5mha7bycj.cloudfront.net/product-image/file/large_e801eac9-4a03-4670-aac1-714c28094c58.png,"
CVS®,"Windex Glass Cleaner Spray Bottle, Original Blue",$3.99,,,23 fl oz,[],,"https://www.instacart.com/image-server/197x197/filters:fill(FFF,true):format(jpg)/d2lnr5mha7bycj.cloudfront.net/product-image/file/large_84e737c5-27a5-4f64-93ff-a1a859f1380a.jpg,"
CVS®,Original price: $4.19,$3.99,,,12 x 12 oz,[],,"https://www.instacart.com/image-server/197x197/filters:fill(FFF,true):format(jpg)/d2lnr5mha7bycj.cloudfront.net/product-image/file/large_59b4b792-ff55-4e17-82a3-afc71a9ace4c.jpg,"
CVS®,"Naked Juice, Green Machine",$9.99,,,64 fl oz,[],,"https://www.instacart.com/image-server/197x197/filters:fill(FFF,true):format(jpg)/d2lnr5mha7bycj.cloudfront.net/product-image/file/large_1dcfafd7-72c1-4484-9711-c21336b1022c.png,"
CVS®,Hershey's Chocolate Syrup,$4.49,,,24 oz,[],,"https://www.instacart.com/image-server/197x197/filters:fill(FFF,true):format(jpg)/d2lnr5mha7bycj.cloudfront.net/product-image/file/large_322766a3-0e98-46a8-9cb2-47d280329a82.png,"
CVS®,Extra Gum Spearmint Sugar Free Chewing Gum Single Pack Stick,$1.69,,,15 ct,['Zero Sugar'],,"https://www.instacart.com/image-server/197x197/filters:fill(FFF,true):format(jpg)/d2lnr5mha7bycj.cloudfront.net/product-image/file/large_ac07fc86-4839-4c07-982f-5c46c3014964.jpg,"
CVS®,Ore-Ida Mini Tater Tots Seasoned Shredded Potatoes Frozen Food Snacks,$5.99,,,28 oz,['Gluten-Free'],,"https://www.instacart.com/image-server/197x197/filters:fill(FFF,true):format(jpg)/d2lnr5mha7bycj.cloudfront.net/product-image/file/large_5717c75b-8bfa-41d8-b532-f76e4aaa167c.jpg,"
CVS®,"Bounce Dryer Sheets, Outdoor Fresh",$6.59,,,120 ct,[],,"https://www.instacart.com/image-server/197x197/filters:fill(FFF,true):format(jpg)/d2lnr5mha7bycj.cloudfront.net/product-image/file/large_bcdfad36-1916-4a32-ac5c-d6de658e7cf0.jpg,"
CVS®,Original price: $5.59,$4.99,,,5 x 7.25 oz,[],,"https://www.instacart.com/image-server/197x197/filters:fill(FFF,true):format(jpg)/d2lnr5mha7bycj.cloudfront.net/product-image/file/large_0ff5f882-2b45-4ee7-b2fe-fff20daa7276.jpg,"
CVS®,Joyba Raspberry Dragonfruit Flavored Black Bubble Tea,$10.99,,,48 fl oz,[],,"https://www.instacart.com/image-server/197x197/filters:fill(FFF,true):format(jpg)/d2lnr5mha7bycj.cloudfront.net/product-image/file/large_f60577b4-6a87-425e-bdbc-a2657c7a141a.jpg,"
CVS®,"Louis Kemp Crab Delights Imitation Crab, Flake Style, 1 lb",$5.59,,,16 oz,[],Many in stock,"https://www.instacart.com/image-server/197x197/filters:fill(FFF,true):format(jpg)/d2lnr5mha7bycj.cloudfront.net/product-image/file/large_2f2f5946-f4d7-43e7-b780-f314346dac18.png,"
CVS®,Original price: $3.99,$2.69,,,15 oz,[],,"https://www.instacart.com/image-server/197x197/filters:fill(FFF,true):format(jpg)/d2lnr5mha7bycj.cloudfront.net/product-image/file/large_bd17a904-d12a-4dc4-987b-ff49a0e9558b.png,"
CVS®,"Doritos Tortilla Chips, Nacho Cheese Flavored",$4.99,,,9.75 oz,[],,"https://www.instacart.com/image-server/197x197/filters:fill(FFF,true):format(jpg)/d2lnr5mha7bycj.cloudfront.net/product-image/file/large_7595889a-44b2-4454-9ddc-9b3aa4b72463.png,"
CVS®,La Terra Fina Spinach Artichoke & Parmesan Dip & Spread,$5.99,,,10 oz,[],,"https://www.instacart.com/image-server/197x197/filters:fill(FFF,true):format(jpg)/d2lnr5mha7bycj.cloudfront.net/product-image/file/large_15e54fa0-6367-41fb-a8f4-c54fc6dce7cb.jpeg,"
CVS®,Cucumbers,$0.99,,,1 each,[],Many in stock,"https://www.instacart.com/image-server/197x197/filters:fill(FFF,true):format(jpg)/d2lnr5mha7bycj.cloudfront.net/product-image/file/large_eb252b18-08e6-413a-94aa-aa91b0ef90de.jpg,"
CVS®,Bolthouse Farms Baby Cut Carrots Bag,$1.59,,,16 oz,[],Many in stock,"https://www.instacart.com/image-server/197x197/filters:fill(FFF,true):format(jpg)/d2lnr5mha7bycj.cloudfront.net/product-image/file/large_5e4d3e2d-4e30-4c9c-a24f-5360726d4355.png,"
CVS®,"The Little Potato Company Potatoes, Dynamic Duo, Variety Pack",$7.99,,,3 lb,[],,"https://www.instacart.com/image-server/197x197/filters:fill(FFF,true):format(jpg)/d2lnr5mha7bycj.cloudfront.net/product-image/file/large_6608d878-060d-45e3-adda-91836de8da46.png,"
CVS®,Red Onion,$1.27,each (est.),$1.59 / lb,About 0.8 lb each,[],,"https://www.instacart.com/image-server/197x197/filters:fill(FFF,true):format(jpg)/d2lnr5mha7bycj.cloudfront.net/product-image/file/large_65d6323a-0f2c-48fe-afa8-af218b66dad6.png,"
CVS®,Fresh Scallions,$1.13,,,1 each,[],Many in stock,"https://www.instacart.com/image-server/197x197/filters:fill(FFF,true):format(jpg)/d2lnr5mha7bycj.cloudfront.net/product-image/file/large_ffe4df99-5490-4763-9e94-a18a4859895c.jpg,"
CVS®,Broccoli Crown,$1.69,,,,[],Many in stock,"https://www.instacart.com/image-server/197x197/filters:fill(FFF,true):format(jpg)/d2lnr5mha7bycj.cloudfront.net/product-image/file/large_245c1bba-3e02-4b57-b598-e895322dd427.jpg,"
CVS®,"The Little Potato Company Potatoes, Yellow Creamer, Little Charmers",$7.99,,,3 lb,[],,"https://www.instacart.com/image-server/197x197/filters:fill(FFF,true):format(jpg)/d2lnr5mha7bycj.cloudfront.net/product-image/file/large_b1d28537-d647-4c8a-9714-843c07d4934d.png,"
CVS®,"Dole Iceberg Lettuce, Shredded",$2.29,,,8 oz Package,[],Many in stock,"https://www.instacart.com/image-server/197x197/filters:fill(FFF,true):format(jpg)/d2lnr5mha7bycj.cloudfront.net/product-image/file/large_5d506260-ca6a-4730-b8da-b7c7540d736c.jpg,"
CVS®,Red Bell Pepper,$1.89,,,1 each,[],Many in stock,"https://www.instacart.com/image-server/197x197/filters:fill(FFF,true):format(jpg)/d2lnr5mha7bycj.cloudfront.net/product-image/file/large_e6790035-f2ab-4b86-81ca-96be265ffb40.jpg,"
CVS®,Hot House Hydroponic Beefsteak Tomatoes,$1.70,each (est.),$2.99 / lb,About 0.57 lb each,[],,"https://www.instacart.com/image-server/197x197/filters:fill(FFF,true):format(jpg)/d2lnr5mha7bycj.cloudfront.net/product-image/file/large_0a2ed503-6e3b-4f71-b3d7-1257efc9e377.jpg,"
CVS®,"The Little Potato Company Potatoes, Fresh Creamer, Boomer Gold",$4.99,,,1.5 lb,[],,"https://www.instacart.com/image-server/197x197/filters:fill(FFF,true):format(jpg)/d2lnr5mha7bycj.cloudfront.net/product-image/file/large_98709ed9-aa14-4190-8efd-f85038977b0a.png,"
CVS®,TopLine Farms Mini Seedless Cucumbers,$2.69,,,8 oz,['Non-GMO'],,"https://www.instacart.com/image-server/197x197/filters:fill(FFF,true):format(jpg)/d2lnr5mha7bycj.cloudfront.net/product-image/file/large_1f02fa6a-ea70-435a-9d53-002c9db96d14.jpg,"
CVS®,Ginger Root,$0.64,each (est.),$4.59 / lb,About 0.14 lb each,[],,"https://www.instacart.com/image-server/197x197/filters:fill(FFF,true):format(jpg)/d2lnr5mha7bycj.cloudfront.net/product-image/file/large_68042ad7-864d-47eb-b13d-04e64639ef75.jpg,"
CVS®,Bag of Baby Cut Carrots,$2.99,,,2 lb,[],Many in stock,"https://www.instacart.com/image-server/197x197/filters:fill(FFF,true):format(jpg)/d2lnr5mha7bycj.cloudfront.net/product-image/file/large_0efd809f-a453-4b78-aade-9634cf919d2e.png,"
CVS®,Rä Wild About Sprouts Clover & Alfalfa,$3.99,,,3 oz container,[],,"https://www.instacart.com/image-server/197x197/filters:fill(FFF,true):format(jpg)/d2lnr5mha7bycj.cloudfront.net/product-image/file/large_1d29a87b-fe46-48eb-9cfe-acbe76544af0.png,"
CVS®,Zucchini Squash,$1.34,each (est.),$2.49 / lb,About 0.54 lb each,[],,"https://www.instacart.com/image-server/197x197/filters:fill(FFF,true):format(jpg)/d2lnr5mha7bycj.cloudfront.net/product-image/file/large_3654d916-804c-44ec-bd2d-fd016437030c.jpg,"
CVS®,Original price: $3.79,$2.89,,,9 oz bag,[],Many in stock,"https://www.instacart.com/image-server/197x197/filters:fill(FFF,true):format(jpg)/d2lnr5mha7bycj.cloudfront.net/product-image/file/large_ddc4eac7-7667-47d8-9504-49dec73643cb.jpg,"
CVS®,Original price: $4.59,$3.99,,,9 oz,[],Many in stock,"https://www.instacart.com/image-server/197x197/filters:fill(FFF,true):format(jpg)/d2lnr5mha7bycj.cloudfront.net/product-image/file/large_20f02a9a-9faa-4cdf-be1d-c1b379f5572e.png,"
CVS®,"The Little Potato Company Potatoes, Fresh Creamer, Blushing Belle",$4.99,,,1.5 lb,[],,"https://www.instacart.com/image-server/197x197/filters:fill(FFF,true):format(jpg)/d2lnr5mha7bycj.cloudfront.net/product-image/file/large_28b689ca-0255-452e-a295-f3318b7bbf7d.png,"
CVS®,Grape Tomatoes,$3.49,,,1 pt,[],Many in stock,"https://www.instacart.com/image-server/197x197/filters:fill(FFF,true):format(jpg)/d2lnr5mha7bycj.cloudfront.net/product-image/file/large_fd7fe7e1-979d-4e20-9a7a-ff44b770fecd.jpg,"
CVS®,Original price: $3.69,$2.99,,,1 each,[],Many in stock,"https://www.instacart.com/image-server/197x197/filters:fill(FFF,true):format(jpg)/d2lnr5mha7bycj.cloudfront.net/product-image/file/large_929fa4d8-b815-4ef0-89b3-9e0eff9dfbce.jpg,"
CVS®,Dandy Celery Sticks,$3.59,,,1.25 lb,[],Many in stock,"https://www.instacart.com/image-server/197x197/filters:fill(FFF,true):format(jpg)/d2lnr5mha7bycj.cloudfront.net/product-image/file/large_1deb80d9-aabb-4ef7-8ef6-f86eb472e87f.png,"
CVS®,Rä Wild About Sprouts Clover & Broccoli Sprouts,$3.99,,,3 oz,[],,"https://www.instacart.com/image-server/197x197/filters:fill(FFF,true):format(jpg)/d2lnr5mha7bycj.cloudfront.net/product-image/file/large_f79ee438-cf12-4301-9f4d-2ab488e972bd.png,"
CVS®,Original price: $3.79,$2.99,,,16 oz,[],,"https://www.instacart.com/image-server/197x197/filters:fill(FFF,true):format(jpg)/d2lnr5mha7bycj.cloudfront.net/product-image/file/large_e069f016-8bba-4897-a13f-a6cf71ee670f.jpg,"
CVS®,True Goodness by Meijer White Organic Sliced Mushrooms,$3.79,,,8 oz,"['In season', 'Organic']",Many in stock,"https://www.instacart.com/image-server/197x197/filters:fill(FFF,true):format(jpg)/d2lnr5mha7bycj.cloudfront.net/product-image/file/large_fdcdf957-f2f1-4ba5-8dc8-efe8e32483c6.jpg,"
CVS®,Tomatoes On The Vine,$5.05,each (est.),$2.99 / lb,About 1.69 lb each,[],,"https://www.instacart.com/image-server/197x197/filters:fill(FFF,true):format(jpg)/d2lnr5mha7bycj.cloudfront.net/product-image/file/large_85e6c5af-b78d-45ca-b123-30573480c3ff.jpg,"
CVS®,"The Little Potato Company Fresh Creamer Potatoes with Seasoning Pack, Garlic Herb",$5.69,,,1 lb,[],Many in stock,"https://www.instacart.com/image-server/197x197/filters:fill(FFF,true):format(jpg)/d2lnr5mha7bycj.cloudfront.net/product-image/file/large_24a3d74b-94ce-454b-958f-11d42e5db0fb.png,"
CVS®,Original price: $3.29,$2.89,,,6 oz bag,['In season'],Many in stock,"https://www.instacart.com/image-server/197x197/filters:fill(FFF,true):format(jpg)/d2lnr5mha7bycj.cloudfront.net/product-image/file/large_d7c4cb81-e8cf-478d-9881-816dded84aa6.jpg,"
CVS®,Original price: $3.49,$2.89,,,3 lb,[],,"https://www.instacart.com/image-server/197x197/filters:fill(FFF,true):format(jpg)/d2lnr5mha7bycj.cloudfront.net/product-image/file/large_41de7a93-592d-4c04-aeea-d155d2ea6b2c.jpg,"
CVS®,Romaine Lettuce Package,$3.99,,,12 oz package,[],,"https://www.instacart.com/image-server/197x197/filters:fill(FFF,true):format(jpg)/d2lnr5mha7bycj.cloudfront.net/product-image/file/large_df5d4790-9c2e-48a3-bae6-a580f7302a30.png,"
CVS®,"The Little Potato Company Potatoes, Fresh Creamer, Savory Herb",$5.69,,,1 lb,[],Many in stock,"https://www.instacart.com/image-server/197x197/filters:fill(FFF,true):format(jpg)/d2lnr5mha7bycj.cloudfront.net/product-image/file/large_2b5db6a7-da3f-4415-9eb9-3ee72354dde2.png,"
CVS®,Dole Spinach,$2.49,,,8 oz,['In season'],,"https://www.instacart.com/image-server/197x197/filters:fill(FFF,true):format(jpg)/d2lnr5mha7bycj.cloudfront.net/product-image/file/large_b1660ff5-320f-4af1-99e4-bce027d27ac7.jpg,"
CVS®,Prime Time Sweet Mini Peppers,$3.99,,,454 g,[],Many in stock,"https://www.instacart.com/image-server/197x197/filters:fill(FFF,true):format(jpg)/d2lnr5mha7bycj.cloudfront.net/product-image/file/large_e4b6ffa9-7aa5-418d-98ff-27907e529063.jpg,"
CVS®,Garcia Farms Produce Yams,$0.95,each (est.),$1.13 / lb,About 0.84 lb each,[],,"https://www.instacart.com/image-server/197x197/filters:fill(FFF,true):format(jpg)/d2lnr5mha7bycj.cloudfront.net/product-image/file/large_f2dbf9ef-72c0-4afa-8c48-7d9177006ef2.jpg,"
CVS®,"The Little Potato Company Potatoes, Fresh Creamer, Garlic Parsley",$5.69,,,1 lb,[],Many in stock,"https://www.instacart.com/image-server/197x197/filters:fill(FFF,true):format(jpg)/d2lnr5mha7bycj.cloudfront.net/product-image/file/large_738a39ca-08a3-47de-9b81-c60371a7441b.png,"
CVS®,Original price: $2.19,$1.99,,,12 oz bag,[],Many in stock,"https://www.instacart.com/image-server/197x197/filters:fill(FFF,true):format(jpg)/d2lnr5mha7bycj.cloudfront.net/product-image/file/large_82116b6e-93f4-4e4e-82c6-676b3f138fb6.png,"
CVS®,"Pero Family Farms Green Beans, Snipped",$3.29,,,12 oz,[],,"https://www.instacart.com/image-server/197x197/filters:fill(FFF,true):format(jpg)/d2lnr5mha7bycj.cloudfront.net/product-image/file/large_ada56328-a567-453b-846c-27879e2d0eb6.png,"
CVS®,Carrot,$0.67,each (est.),$1.24 / lb,About 0.54 lb each,['Non-GMO'],,"https://www.instacart.com/image-server/197x197/filters:fill(FFF,true):format(jpg)/d2lnr5mha7bycj.cloudfront.net/product-image/file/large_33db9851-ed61-4080-ab6f-66e5340e271b.jpg,"
CVS®,"Love Beets Beets, Perfectly Pickled, Sliced",$4.99,,,8 oz,['Non-GMO'],,"https://www.instacart.com/image-server/197x197/filters:fill(FFF,true):format(jpg)/d2lnr5mha7bycj.cloudfront.net/product-image/file/large_6b6c4495-65c8-4f9e-885f-d93945c566ca.png,"
CVS®,Yellow Bell Pepper,$1.89,,,1 each,[],Many in stock,"https://www.instacart.com/image-server/197x197/filters:fill(FFF,true):format(jpg)/d2lnr5mha7bycj.cloudfront.net/product-image/file/large_8ed0e1f3-5a76-41e6-8a36-90e3a2360f6e.jpg,"
CVS®,Original price: $4.31,$3.12,each (est.),$2.89 / lb,About 1.08 lb each,['In season'],,"https://www.instacart.com/image-server/197x197/filters:fill(FFF,true):format(jpg)/d2lnr5mha7bycj.cloudfront.net/product-image/file/large_4bb93855-7fe4-44f8-89b4-092285f2bd62.jpg,"
CVS®,Dole Garden Salad,$2.29,,,12 oz bag,[],,"https://www.instacart.com/image-server/197x197/filters:fill(FFF,true):format(jpg)/d2lnr5mha7bycj.cloudfront.net/product-image/file/large_d10caee5-9c79-4288-b525-7cd08450a930.jpg,"
CVS®,Original price: $6.99,$5.69,,,16 oz container,"['In season', 'Organic']",Many in stock,"https://www.instacart.com/image-server/197x197/filters:fill(FFF,true):format(jpg)/d2lnr5mha7bycj.cloudfront.net/product-image/file/large_009a30cf-6afd-43b5-945f-c838a1c809ff.png,"
CVS®,Yellow Squash,$1.15,each (est.),$2.39 / lb,About 0.48 lb each,[],,"https://www.instacart.com/image-server/197x197/filters:fill(FFF,true):format(jpg)/d2lnr5mha7bycj.cloudfront.net/product-image/file/large_16c363cf-5370-410f-86ca-c66e992ab197.jpg,"
CVS®,Original price: $3.29,$2.89,,,12 oz,[],,"https://www.instacart.com/image-server/197x197/filters:fill(FFF,true):format(jpg)/d2lnr5mha7bycj.cloudfront.net/product-image/file/large_209ac803-a264-4028-9da9-4eba7025011f.png,"
CVS®,Original price: $8.99,$5.69,,,8 lb bag,[],Many in stock,"https://www.instacart.com/image-server/197x197/filters:fill(FFF,true):format(jpg)/d2lnr5mha7bycj.cloudfront.net/product-image/file/large_b1ebe527-0f24-43da-9866-c86d74f7f906.png,"
CVS®,Original price: $4.99,$4.59,,,14 oz,"['In season', 'Organic']",,"https://www.instacart.com/image-server/197x197/filters:fill(FFF,true):format(jpg)/d2lnr5mha7bycj.cloudfront.net/product-image/file/large_9d9019e1-a60e-41af-b8f9-0d8215cb4eee.jpg,"
CVS®,Original price: $3.69,$2.89,,,8 oz,[],,"https://www.instacart.com/image-server/197x197/filters:fill(FFF,true):format(jpg)/d2lnr5mha7bycj.cloudfront.net/product-image/file/large_9f18b63d-c0cf-44ad-a0ad-db2d7c16dce0.png,"
CVS®,Original price: $3.99,$3.49,,,3.75 oz,['Gluten-Free'],Many in stock,"https://www.instacart.com/image-server/197x197/filters:fill(FFF,true):format(jpg)/d2lnr5mha7bycj.cloudfront.net/product-image/file/large_1fd77195-d8fa-4d18-aa01-1e84fd8ba65d.png,"
CVS®,"Little Debbie Swiss Rolls, Twin Wrapped",$2.99,,,12 ct,[],Many in stock,"https://www.instacart.com/image-server/197x197/filters:fill(FFF,true):format(jpg)/d2lnr5mha7bycj.cloudfront.net/product-image/file/large_015be9b1-3e4f-4c8e-93ad-7b38808040dc.png,"
CVS®,Ritz Bits Cheese and Bits Peanut Butter,$11.99,,,20 x 20 oz,[],,"https://www.instacart.com/image-server/197x197/filters:fill(FFF,true):format(jpg)/d2lnr5mha7bycj.cloudfront.net/product-image/file/large_61873a13-bec8-4c9c-bbec-dd4fae582f75.jpg,"
CVS®,Gushers Strawberry and Tropical Fruit Flavored Snacks Variety Pack,$6.99,,,9.6 oz,['Gluten-Free'],,"https://www.instacart.com/image-server/197x197/filters:fill(FFF,true):format(jpg)/d2lnr5mha7bycj.cloudfront.net/product-image/file/large_592f672f-d97e-4448-9501-69261d9342cc.png,"
CVS®,"Betty Crocker Fruit Snacks, Gushers, Variety Snack Pack",$3.59,,,6 x 0.9 oz,['Gluten-Free'],,"https://www.instacart.com/image-server/197x197/filters:fill(FFF,true):format(jpg)/d2lnr5mha7bycj.cloudfront.net/product-image/file/large_0d17b5c1-5935-49e8-a7b2-32823b8d3d30.jpg,"
CVS®,Little Debbie Strawberry Shortcake Rolls,$2.99,,,6 ct,[],Many in stock,"https://www.instacart.com/image-server/197x197/filters:fill(FFF,true):format(jpg)/d2lnr5mha7bycj.cloudfront.net/product-image/file/large_09f7cc58-db95-4ffa-b121-69429969c6a9.png,"
CVS®,"Kinder Milk Chocolate and Hazelnut Cream, Individually Wrapped Chocolate Bars",$6.99,,,7.5 oz,[],,"https://www.instacart.com/image-server/197x197/filters:fill(FFF,true):format(jpg)/d2lnr5mha7bycj.cloudfront.net/product-image/file/large_cbf3313f-5cf9-4fbc-99b5-6e7494e7ae1f.jpg,"
CVS®,"Ritz Cheese Sandwich Crackers, Snack Packs",$4.59,,,8 x 1.35 oz,[],,"https://www.instacart.com/image-server/197x197/filters:fill(FFF,true):format(jpg)/d2lnr5mha7bycj.cloudfront.net/product-image/file/large_eb909235-97a3-4434-bda7-52f081fcee12.png,"
CVS®,Original price: $5.69,$4.99,,,8 ct,[],Many in stock,"https://www.instacart.com/image-server/197x197/filters:fill(FFF,true):format(jpg)/d2lnr5mha7bycj.cloudfront.net/product-image/file/large_2872f4fb-2785-4938-ab44-370664e6603c.png,"
CVS®,Oreo Double Stuf Chocolate Sandwich Cookies,$4.79,,,14 oz,[],,"https://www.instacart.com/image-server/197x197/filters:fill(FFF,true):format(jpg)/d2lnr5mha7bycj.cloudfront.net/product-image/file/large_908f46b5-2fa1-4a01-8536-096e95883647.jpg,"
CVS®,Original price: $10.99,$7.99,,,80 ct,['Gluten-Free'],,"https://www.instacart.com/image-server/197x197/filters:fill(FFF,true):format(jpg)/d2lnr5mha7bycj.cloudfront.net/product-image/file/large_303d1aaf-77e1-4ce7-a842-3be3bf309dea.png,"
CVS®,Doritos Cool Ranch Tortilla Chips,$4.99,,,9.75 oz,[],,"https://www.instacart.com/image-server/197x197/filters:fill(FFF,true):format(jpg)/d2lnr5mha7bycj.cloudfront.net/product-image/file/large_7cc1c602-c8c5-4e13-a0f2-62666cc2b9c6.png,"
CVS®,Original price: $3.69,$3.49,,,4 ct,[],Many in stock,"https://www.instacart.com/image-server/197x197/filters:fill(FFF,true):format(jpg)/d2lnr5mha7bycj.cloudfront.net/product-image/file/large_928adae0-42d3-416a-bb8c-1e2120ccecdd.png,"
CVS®,Hostess DONETTES Old Fashioned Mini Donuts Poppable Snack Resealable Bag,$2.99,,,10.5 oz,[],,"https://www.instacart.com/image-server/197x197/filters:fill(FFF,true):format(jpg)/d2lnr5mha7bycj.cloudfront.net/product-image/file/large_fdbe281f-678d-4e99-87cc-1e4fb63f0ded.png,"
CVS®,"GoGo Squeez Fruit & Veggies, On The Go, Dinosaurz Pack, 20 Variety Pack",$13.99,,,20 x 3.2 oz,"['Vegan', 'Gluten-Free']",,"https://www.instacart.com/image-server/197x197/filters:fill(FFF,true):format(jpg)/d2lnr5mha7bycj.cloudfront.net/product-image/file/large_87c5a92a-7618-4804-ba12-722c8be058eb.jpg,"
CVS®,Original price: $3.49,$2.99,,,13.72 oz,[],Many in stock,"https://www.instacart.com/image-server/197x197/filters:fill(FFF,true):format(jpg)/d2lnr5mha7bycj.cloudfront.net/product-image/file/large_6ad1b927-03ce-4034-b00c-c974984abb38.jpg,"
CVS®,Hostess Donettes Double Chocolate Frosted DONETTES Bag Mini Breakfast Donuts,$2.99,,,18 x 10.7 oz,[],,"https://www.instacart.com/image-server/197x197/filters:fill(FFF,true):format(jpg)/d2lnr5mha7bycj.cloudfront.net/product-image/file/large_4dee5114-ed5a-404b-a719-0e95e99a6486.jpg,"
CVS®,KIND Peanut Butter Dark Chocolate,$9.99,,,15 x 1.2 oz,['Gluten-Free'],,"https://www.instacart.com/image-server/197x197/filters:fill(FFF,true):format(jpg)/d2lnr5mha7bycj.cloudfront.net/product-image/file/large_561df355-4677-4d37-98e3-e040c50dc5f0.jpg,"
CVS®,Original price: $3.69,$3.49,,,5 ct,[],Many in stock,"https://www.instacart.com/image-server/197x197/filters:fill(FFF,true):format(jpg)/d2lnr5mha7bycj.cloudfront.net/product-image/file/large_ffc3a6e7-0092-437b-b827-6aca914beb04.png,"
CVS®,"Mott’s Fruit Flavored Snacks, Assorted Fruit, Pouches",$9.99,,,32 oz,['Gluten-Free'],,"https://www.instacart.com/image-server/197x197/filters:fill(FFF,true):format(jpg)/d2lnr5mha7bycj.cloudfront.net/product-image/file/large_e7645e47-d78b-44b8-814d-3cfaa74e0572.jpg,"
CVS®,Meijer HONEY Grahams,$3.99,,,14.4 oz,[],Many in stock,"https://www.instacart.com/image-server/197x197/filters:fill(FFF,true):format(jpg)/d2lnr5mha7bycj.cloudfront.net/product-image/file/large_6f4bbdae-f39e-41d8-b366-178a815cfe79.jpg,"
CVS®,"Nutella & Go Snack Packs, Chocolate Hazelnut Spread with Breadsticks, Bulk Snacks for Kids",$7.49,,,4 x 1.8 oz,[],,"https://www.instacart.com/image-server/197x197/filters:fill(FFF,true):format(jpg)/d2lnr5mha7bycj.cloudfront.net/product-image/file/large_c9f6b718-6971-48d5-9f9f-53d1e5be47f5.png,"
CVS®,"Ruffles Potato Chips, Cheddar & Sour Cream Flavored, Party Size",$6.59,,,12.5 oz,[],,"https://www.instacart.com/image-server/197x197/filters:fill(FFF,true):format(jpg)/d2lnr5mha7bycj.cloudfront.net/product-image/file/large_4df24707-ea05-4007-a428-db4337763a92.png,"
CVS®,Original price: $6.99,$4.99,,,9.6 oz,[],,"https://www.instacart.com/image-server/197x197/filters:fill(FFF,true):format(jpg)/d2lnr5mha7bycj.cloudfront.net/product-image/file/large_e49d9732-d38e-42f0-b391-3240a62c5bbd.jpg,"
CVS®,Original price: $5.49,$4.99,,,6 x 2 oz,[],Many in stock,"https://www.instacart.com/image-server/197x197/filters:fill(FFF,true):format(jpg)/d2lnr5mha7bycj.cloudfront.net/product-image/file/large_dd5ceeb5-235b-470a-92fe-558af6c38a54.png,"
CVS®,"KIND Granola Bars, Dark Chocolate Chunk, Chewy with a Crunch, Value Pack, 15 Pack",$9.99,,,1.2 oz,['Gluten-Free'],,"https://www.instacart.com/image-server/197x197/filters:fill(FFF,true):format(jpg)/d2lnr5mha7bycj.cloudfront.net/product-image/file/large_65bf3f5e-aa81-481f-8fc7-8fb0fde75921.jpg,"
CVS®,"Cheetos Cheese Flavored Snacks, Flamin' Hot, Crunchy, Party Size",$6.59,,,15 oz,['Gluten-Free'],,"https://www.instacart.com/image-server/197x197/filters:fill(FFF,true):format(jpg)/d2lnr5mha7bycj.cloudfront.net/product-image/file/large_587864b9-715d-46e6-b0ae-08a47ae06fc8.png,"
CVS®,Original price: $5.49,$4.99,,,5 x 1.76 oz,[],,"https://www.instacart.com/image-server/197x197/filters:fill(FFF,true):format(jpg)/d2lnr5mha7bycj.cloudfront.net/product-image/file/large_eea025b8-4651-4861-8b0a-ea5c7aa930a0.jpg,"
CVS®,"Keebler Sandwich Crackers, Single Serve Snack Crackers, Lunch Snacks",$4.49,,,8 x 1.38 oz,[],Many in stock,"https://www.instacart.com/image-server/197x197/filters:fill(FFF,true):format(jpg)/d2lnr5mha7bycj.cloudfront.net/product-image/file/large_71fb6651-4f53-44fe-a86d-3f5e30cc94d8.jpg,"
CVS®,Original price: $5.99,$5.69,,,5 x 6.17 oz,[],,"https://www.instacart.com/image-server/197x197/filters:fill(FFF,true):format(jpg)/d2lnr5mha7bycj.cloudfront.net/product-image/file/large_c2f59000-efc9-4516-93a0-bef4bcd212c2.jpg,"
CVS®,Keebler Cheese & Peanut Butter Sandwich Crackers,$4.49,,,8 x 1.38 oz,[],Many in stock,"https://www.instacart.com/image-server/197x197/filters:fill(FFF,true):format(jpg)/d2lnr5mha7bycj.cloudfront.net/product-image/file/large_a847eb7f-009d-4251-8072-7cef16c38c68.jpg,"
CVS®,Hostess Chocolate Caramel KAZBARS Creamy and Crunchy Layer Bar Individually Wrapped,$4.99,,,8 ct,[],,"https://www.instacart.com/image-server/197x197/filters:fill(FFF,true):format(jpg)/d2lnr5mha7bycj.cloudfront.net/product-image/file/large_231a30d1-c65b-4291-93bb-8c94bc15f1d5.jpg,"
CVS®,Original price: $8.99,$7.99,,,20 ct,[],Many in stock,"https://www.instacart.com/image-server/197x197/filters:fill(FFF,true):format(jpg)/d2lnr5mha7bycj.cloudfront.net/product-image/file/large_d84090a1-f825-4118-b755-7db53417583d.png,"
CVS®,KIND Blueberry Vanilla & Cashew,$8.99,,,6 x 8 oz,['Gluten-Free'],,"https://www.instacart.com/image-server/197x197/filters:fill(FFF,true):format(jpg)/d2lnr5mha7bycj.cloudfront.net/product-image/file/large_79a1785d-2421-4222-89f0-88d7090e5c8a.png,"
CVS®,Original price: $4.59,$3.99,,,19.2 oz,[],Many in stock,"https://www.instacart.com/image-server/197x197/filters:fill(FFF,true):format(jpg)/d2lnr5mha7bycj.cloudfront.net/product-image/file/large_77bfd3dd-3de6-4424-84f8-fe08caea4bda.jpg,"
CVS®,Original price: $3.99,$3.49,,,12.5 oz,"['Gluten-Free', 'Vegan']",Many in stock,"https://www.instacart.com/image-server/197x197/filters:fill(FFF,true):format(jpg)/d2lnr5mha7bycj.cloudfront.net/product-image/file/large_9a92d35d-5999-426a-adf0-aca8afdbc0d8.png,"
CVS®,Meijer Tiny Twists Low Fat Pretzels,$2.69,,,15 oz,['Low Fat'],,"https://www.instacart.com/image-server/197x197/filters:fill(FFF,true):format(jpg)/d2lnr5mha7bycj.cloudfront.net/product-image/file/large_fe5538be-47b1-4a10-89a5-af11179b9d73.png,"
CVS®,Nature's Bakery Whole Wheat Blueberry Fig Bar,$12.59,,,36 oz,['Vegan'],,"https://www.instacart.com/image-server/197x197/filters:fill(FFF,true):format(jpg)/d2lnr5mha7bycj.cloudfront.net/product-image/file/large_aaab1873-d24d-43e5-b889-e66cca6dcc0f.jpg,"
CVS®,Original price: $5.99,$5.69,,,3.4 oz,"['Gluten-Free', 'Vegan']",,"https://www.instacart.com/image-server/197x197/filters:fill(FFF,true):format(jpg)/d2lnr5mha7bycj.cloudfront.net/product-image/file/large_16fc419a-ac2f-412d-8de2-2253a60cd93b.png,"
CVS®,Cheetos Crunchy Cheese Flavored Snacks,$4.99,,,8.5 oz,['Gluten-Free'],,"https://www.instacart.com/image-server/197x197/filters:fill(FFF,true):format(jpg)/d2lnr5mha7bycj.cloudfront.net/product-image/file/large_bd481e73-2fc4-40c5-a9c2-465d6ae2afc9.png,"
CVS®,"Endangered Species Dark Chocolate, Almonds & Sea Salt, 72% Cocoa",$3.79,,,3 oz,"['Gluten-Free', 'Vegan']",,"https://www.instacart.com/image-server/197x197/filters:fill(FFF,true):format(jpg)/d2lnr5mha7bycj.cloudfront.net/product-image/file/large_cc4b9004-6bc3-4a93-a613-66f056220b84.png,"
CVS®,Original price: $6.99,$4.99,,,21 oz,['Light Sodium'],,"https://www.instacart.com/image-server/197x197/filters:fill(FFF,true):format(jpg)/d2lnr5mha7bycj.cloudfront.net/product-image/file/large_38bcad19-dc5d-46e5-9616-ac0aa6ddb486.png,"
CVS®,Premium Original Saltine Crackers,$3.99,,,16 oz,[],,"https://www.instacart.com/image-server/197x197/filters:fill(FFF,true):format(jpg)/d2lnr5mha7bycj.cloudfront.net/product-image/file/large_caf5b34b-319e-431b-b45c-f264438d93b6.png,"
CVS®,Original price: $3.69,$3.49,,,11 oz,[],,"https://www.instacart.com/image-server/197x197/filters:fill(FFF,true):format(jpg)/d2lnr5mha7bycj.cloudfront.net/product-image/file/large_7a97df94-cf50-48bd-bfe9-1539c681f629.jpg,"
CVS®,Hostess Chocolate DING DONGS Chocolate Snack Cakes Creamy Filling Family Pack,$5.99,,,16 x 20 oz,[],,"https://www.instacart.com/image-server/197x197/filters:fill(FFF,true):format(jpg)/d2lnr5mha7bycj.cloudfront.net/product-image/file/large_4c68d2fe-acc0-4272-9922-1a959fb74e28.jpg,"
CVS®,Original price: $5.99,$5.69,,,11.25 oz,"['Gluten-Free', 'Vegan']",,"https://www.instacart.com/image-server/197x197/filters:fill(FFF,true):format(jpg)/d2lnr5mha7bycj.cloudfront.net/product-image/file/large_07aa49fe-9696-416f-a146-45614c1c16b8.jpg,"
CVS®,Original price: $4.19,$3.99,,,8 x 12.7 oz,[],Many in stock,"https://www.instacart.com/image-server/197x197/filters:fill(FFF,true):format(jpg)/d2lnr5mha7bycj.cloudfront.net/product-image/file/large_57eeb026-55c3-49b9-aa4d-43a595cfe2fa.jpg,"
CVS®,"Back to Nature Cookies, Classic Creme",$5.49,,,12 oz,[],Many in stock,"https://www.instacart.com/image-server/197x197/filters:fill(FFF,true):format(jpg)/d2lnr5mha7bycj.cloudfront.net/product-image/file/large_1502a3c9-4c7d-496c-a0bd-9b56eeded734.png,"
CVS®,"Ruffles Potato Chips, Original",$4.99,,,8.5 oz,"['Gluten-Free', 'Vegan']",,"https://www.instacart.com/image-server/197x197/filters:fill(FFF,true):format(jpg)/d2lnr5mha7bycj.cloudfront.net/product-image/file/large_1bcc3d55-5de0-470e-91e7-c8c9d8cdc54c.png,"
CVS®,Original price: $3.99,$3.49,,,8 oz,['Zero Sugar'],Many in stock,"https://www.instacart.com/image-server/197x197/filters:fill(FFF,true):format(jpg)/d2lnr5mha7bycj.cloudfront.net/product-image/file/large_9e489b0f-caee-40e6-b3de-38b2c80bfd72.jpg,"
CVS®,"Nature's Bakery Fig Bar, Raspberry, Twin Packs",$12.59,,,36 oz,['Vegan'],,"https://www.instacart.com/image-server/197x197/filters:fill(FFF,true):format(jpg)/d2lnr5mha7bycj.cloudfront.net/product-image/file/large_e246f9e3-a852-442e-959a-56d8a2b60d93.jpg,"
CVS®,"Voortman Bakery Wafers, Peanut Butter",$3.79,,,10.6 oz,[],,"https://www.instacart.com/image-server/197x197/filters:fill(FFF,true):format(jpg)/d2lnr5mha7bycj.cloudfront.net/product-image/file/large_da8b86ee-10e9-4461-9d7a-1790e796ed58.png,"
CVS®,Del Monte 12 Count Family Variety Fruit Cups,$9.99,,,3.75 oz,[],Many in stock,"https://www.instacart.com/image-server/197x197/filters:fill(FFF,true):format(jpg)/d2lnr5mha7bycj.cloudfront.net/product-image/file/large_06addb5c-aec8-401c-9d1a-4e8dd70c5776.png,"
CVS®,Hostess TWINKIES Golden Sponge Cake Creamy Filling Family Pack –,$5.99,,,16 ct,[],,"https://www.instacart.com/image-server/197x197/filters:fill(FFF,true):format(jpg)/d2lnr5mha7bycj.cloudfront.net/product-image/file/large_434dc40e-865b-45f2-84da-751ab6d5783a.jpg,"
CVS®,Original price: $3.99,$3.49,,,9 oz,['Zero Sugar'],Many in stock,"https://www.instacart.com/image-server/197x197/filters:fill(FFF,true):format(jpg)/d2lnr5mha7bycj.cloudfront.net/product-image/file/large_d814c85b-e974-43a6-8466-8bf1d311accf.jpg,"
CVS®,Original price: $12.59,$10.99,,,30.08 oz,[],,"https://www.instacart.com/image-server/197x197/filters:fill(FFF,true):format(jpg)/d2lnr5mha7bycj.cloudfront.net/product-image/file/large_a6259c81-c113-462e-93de-90fc16ef2815.png,"
CVS®,Werther's Original Hard Sugar Free Assorted Flavors,$7.99,,,7.7 oz,['Zero Sugar'],,"https://www.instacart.com/image-server/197x197/filters:fill(FFF,true):format(jpg)/d2lnr5mha7bycj.cloudfront.net/product-image/file/large_d1c60c36-6dd1-4772-ab89-ca3de35fa70e.jpg,"
CVS®,Werther's Original Chewy Sugar Free Caramel Candy,$7.99,,,7.7 oz,['Zero Sugar'],,"https://www.instacart.com/image-server/197x197/filters:fill(FFF,true):format(jpg)/d2lnr5mha7bycj.cloudfront.net/product-image/file/large_cef92109-d316-420b-9083-6856b325fe1e.png,"
CVS®,"Back to Nature Cookies, Peanut Butter Creme",$5.49,,,9.6 oz,[],Many in stock,"https://www.instacart.com/image-server/197x197/filters:fill(FFF,true):format(jpg)/d2lnr5mha7bycj.cloudfront.net/product-image/file/large_4abd51ef-caa5-453f-9f62-f4a3d06e79e3.png,"
CVS®,KIND Energy Bar Chocolate Chunk,$8.99,,,6 x 1 lb,['Gluten-Free'],,"https://www.instacart.com/image-server/197x197/filters:fill(FFF,true):format(jpg)/d2lnr5mha7bycj.cloudfront.net/product-image/file/large_54d47755-d2a7-4d15-bfdd-2b03d94039c4.png,"
CVS®,Munk Pack Sea Salt Dark Chocolate Nut & Seed Bars,$8.59,,,4 x 1.23 oz,"['Gluten-Free', 'Keto']",,"https://www.instacart.com/image-server/197x197/filters:fill(FFF,true):format(jpg)/d2lnr5mha7bycj.cloudfront.net/product-image/file/large_4a5762cf-9bed-4cea-962a-33c7a664ce02.jpg,"
CVS®,"gimMe Snacks, Teriyaki, Roasted Seaweed",$2.29,,,0.35 oz,"['Gluten-Free', 'Organic']",,"https://www.instacart.com/image-server/197x197/filters:fill(FFF,true):format(jpg)/d2lnr5mha7bycj.cloudfront.net/product-image/file/large_660f9076-0ba4-45b6-a61b-e0fa7ac6f7e3.png,"
CVS®,Lindt Classic Recipe Milk Chocolate Candy Bar,$3.99,,,4.4 oz,[],,"https://www.instacart.com/image-server/197x197/filters:fill(FFF,true):format(jpg)/d2lnr5mha7bycj.cloudfront.net/product-image/file/large_87f31614-2a90-4a14-86cf-9d36c62fad57.jpg,"
CVS®,"KIND Granola Bars, Oat & Honey with Toasted Coconut, Value Pack",$9.99,,,15 x 1.2 oz,['Gluten-Free'],,"https://www.instacart.com/image-server/197x197/filters:fill(FFF,true):format(jpg)/d2lnr5mha7bycj.cloudfront.net/product-image/file/large_bb0d6a2c-cf67-45f8-ad83-bc12a03d82bc.jpg,"
CVS®,Original price: $5.99,$4.99,,,19.3 oz,[],,"https://www.instacart.com/image-server/197x197/filters:fill(FFF,true):format(jpg)/d2lnr5mha7bycj.cloudfront.net/product-image/file/large_0adc5925-e75e-42ab-ace6-71b8a87eb254.jpg,"
CVS®,Cap'N Crunch Fruit Cereal,$4.49,,,11.7 oz,[],Many in stock,"https://www.instacart.com/image-server/197x197/filters:fill(FFF,true):format(jpg)/d2lnr5mha7bycj.cloudfront.net/product-image/file/large_9187f769-6fe7-4ea9-bbd4-c8e40210ffd8.jpg,"
CVS®,"Post Fruity PEBBLES Breakfast Cereal, Gluten Free",$5.99,,,19.5 oz,['Gluten-Free'],,"https://www.instacart.com/image-server/197x197/filters:fill(FFF,true):format(jpg)/d2lnr5mha7bycj.cloudfront.net/product-image/file/large_d8581b97-350d-4a9e-8e28-320621a8cd56.png,"
CVS®,Original price: $5.99,$4.99,,,16.1 oz,['Whole Grain'],,"https://www.instacart.com/image-server/197x197/filters:fill(FFF,true):format(jpg)/d2lnr5mha7bycj.cloudfront.net/product-image/file/large_20cabda4-67b6-4c2d-8ff4-8662d03d82bf.png,"
CVS®,"Pillsbury Toaster Pastries, Strawberry",$3.99,,,6 each,[],,"https://www.instacart.com/image-server/197x197/filters:fill(FFF,true):format(jpg)/d2lnr5mha7bycj.cloudfront.net/product-image/file/large_1f4a78a6-db31-406f-9ce5-16314a6d5187.png,"
CVS®,"Post Honeycomb Breakfast Cereal, Honey Flavored Corn Cereal",$4.59,,,12.5 oz,[],Many in stock,"https://www.instacart.com/image-server/197x197/filters:fill(FFF,true):format(jpg)/d2lnr5mha7bycj.cloudfront.net/product-image/file/large_c8ea0acf-03ec-4640-b094-59059b8a1ddc.png,"
CVS®,Krusteaz Light & Fluffy Buttermilk Complete Pancake & Waffle Mix,$3.49,,,32 oz,[],,"https://www.instacart.com/image-server/197x197/filters:fill(FFF,true):format(jpg)/d2lnr5mha7bycj.cloudfront.net/product-image/file/large_c74410f5-b8c3-475e-8e51-82db6e3fb18c.jpg,"
CVS®,"Kellogg’s Nutri-Grain Soft Baked Breakfast Bars, Made with Whole Grains, Kids Snacks, Variety Pack",$19.99,,,48 x 62.4 oz,[],,"https://www.instacart.com/image-server/197x197/filters:fill(FFF,true):format(jpg)/d2lnr5mha7bycj.cloudfront.net/product-image/file/large_1d874aa2-e974-42bf-8073-8ef3c090d6a6.jpg,"
CVS®,Meijer Buttermilk Complete Pancake Mix,$2.89,,,32 oz,[],Many in stock,"https://www.instacart.com/image-server/197x197/filters:fill(FFF,true):format(jpg)/d2lnr5mha7bycj.cloudfront.net/product-image/file/large_2dd2ae02-4ead-43f4-a615-e819da37594c.png,"
CVS®,Cinnamon Toast Crunch Breakfast Cereal,$7.99,,,23.6 oz,['Whole Grain'],Many in stock,"https://www.instacart.com/image-server/197x197/filters:fill(FFF,true):format(jpg)/d2lnr5mha7bycj.cloudfront.net/product-image/file/large_2fd673b7-52b6-4c38-a3e0-51b4d22b1ea6.jpg,"
CVS®,"Pillsbury Toaster Pastries, Cream Cheese & Strawberry",$3.99,,,6 each,[],,"https://www.instacart.com/image-server/197x197/filters:fill(FFF,true):format(jpg)/d2lnr5mha7bycj.cloudfront.net/product-image/file/large_e80c0b07-4d5b-4209-af41-325daeaaf051.png,"
CVS®,General Mills Reese's Puffs Chocolatey Peanut Butter Kids Breakfast Cereal,$8.99,,,35 oz,['Whole Grain'],Many in stock,"https://www.instacart.com/image-server/197x197/filters:fill(FFF,true):format(jpg)/d2lnr5mha7bycj.cloudfront.net/product-image/file/large_49dba831-89eb-4904-bf71-506c260a5107.png,"
CVS®,Original price: $5.99,$4.99,,,20.5 oz,"['Gluten-Free', 'Whole Grain']",Many in stock,"https://www.instacart.com/image-server/197x197/filters:fill(FFF,true):format(jpg)/d2lnr5mha7bycj.cloudfront.net/product-image/file/large_3a83af52-0e1d-42d9-a3d8-a9e85e8662de.jpg,"
CVS®,"Pop-Tarts Toaster Pastries, Breakfast Foods, Frosted Brown Sugar",$4.59,,,12 x 1.75 oz,[],,"https://www.instacart.com/image-server/197x197/filters:fill(FFF,true):format(jpg)/d2lnr5mha7bycj.cloudfront.net/product-image/file/large_3f820a81-b373-46b6-af6b-fad72c64970a.jpg,"
CVS®,Original price: $5.99,$4.99,,,19.5 oz,['Gluten-Free'],Many in stock,"https://www.instacart.com/image-server/197x197/filters:fill(FFF,true):format(jpg)/d2lnr5mha7bycj.cloudfront.net/product-image/file/large_7804684b-46df-4668-98a8-c219d98e3a57.jpg,"
CVS®,Lucky Charms Gluten Free Breakfast Cereal with Marshmallows,$8.99,,,32 oz,"['Gluten-Free', 'Whole Grain']",,"https://www.instacart.com/image-server/197x197/filters:fill(FFF,true):format(jpg)/d2lnr5mha7bycj.cloudfront.net/product-image/file/large_1bdc5f42-1512-45a3-b173-51704810f7ac.jpg,"
CVS®,"Pop-Tarts Toaster Pastries, Breakfast Foods, Cookies and Creme",$4.59,,,12 x 21.1 oz,[],,"https://www.instacart.com/image-server/197x197/filters:fill(FFF,true):format(jpg)/d2lnr5mha7bycj.cloudfront.net/product-image/file/large_39e614c9-4468-40f1-a87d-ca3880c1e492.jpg,"
CVS®,Original price: $1.19,$0.99,,,7 oz,[],Many in stock,"https://www.instacart.com/image-server/197x197/filters:fill(FFF,true):format(jpg)/d2lnr5mha7bycj.cloudfront.net/product-image/file/large_0e003044-266a-498c-beeb-e228089474c6.png,"
CVS®,Original price: $5.99,$4.99,,,22.9 oz,['Whole Grain'],,"https://www.instacart.com/image-server/197x197/filters:fill(FFF,true):format(jpg)/d2lnr5mha7bycj.cloudfront.net/product-image/file/large_662a6ac8-2225-43ed-ad3e-f3c056b35a3c.jpg,"
CVS®,"Kodiak Cakes Power Waffles, Chocolate Chip",$6.79,,,10.72 oz,['Whole Grain'],,"https://www.instacart.com/image-server/197x197/filters:fill(FFF,true):format(jpg)/d2lnr5mha7bycj.cloudfront.net/product-image/file/large_7866df97-619d-4b95-b454-6cf12888411d.jpg,"
CVS®,"Pop-Tarts Toaster Pastries, Breakfast Foods, Frosted Strawberry",$4.59,,,22 oz,[],,"https://www.instacart.com/image-server/197x197/filters:fill(FFF,true):format(jpg)/d2lnr5mha7bycj.cloudfront.net/product-image/file/large_2caf8369-f4db-45b3-85a2-e127107fcfea.jpg,"
CVS®,"Cinnamon Toast Crunch Cinnamon Crispy, Sweetened Whole Wheat & Rice Cereal",$3.99,,,14.9 oz,[],,"https://www.instacart.com/image-server/197x197/filters:fill(FFF,true):format(jpg)/d2lnr5mha7bycj.cloudfront.net/product-image/file/large_ef416527-1748-4622-befd-961a815fb022.png,"
CVS®,"Pop-Tarts Toaster Pastries, Breakfast Foods, Frosted S'mores",$4.59,,,12 each,[],,"https://www.instacart.com/image-server/197x197/filters:fill(FFF,true):format(jpg)/d2lnr5mha7bycj.cloudfront.net/product-image/file/large_52272a63-3255-43f3-bf01-f1c9dbf09688.jpg,"
CVS®,Kodiak Cakes Maple Brown Sugar Oatmeal in a Cup,$2.89,,,2.12 oz,[],,"https://www.instacart.com/image-server/197x197/filters:fill(FFF,true):format(jpg)/d2lnr5mha7bycj.cloudfront.net/product-image/file/large_640e1039-6000-4e2a-8e65-0ff2db9f7be2.jpg,"
CVS®,Meijer Fruit & Cream Instant Oatmeal Variety Pack,$2.39,,,10 ct,[],Many in stock,"https://www.instacart.com/image-server/197x197/filters:fill(FFF,true):format(jpg)/d2lnr5mha7bycj.cloudfront.net/product-image/file/large_18de08be-98dd-4a81-bab4-4328a0611cff.jpg,"
CVS®,Original price: $5.69,$4.99,,,14.2 oz,"['Gluten-Free', 'Whole Grain']",Many in stock,"https://www.instacart.com/image-server/197x197/filters:fill(FFF,true):format(jpg)/d2lnr5mha7bycj.cloudfront.net/product-image/file/large_e897711a-080e-4d67-9d39-a68c06ef719f.png,"
CVS®,"Cinnamon Toast Crunch Breakfast Cereal Treat Bars, Snack Bars",$3.99,,,6.8 oz,[],,"https://www.instacart.com/image-server/197x197/filters:fill(FFF,true):format(jpg)/d2lnr5mha7bycj.cloudfront.net/product-image/file/large_328c53e5-dee8-4eb1-8ed7-2251548f3646.png,"
CVS®,Kodiak Cakes Power Cakes Buttermilk Flapjack & Waffle Mix,$5.99,,,20 oz,['Whole Grain'],,"https://www.instacart.com/image-server/197x197/filters:fill(FFF,true):format(jpg)/d2lnr5mha7bycj.cloudfront.net/product-image/file/large_d4c2d3e6-2fa3-4307-b545-974511589a35.jpg,"
CVS®,Kellogg's Frosted Flakes Cereal,$4.59,,,18 oz,[],,"https://www.instacart.com/image-server/197x197/filters:fill(FFF,true):format(jpg)/d2lnr5mha7bycj.cloudfront.net/product-image/file/large_4c56ec99-0197-46fd-a470-38a7a6f74254.png,"
CVS®,Original price: $4.99,$4.59,,,12.3 oz,[],,"https://www.instacart.com/image-server/197x197/filters:fill(FFF,true):format(jpg)/d2lnr5mha7bycj.cloudfront.net/product-image/file/large_24bbf7db-d3bb-4caa-9fac-f4f4669ef1d5.jpg,"
CVS®,Original price: $4.99,$4.59,,,11.7 oz,[],,"https://www.instacart.com/image-server/197x197/filters:fill(FFF,true):format(jpg)/d2lnr5mha7bycj.cloudfront.net/product-image/file/large_a19c4b7c-1b7c-4504-891f-0e76348cbfbd.jpg,"
CVS®,"Jessica’s Natural Foods Granola, Chocolate Chip, Gluten Free",$7.99,,,11 oz,['Gluten-Free'],,"https://www.instacart.com/image-server/197x197/filters:fill(FFF,true):format(jpg)/d2lnr5mha7bycj.cloudfront.net/product-image/file/large_191e4891-d9a8-4edd-b24c-e1b8776e00b8.jpg,"
CVS®,"Malt-O-Meal Fruity Dyno-Bites with Marshmallows Cereal, Gluten Free Breakfast Cereal",$6.99,,,30 oz,['Gluten-Free'],,"https://www.instacart.com/image-server/197x197/filters:fill(FFF,true):format(jpg)/d2lnr5mha7bycj.cloudfront.net/product-image/file/large_22356efb-e8e3-411b-b835-7be8f070bcf2.jpg,"
CVS®,Malt-O-Meal Cinnamon Toasters Cereal,$6.99,,,33 oz,[],,"https://www.instacart.com/image-server/197x197/filters:fill(FFF,true):format(jpg)/d2lnr5mha7bycj.cloudfront.net/product-image/file/large_7c362d26-5859-42af-8707-8a9cd664087b.jpg,"
CVS®,Kodiak Cakes Chocolate Chip Oatmeal in a Cup,$2.89,,,2.12 oz,[],,"https://www.instacart.com/image-server/197x197/filters:fill(FFF,true):format(jpg)/d2lnr5mha7bycj.cloudfront.net/product-image/file/large_e5478d77-0c20-49bc-b0f4-6717df6ebbb9.jpg,"
CVS®,General Mills Chocolate Chex Gluten Free Breakfast Cereal,$4.99,,,12.8 oz,"['Gluten-Free', 'Whole Grain']",,"https://www.instacart.com/image-server/197x197/filters:fill(FFF,true):format(jpg)/d2lnr5mha7bycj.cloudfront.net/product-image/file/large_4570b0d4-3ebf-4e7e-9808-ae50e542418a.jpg,"
CVS®,Malt-O-Meal S'mores Breakfast Cereal,$6.99,,,30 oz,[],,"https://www.instacart.com/image-server/197x197/filters:fill(FFF,true):format(jpg)/d2lnr5mha7bycj.cloudfront.net/product-image/file/large_34962aaa-2c98-4f06-b5fd-4835be26909a.jpg,"
CVS®,Meijer Old Fashioned Oats,$2.99,,,18 oz,[],Many in stock,"https://www.instacart.com/image-server/197x197/filters:fill(FFF,true):format(jpg)/d2lnr5mha7bycj.cloudfront.net/product-image/file/large_99904eee-d0cd-4b63-8548-2e4da42c23ea.jpg,"
CVS®,"Kodiak Cakes Power Waffles, Buttermilk & Vanilla, Thick and Fluffy, Protein-Packed",$6.99,,,6 ct,[],,"https://www.instacart.com/image-server/197x197/filters:fill(FFF,true):format(jpg)/d2lnr5mha7bycj.cloudfront.net/product-image/file/large_310d04f5-0e92-4671-bbe3-0360e01e84c8.png,"
CVS®,"Kellogg's Breakfast Cereal, Kids Cereal, Family Breakfast, Variety Pack",$5.99,,,8 ct,[],,"https://www.instacart.com/image-server/197x197/filters:fill(FFF,true):format(jpg)/d2lnr5mha7bycj.cloudfront.net/product-image/file/large_2921db50-e7bc-4189-ab2a-cd92c77c8449.jpg,"
CVS®,Original price: $3.99,$3.49,,,8 ct,[],Many in stock,"https://www.instacart.com/image-server/197x197/filters:fill(FFF,true):format(jpg)/d2lnr5mha7bycj.cloudfront.net/product-image/file/large_218f9059-ca41-4cd9-b578-73fbb018e528.png,"
CVS®,Original price: $5.99,$4.99,,,18 oz,"['Gluten-Free', 'Whole Grain']",,"https://www.instacart.com/image-server/197x197/filters:fill(FFF,true):format(jpg)/d2lnr5mha7bycj.cloudfront.net/product-image/file/large_a66c6488-1f84-47b6-adbb-657145c06dbc.jpg,"
CVS®,Kodiak Cakes Peanut Butter Chocolate Chip Oatmeal in a Cup,$2.89,,,2.12 oz,[],,"https://www.instacart.com/image-server/197x197/filters:fill(FFF,true):format(jpg)/d2lnr5mha7bycj.cloudfront.net/product-image/file/large_8562c41e-5265-40ee-bd2d-3f8bd3274b53.jpg,"
CVS®,Original price: $3.99,$3.49,,,10 x 0.98 oz,[],Many in stock,"https://www.instacart.com/image-server/197x197/filters:fill(FFF,true):format(jpg)/d2lnr5mha7bycj.cloudfront.net/product-image/file/large_5b35e49c-686d-495a-9478-427c2cabedd2.jpg,"
CVS®,Frosted Flakes Frosted Flakes Original,$5.99,,,26.8 oz,[],,"https://www.instacart.com/image-server/197x197/filters:fill(FFF,true):format(jpg)/d2lnr5mha7bycj.cloudfront.net/product-image/file/large_7d573a78-57cb-4434-b096-7a2dd302d637.png,"
CVS®,"Kodiak Cakes Oatmeal, Blueberries & Cream, Protein Packed",$2.89,,,2.12 oz,[],,"https://www.instacart.com/image-server/197x197/filters:fill(FFF,true):format(jpg)/d2lnr5mha7bycj.cloudfront.net/product-image/file/large_43e28495-275a-4123-aa2b-da40fc6a55d0.png,"
CVS®,Original price: $6.99,$5.99,,,33 oz,[],,"https://www.instacart.com/image-server/197x197/filters:fill(FFF,true):format(jpg)/d2lnr5mha7bycj.cloudfront.net/product-image/file/large_7eedba7a-b050-459d-b23a-6cf1b76659e4.jpg,"
CVS®,Original price: $5.69,$4.99,,,14.3 oz,"['Gluten-Free', 'Whole Grain']",,"https://www.instacart.com/image-server/197x197/filters:fill(FFF,true):format(jpg)/d2lnr5mha7bycj.cloudfront.net/product-image/file/large_90049f4b-19ba-4148-9397-3a2fac36fead.jpg,"
CVS®,Original price: $3.99,$3.49,,,14.1 oz,[],Many in stock,"https://www.instacart.com/image-server/197x197/filters:fill(FFF,true):format(jpg)/d2lnr5mha7bycj.cloudfront.net/product-image/file/large_785868bc-b4b4-49ee-96df-5ce8b92037c8.png,"
CVS®,Kodiak Cakes Cinnamon Power Oatmeal in a Cup,$2.89,,,2.12 oz,[],,"https://www.instacart.com/image-server/197x197/filters:fill(FFF,true):format(jpg)/d2lnr5mha7bycj.cloudfront.net/product-image/file/large_983927c6-6685-4dbf-8756-7c730407f0ee.jpg,"
CVS®,Original price: $3.99,$3.49,,,8 x 1.51 oz,[],Many in stock,"https://www.instacart.com/image-server/197x197/filters:fill(FFF,true):format(jpg)/d2lnr5mha7bycj.cloudfront.net/product-image/file/large_81ee4270-f8e8-4c4d-9db6-ac2ff5dfbb86.jpg,"
CVS®,"Kellogg’s Nutri-Grain Soft Baked Breakfast Bars, Kids Snacks, Whole Grain, Apple Cinnamon",$6.99,,,16 x 20.8 oz,['Whole Grain'],,"https://www.instacart.com/image-server/197x197/filters:fill(FFF,true):format(jpg)/d2lnr5mha7bycj.cloudfront.net/product-image/file/large_5284c9a9-178d-4fb7-bdd5-2c6e60e885df.jpg,"
CVS®,Kodiak Cakes Blueberry & Maple Flapjack in a Cup,$2.29,,,2.22 oz,[],,"https://www.instacart.com/image-server/197x197/filters:fill(FFF,true):format(jpg)/d2lnr5mha7bycj.cloudfront.net/product-image/file/large_60384b2d-e568-4a57-a4bf-7f9f1e37aa12.jpg,"
CVS®,"Jessica’s Natural Foods Granola, Gluten Free, Vanilla Maple",$7.99,,,11 oz,['Gluten-Free'],,"https://www.instacart.com/image-server/197x197/filters:fill(FFF,true):format(jpg)/d2lnr5mha7bycj.cloudfront.net/product-image/file/large_902fd42c-f632-4a80-901d-52f99230fb3f.jpg,"
CVS®,Kodiak Cakes Power Cakes Chocolate Chip Flapjack & Waffle Mix,$5.99,,,18 oz,['Whole Grain'],,"https://www.instacart.com/image-server/197x197/filters:fill(FFF,true):format(jpg)/d2lnr5mha7bycj.cloudfront.net/product-image/file/large_35283603-909e-45e0-91a6-6c2feafac091.jpg,"
CVS®,Kodiak Cakes Peanut Butter & Chocolate Flapjack Cup,$2.29,,,2.36 oz,['Whole Grain'],,"https://www.instacart.com/image-server/197x197/filters:fill(FFF,true):format(jpg)/d2lnr5mha7bycj.cloudfront.net/product-image/file/large_48480141-081d-4800-abf4-f219bd6b7dfc.jpg,"
CVS®,Kodiak Cakes Buttermilk & Maple Flapjack Cup,$2.29,,,2.15 oz,[],,"https://www.instacart.com/image-server/197x197/filters:fill(FFF,true):format(jpg)/d2lnr5mha7bycj.cloudfront.net/product-image/file/large_63f4fc88-481f-42bb-8e40-ab1bd3475a96.jpg,"
CVS®,"Quaker Instant Oatmeal, Strawberry Peach",$5.99,,,6 each,[],,"https://www.instacart.com/image-server/197x197/filters:fill(FFF,true):format(jpg)/d2lnr5mha7bycj.cloudfront.net/product-image/file/large_d7e8c39a-7153-4b16-b118-f8b6e33e4aca.jpg,"
CVS®,Kodiak Cakes Power Cakes Dark Chocolate Flapjack & Waffle Mix,$5.99,,,18 oz,['Whole Grain'],,"https://www.instacart.com/image-server/197x197/filters:fill(FFF,true):format(jpg)/d2lnr5mha7bycj.cloudfront.net/product-image/file/large_d2034ca6-dbbf-4444-adab-0f5567b74af2.jpg,"
CVS®,"Kellogg’s Special K Cold Breakfast Cereal, 11 Vitamins and Minerals, 13g Protein, Original",$5.99,,,18 oz,[],,"https://www.instacart.com/image-server/197x197/filters:fill(FFF,true):format(jpg)/d2lnr5mha7bycj.cloudfront.net/product-image/file/large_4afcbff7-29e8-425d-aef4-e110a237447e.jpg,"
CVS®,"Quaker Instant Oatmeal, Blueberry Blackberry",$5.99,,,6 x 1.41 oz,[],Many in stock,"https://www.instacart.com/image-server/197x197/filters:fill(FFF,true):format(jpg)/d2lnr5mha7bycj.cloudfront.net/product-image/file/large_0cf79d5b-a9c9-4430-bbe2-a96420eaf286.jpg,"
CVS®,"KIND Breakfast Bars, Peanut Butter, 6 Pack",$5.99,,,6 x 1.76 oz,['Gluten-Free'],,"https://www.instacart.com/image-server/197x197/filters:fill(FFF,true):format(jpg)/d2lnr5mha7bycj.cloudfront.net/product-image/file/large_51da26ef-c986-4332-a50e-e2a26e81e49b.jpg,"
CVS®,"Cap'N Crunch Cereal, Crunch Berries, Family Size",$5.99,,,20.5 oz,[],Many in stock,"https://www.instacart.com/image-server/197x197/filters:fill(FFF,true):format(jpg)/d2lnr5mha7bycj.cloudfront.net/product-image/file/large_40358c04-3e50-44f7-b746-296575ea3713.jpg,"
CVS®,Life Multigrain Cereal Original,$3.99,,,13 oz,['Whole Grain'],Many in stock,"https://www.instacart.com/image-server/197x197/filters:fill(FFF,true):format(jpg)/d2lnr5mha7bycj.cloudfront.net/product-image/file/large_4ee343de-811d-4ffd-a193-99d55d05bb55.jpg,"
CVS®,Cap'N Crunch Regular Cereal,$4.49,,,12.6 oz,[],Many in stock,"https://www.instacart.com/image-server/197x197/filters:fill(FFF,true):format(jpg)/d2lnr5mha7bycj.cloudfront.net/product-image/file/large_9388acea-64c8-4d9b-95b6-219476ecbcf2.jpg,"
CVS®,Original price: $5.99,$4.59,,,24 oz,['Whole Grain'],,"https://www.instacart.com/image-server/197x197/filters:fill(FFF,true):format(jpg)/d2lnr5mha7bycj.cloudfront.net/product-image/file/large_79959a40-4e74-4c9e-86dc-5507a93113af.jpg,"
CVS®,"Totino's Pizza Rolls, Pepperoni",$6.99,,,50 ct,[],,"https://www.instacart.com/image-server/197x197/filters:fill(FFF,true):format(jpg)/d2lnr5mha7bycj.cloudfront.net/product-image/file/large_5edac56f-da6d-414f-9e92-85514eea4e07.jpg,"
CVS®,Meijer Crinkle Cut Fries French Fried Potatoes,$4.59,,,32 oz,['Vegan'],Many in stock,"https://www.instacart.com/image-server/197x197/filters:fill(FFF,true):format(jpg)/d2lnr5mha7bycj.cloudfront.net/product-image/file/large_87af9057-4403-4d1a-b4e0-8cb9f27bf83a.jpg,"
CVS®,Meijer Seasoned Fries French Fried Potatoes,$4.59,,,24 oz,[],,"https://www.instacart.com/image-server/197x197/filters:fill(FFF,true):format(jpg)/d2lnr5mha7bycj.cloudfront.net/product-image/file/large_7be65e6d-2a20-4b44-9e86-786cb4e5a152.jpg,"
CVS®,"MasPanadas Empanadas, Beef & Vegetables",$8.69,,,7.5 oz,[],Many in stock,"https://www.instacart.com/image-server/197x197/filters:fill(FFF,true):format(jpg)/d2lnr5mha7bycj.cloudfront.net/product-image/file/large_f52bc981-212a-4048-897d-29686af4e8ff.jpg,"
CVS®,Meijer Garlic Twisted Mozzarella Filled Cheese Sticks,$2.99,,,11.5 oz,[],,"https://www.instacart.com/image-server/197x197/filters:fill(FFF,true):format(jpg)/d2lnr5mha7bycj.cloudfront.net/product-image/file/large_65b7bd2a-5648-4d22-b128-3f0e9d081f72.png,"
CVS®,Original price: $6.99,$5.99,,,23 oz,[],,"https://www.instacart.com/image-server/197x197/filters:fill(FFF,true):format(jpg)/d2lnr5mha7bycj.cloudfront.net/product-image/file/large_f0a2b074-1e38-4bcc-950d-c87c01f24891.jpg,"
CVS®,Bibigo Crispy Dumpling Bites Chicken Bulgogi,$4.59,,,7.7 oz,[],,"https://www.instacart.com/image-server/197x197/filters:fill(FFF,true):format(jpg)/d2lnr5mha7bycj.cloudfront.net/product-image/file/large_68d86e02-f65e-47c7-b1d4-5543c036c9de.jpg,"
CVS®,"El Monterey Taquitos, Southwest Chicken",$8.99,,,12 each,[],,"https://www.instacart.com/image-server/197x197/filters:fill(FFF,true):format(jpg)/d2lnr5mha7bycj.cloudfront.net/product-image/file/large_f86b6270-0b96-4e8d-83a8-a891bfda2b3c.png,"
CVS®,Meijer French Fried Potatoes,$4.59,,,28 oz,['Vegan'],,"https://www.instacart.com/image-server/197x197/filters:fill(FFF,true):format(jpg)/d2lnr5mha7bycj.cloudfront.net/product-image/file/large_a3e76d11-72cc-4019-ab8f-2b390b573185.jpg,"
CVS®,Mccain Smiles Potatoes,$4.99,,,26 oz,[],,"https://www.instacart.com/image-server/197x197/filters:fill(FFF,true):format(jpg)/d2lnr5mha7bycj.cloudfront.net/product-image/file/large_e7cefbaa-22aa-4553-8846-0650fb3a4431.png,"
CVS®,The Pizza Cupcake Pepperoni - Gourmet Pizza Snack,$10.99,,,11.45 oz,[],,"https://www.instacart.com/image-server/197x197/filters:fill(FFF,true):format(jpg)/d2lnr5mha7bycj.cloudfront.net/product-image/file/large_368170fe-9e71-4947-829c-39774eea2f9b.jpg,"
CVS®,Meijer Regular Cut Fries French Fried Potatoes,$4.59,,,32 oz,['Vegan'],,"https://www.instacart.com/image-server/197x197/filters:fill(FFF,true):format(jpg)/d2lnr5mha7bycj.cloudfront.net/product-image/file/large_13290ca4-a629-44a8-873c-414ffa450f7e.jpg,"
CVS®,State Fair Classic Corn Dogs Frozen,$12.59,,,16 x 2.67 oz,[],,"https://www.instacart.com/image-server/197x197/filters:fill(FFF,true):format(jpg)/d2lnr5mha7bycj.cloudfront.net/product-image/file/large_20937219-1af5-4f81-879a-bd15d974225d.png,"
CVS®,Bibigo Pork & Vegetable Steamed Dumplings,$3.99,,,6.6 oz,[],,"https://www.instacart.com/image-server/197x197/filters:fill(FFF,true):format(jpg)/d2lnr5mha7bycj.cloudfront.net/product-image/file/large_2d3a097b-4f3c-4de2-889e-960936b40c30.jpg,"
CVS®,Meijer Pepperoni Pizza In A Golden Crust Pizza Snack Rolls,$4.99,,,25 oz,[],Many in stock,"https://www.instacart.com/image-server/197x197/filters:fill(FFF,true):format(jpg)/d2lnr5mha7bycj.cloudfront.net/product-image/file/large_9093b269-e57d-4297-9263-7a19310bccc0.png,"
CVS®,Totino's Pepperoni Flavored Pizza Rolls Frozen Kids Snacks Microwave Air Fryer Ready,$12.99,,,39.1 oz,[],,"https://www.instacart.com/image-server/197x197/filters:fill(FFF,true):format(jpg)/d2lnr5mha7bycj.cloudfront.net/product-image/file/large_05527d14-f4e6-4f1a-82e9-50d51cefcb65.png,"
CVS®,Original price: $5.69,$3.99,,,5 ct,[],Many in stock,"https://www.instacart.com/image-server/197x197/filters:fill(FFF,true):format(jpg)/d2lnr5mha7bycj.cloudfront.net/product-image/file/large_e0e29653-a3fb-4ed1-87f6-d3055317bdb8.png,"
CVS®,"P.F. Chang's Chicken Egg Rolls, Frozen Appetizers",$4.99,,,8.8 oz,[],,"https://www.instacart.com/image-server/197x197/filters:fill(FFF,true):format(jpg)/d2lnr5mha7bycj.cloudfront.net/product-image/file/large_c28464b5-ac79-4217-b28e-ff110b4a74c0.jpg,"
CVS®,Bibigo Mini Wontons Pork & Vegetable Dumplings,$8.59,,,24 oz,[],,"https://www.instacart.com/image-server/197x197/filters:fill(FFF,true):format(jpg)/d2lnr5mha7bycj.cloudfront.net/product-image/file/large_528099c1-ae15-4de0-a781-51082b6810a7.png,"
CVS®,"Arby's Curly Fries, Seasoned",$5.69,,,22 oz,[],Many in stock,"https://www.instacart.com/image-server/197x197/filters:fill(FFF,true):format(jpg)/d2lnr5mha7bycj.cloudfront.net/product-image/file/large_a8645891-fecd-4cbb-a6cf-537fb5ff7e65.png,"
CVS®,Meijer Onion Rings,$4.99,,,16 oz,[],,"https://www.instacart.com/image-server/197x197/filters:fill(FFF,true):format(jpg)/d2lnr5mha7bycj.cloudfront.net/product-image/file/large_4e645e3a-78c4-4886-8046-f44774b11f25.jpg,"
CVS®,Ore-Ida Extra Crispy Tater Tots Seasoned Shredded Food Snacks Frozen Potatoes,$6.99,,,28 oz,"['Gluten-Free', 'Vegan']",,"https://www.instacart.com/image-server/197x197/filters:fill(FFF,true):format(jpg)/d2lnr5mha7bycj.cloudfront.net/product-image/file/large_8674cb32-67bf-4e61-9bd7-cb1eb8bbb9f7.jpg,"
CVS®,"State Fair Classic Mini Corn Dogs, Frozen",$12.59,,,46 x 30.4 oz,[],,"https://www.instacart.com/image-server/197x197/filters:fill(FFF,true):format(jpg)/d2lnr5mha7bycj.cloudfront.net/product-image/file/large_85eccf84-48da-4b26-afbd-c5aed522762e.png,"
CVS®,Bagel Bites Cheese & Pepperoni Mini Pizza Bagel Frozen Food Snacks,$5.99,,,18 ct,[],,"https://www.instacart.com/image-server/197x197/filters:fill(FFF,true):format(jpg)/d2lnr5mha7bycj.cloudfront.net/product-image/file/large_164ddf2e-01ef-4b7e-8ab7-47bb5a692c51.jpg,"
CVS®,Original price: $7.39,$6.89,,,9 oz,[],,"https://www.instacart.com/image-server/197x197/filters:fill(FFF,true):format(jpg)/d2lnr5mha7bycj.cloudfront.net/product-image/file/large_7582f228-07be-4678-a7b6-7690d0f7e998.png,"
CVS®,Ore-Ida Zesty Curly Seasoned French Fries Fried Food Snacks Frozen Potatoes,$5.69,,,28 oz,['Gluten-Free'],,"https://www.instacart.com/image-server/197x197/filters:fill(FFF,true):format(jpg)/d2lnr5mha7bycj.cloudfront.net/product-image/file/large_f4b891e9-3f12-48d4-bb59-0aee1382eb80.jpg,"
CVS®,Meijer Corn Mini Dogs,$8.99,,,30.82 oz,[],,"https://www.instacart.com/image-server/197x197/filters:fill(FFF,true):format(jpg)/d2lnr5mha7bycj.cloudfront.net/product-image/file/large_d9bc1679-5da8-4c43-bf11-82f380f04cca.jpg,"
CVS®,"Tyson Anytizers Home-Style Chicken Fries, Frozen",$9.99,,,28.05 oz,[],,"https://www.instacart.com/image-server/197x197/filters:fill(FFF,true):format(jpg)/d2lnr5mha7bycj.cloudfront.net/product-image/file/large_de9de60a-e738-4f43-b396-9c2ae6aec979.png,"
CVS®,Totino's Combination Pizza Rolls Frozen Kids Snacks Microwave Air Fryer Ready,$12.99,,,39.1 oz,[],,"https://www.instacart.com/image-server/197x197/filters:fill(FFF,true):format(jpg)/d2lnr5mha7bycj.cloudfront.net/product-image/file/large_45daf036-2c71-473f-8ebb-9be5553ef202.png,"
CVS®,"Alexia Puffs, Sweet Potato, Crispy, Bite-Size",$6.79,,,20 oz,[],,"https://www.instacart.com/image-server/197x197/filters:fill(FFF,true):format(jpg)/d2lnr5mha7bycj.cloudfront.net/product-image/file/large_8fa061d4-463b-4378-bcc1-9201fdced5c1.png,"
CVS®,Original price: $7.99,$6.99,,,8 oz,['Gluten-Free'],,"https://www.instacart.com/image-server/197x197/filters:fill(FFF,true):format(jpg)/d2lnr5mha7bycj.cloudfront.net/product-image/file/large_a1ee1504-30b7-492a-9c03-b514aa6b0ef8.png,"
CVS®,Bagel Bites Three Cheese Mini Pizza Bagel Frozen Food Snacks,$5.99,,,18 ct,[],,"https://www.instacart.com/image-server/197x197/filters:fill(FFF,true):format(jpg)/d2lnr5mha7bycj.cloudfront.net/product-image/file/large_8fa5372b-b3c7-45c0-a6ea-f3be06d59d9a.jpg,"
CVS®,Bibigo Mini Wontons Chicken & Vegetable Dumplings,$8.59,,,24 oz,[],,"https://www.instacart.com/image-server/197x197/filters:fill(FFF,true):format(jpg)/d2lnr5mha7bycj.cloudfront.net/product-image/file/large_9c96c33f-6899-422c-9b87-637aa58e336d.png,"
CVS®,Original price: $16.99,$13.99,,,54 oz,[],,"https://www.instacart.com/image-server/197x197/filters:fill(FFF,true):format(jpg)/d2lnr5mha7bycj.cloudfront.net/product-image/file/large_fc5fd826-1566-493e-b280-dd0019ac85b0.png,"
CVS®,SUPERPRETZEL Original Soft Pretzels,$3.59,,,6 ct,[],,"https://www.instacart.com/image-server/197x197/filters:fill(FFF,true):format(jpg)/d2lnr5mha7bycj.cloudfront.net/product-image/file/large_be83a6e2-47bf-4366-8b0b-85117292032e.png,"
CVS®,Original price: $4.99,$4.59,,,4 x 2 oz,[],,"https://www.instacart.com/image-server/197x197/filters:fill(FFF,true):format(jpg)/d2lnr5mha7bycj.cloudfront.net/product-image/file/large_0d9a0855-3653-4a98-85af-25d727605853.jpg,"
CVS®,El Monterey Extra Crunchy Diablo Chicken Taquitos,$8.99,,,18 ct,[],,"https://www.instacart.com/image-server/197x197/filters:fill(FFF,true):format(jpg)/d2lnr5mha7bycj.cloudfront.net/product-image/file/large_4e7ede00-35ef-400c-832a-c5a0b6e6c89d.png,"
CVS®,Original price: $16.99,$13.99,,,12 x 4.5 oz,[],,"https://www.instacart.com/image-server/197x197/filters:fill(FFF,true):format(jpg)/d2lnr5mha7bycj.cloudfront.net/product-image/file/large_dad7461b-7a56-43e5-9372-ca9d3763ca5c.jpg,"
CVS®,Original price: $2.79,$2.69,,,9 oz,[],,"https://www.instacart.com/image-server/197x197/filters:fill(FFF,true):format(jpg)/d2lnr5mha7bycj.cloudfront.net/product-image/file/large_028eaa78-1554-46e3-b73a-240aa1907695.jpg,"
CVS®,Original price: $16.99,$13.99,,,12 ct,[],,"https://www.instacart.com/image-server/197x197/filters:fill(FFF,true):format(jpg)/d2lnr5mha7bycj.cloudfront.net/product-image/file/large_d94b7c24-433b-4c24-9556-4495a578ad23.jpg,"
CVS®,El Monterey Nacho Cheese Flour Taquitos,$8.99,,,20 each,[],Many in stock,"https://www.instacart.com/image-server/197x197/filters:fill(FFF,true):format(jpg)/d2lnr5mha7bycj.cloudfront.net/product-image/file/large_05516ac6-8e32-4fc9-94e6-20f2bc94012a.png,"
CVS®,Ore-Ida Extra Crispy Fast Food French Fries Fried Food Snacks Frozen Potatoes,$5.69,,,26 oz,"['Vegan', 'Gluten-Free']",,"https://www.instacart.com/image-server/197x197/filters:fill(FFF,true):format(jpg)/d2lnr5mha7bycj.cloudfront.net/product-image/file/large_3c6c9ea5-6f88-4792-b633-0abe3d6c3c83.jpg,"
CVS®,Original price: $7.99,$5.69,,,14 oz,[],,"https://www.instacart.com/image-server/197x197/filters:fill(FFF,true):format(jpg)/d2lnr5mha7bycj.cloudfront.net/product-image/file/large_5dbf5db4-582c-4673-bce9-adb8e46f4158.jpg,"
CVS®,Taylor Farms Caesar Chopped Salad Kit,$4.59,,,11.15 oz,[],Many in stock,"https://www.instacart.com/image-server/197x197/filters:fill(FFF,true):format(jpg)/d2lnr5mha7bycj.cloudfront.net/product-image/file/large_0337a0ec-f24c-47ba-b795-308d657b7428.png,"
CVS®,Taylor Farms Sweet Kale Chopped Salad Kit,$4.59,,,12 oz,[],,"https://www.instacart.com/image-server/197x197/filters:fill(FFF,true):format(jpg)/d2lnr5mha7bycj.cloudfront.net/product-image/file/large_6a6b739f-b939-4297-9c42-e2baeeb90df2.png,"
CVS®,Panera Bread Broccoli Cheddar Bread Soup,$6.99,,,16 oz,[],Many in stock,"https://www.instacart.com/image-server/197x197/filters:fill(FFF,true):format(jpg)/d2lnr5mha7bycj.cloudfront.net/product-image/file/large_97d9549a-3e1e-4372-b091-ad9efc3b4084.jpg,"
CVS®,Reser's Fine Foods American Classics Amish Potato Salad,$8.99,,,48 oz,[],,"https://www.instacart.com/image-server/197x197/filters:fill(FFF,true):format(jpg)/d2lnr5mha7bycj.cloudfront.net/product-image/file/large_79d92db6-9491-4d68-8210-b088629e75d5.jpg,"
CVS®,Bob Evans Farms Original Mashed Potatoes,$4.99,,,24 oz,[],Many in stock,"https://www.instacart.com/image-server/197x197/filters:fill(FFF,true):format(jpg)/d2lnr5mha7bycj.cloudfront.net/product-image/file/large_b7cba8ce-e0f8-4e3a-86e8-db1e982804cd.png,"
CVS®,"Hissho Sushi California Roll, Cooked",$8.99,,,9.2 oz,[],Many in stock,"https://www.instacart.com/image-server/197x197/filters:fill(FFF,true):format(jpg)/d2lnr5mha7bycj.cloudfront.net/product-image/file/large_df187911-3a8b-400f-b1c4-592b1130cdff.jpg,"
CVS®,Armour Lunchmakers Ham Cracker Crunchers,$1.42,,,2.44 oz,[],,"https://www.instacart.com/image-server/197x197/filters:fill(FFF,true):format(jpg)/d2lnr5mha7bycj.cloudfront.net/product-image/file/large_8e1a9818-d1a5-4fd6-8410-5d25aa152de1.png,"
CVS®,Reser's Fine Foods Deviled Egg Potato Salad,$10.99,,,48 oz,[],,"https://www.instacart.com/image-server/197x197/filters:fill(FFF,true):format(jpg)/d2lnr5mha7bycj.cloudfront.net/product-image/file/large_91d27221-5d9c-4f71-8159-492474749cbc.png,"
CVS®,"Dole Chopped Kit, Sunflower Crunch",$4.99,,,13.6 oz bag,[],Many in stock,"https://www.instacart.com/image-server/197x197/filters:fill(FFF,true):format(jpg)/d2lnr5mha7bycj.cloudfront.net/product-image/file/large_7a6aca87-c469-49f7-9b1e-c7c9dbfb0e09.jpg,"
CVS®,"Dole Chopped Kit, Caesar",$4.99,,,10.8 oz bag,[],Many in stock,"https://www.instacart.com/image-server/197x197/filters:fill(FFF,true):format(jpg)/d2lnr5mha7bycj.cloudfront.net/product-image/file/large_535b6b2b-783e-4db2-a471-db1fd32c6009.jpg,"
CVS®,Bob Evans Farms Original Mashed Potatoes,$5.99,,,32 oz,[],,"https://www.instacart.com/image-server/197x197/filters:fill(FFF,true):format(jpg)/d2lnr5mha7bycj.cloudfront.net/product-image/file/large_48a9faaa-3409-4cda-b603-7ae1dfdaf179.jpg,"
CVS®,Original price: $17.99,$15.99,,,12.5 oz,[],Many in stock,"https://www.instacart.com/image-server/197x197/filters:fill(FFF,true):format(jpg)/d2lnr5mha7bycj.cloudfront.net/product-image/file/large_5f3fa26a-6f05-4065-8dff-9f1eee4e112e.jpg,"
CVS®,Taylor Farms Avocado Ranch Chopped Salad Kit,$4.59,,,12.8 oz,[],Many in stock,"https://www.instacart.com/image-server/197x197/filters:fill(FFF,true):format(jpg)/d2lnr5mha7bycj.cloudfront.net/product-image/file/large_94c60a2c-c640-486c-88e9-fb00c310a8be.png,"
CVS®,Taylor Farms Broccoli Crunch Chopped Salad Kit,$4.59,,,10.5 oz bag,[],Many in stock,"https://www.instacart.com/image-server/197x197/filters:fill(FFF,true):format(jpg)/d2lnr5mha7bycj.cloudfront.net/product-image/file/large_376781e3-70e1-40cc-82db-311b0cd3ab78.jpg,"
CVS®,"Meijer Blt With Chicken And Bacon Crisp Romaine Lettuce, Grape Tomatoes, White Chicken Meat, Bacon Pieces, Mild Cheddar Cheese, Red Cabbage & Carrot With Avocado Ranch Dressing Salad",$3.79,,,6.5 oz,[],Many in stock,"https://www.instacart.com/image-server/197x197/filters:fill(FFF,true):format(jpg)/d2lnr5mha7bycj.cloudfront.net/product-image/file/large_add5af62-a5d9-4c36-84fb-562679b8d43b.png,"
CVS®,Reser's Fine Foods Mustard Potato Salad,$8.99,,,48 oz,[],,"https://www.instacart.com/image-server/197x197/filters:fill(FFF,true):format(jpg)/d2lnr5mha7bycj.cloudfront.net/product-image/file/large_1b804473-38d8-4867-bc9f-69a3f59a2283.jpg,"
CVS®,"Meijer Fresh Caesar Salad With Chicken And Bacon Crisp Romaine Lettuce, White Chicken Meat, Parmesan Cheese, Bacon Topping And Croutons With Caesar Dressing",$3.79,,,5.75 oz,[],Many in stock,"https://www.instacart.com/image-server/197x197/filters:fill(FFF,true):format(jpg)/d2lnr5mha7bycj.cloudfront.net/product-image/file/large_7653193d-6996-4472-8f81-50ea063840ad.png,"
CVS®,Taylor Farms Southwest Chopped Salad Kit,$4.59,,,12.6 oz,[],Many in stock,"https://www.instacart.com/image-server/197x197/filters:fill(FFF,true):format(jpg)/d2lnr5mha7bycj.cloudfront.net/product-image/file/large_69a90586-0e5f-420e-9145-79330dea09ff.png,"
CVS®,Lunchables Turkey & American Cheese Cracker Stackers Kids Lunch Snack Kit,$2.29,,,3.4 oz,[],,"https://www.instacart.com/image-server/197x197/filters:fill(FFF,true):format(jpg)/d2lnr5mha7bycj.cloudfront.net/product-image/file/large_0e584f31-59b9-4d82-a426-9f180398d4ad.jpg,"
CVS®,Eggland's Best Sausage & Cheese Egg Rounds,$5.69,,,4 x 8 oz,[],,"https://www.instacart.com/image-server/197x197/filters:fill(FFF,true):format(jpg)/d2lnr5mha7bycj.cloudfront.net/product-image/file/large_8183f1c0-921d-46cb-8a23-c5e9039470ca.jpg,"
CVS®,"Eggland's Best Eggs, Hard-Cooked Peeled, Medium",$5.99,,,10 each,[],,"https://www.instacart.com/image-server/197x197/filters:fill(FFF,true):format(jpg)/d2lnr5mha7bycj.cloudfront.net/product-image/file/large_6b56436e-bf91-45ca-9603-de73293158ad.png,"
CVS®,Taylor Farms Apple & Walnut Salad With Chicken Salad Bowl,$3.79,,,5.5 oz,[],Many in stock,"https://www.instacart.com/image-server/197x197/filters:fill(FFF,true):format(jpg)/d2lnr5mha7bycj.cloudfront.net/product-image/file/large_a8da12d7-cbc6-42a9-9677-4f58816c5ab3.png,"
CVS®,Meijer Fruit Tray With Dip,$16.99,,,32 oz,[],Many in stock,"https://www.instacart.com/image-server/197x197/filters:fill(FFF,true):format(jpg)/d2lnr5mha7bycj.cloudfront.net/product-image/file/large_6c10e078-f651-4c94-b4d4-d1498983ac1d.jpg,"
CVS®,Original price: $3.99,$3.79,,,3 x 1.5 oz,[],,"https://www.instacart.com/image-server/197x197/filters:fill(FFF,true):format(jpg)/d2lnr5mha7bycj.cloudfront.net/product-image/file/large_6dd2f948-f44e-4d92-bfee-dcc2eba67b66.jpg,"
CVS®,Armour LunchMaker Turkey,$1.42,,,2.6 oz,[],,"https://www.instacart.com/image-server/197x197/filters:fill(FFF,true):format(jpg)/d2lnr5mha7bycj.cloudfront.net/product-image/file/large_f5603d92-7b27-47b7-b61f-a47d676c312f.png,"
CVS®,Dole Ultimate Caesar Salad 320g CAN,$4.99,,,321 g bag,[],,"https://www.instacart.com/image-server/197x197/filters:fill(FFF,true):format(jpg)/d2lnr5mha7bycj.cloudfront.net/product-image/file/large_63b96458-e168-4c48-b2f4-160551fe4e65.jpg,"
CVS®,Original price: $2.29,$1.81,,,3.5 oz,[],Many in stock,"https://www.instacart.com/image-server/197x197/filters:fill(FFF,true):format(jpg)/d2lnr5mha7bycj.cloudfront.net/product-image/file/large_70674e76-e3fd-4564-aa8f-f910e35c6c87.jpg,"
CVS®,Reser's Fine Foods Macaroni Salad,$3.99,,,16 oz,[],,"https://www.instacart.com/image-server/197x197/filters:fill(FFF,true):format(jpg)/d2lnr5mha7bycj.cloudfront.net/product-image/file/large_9144f487-9d13-4cdb-98f1-e934c9910d71.jpg,"
CVS®,Philadelphia Strawberry Cheesecake Desserts with Graham Crumble,$4.99,,,2 ct,[],,"https://www.instacart.com/image-server/197x197/filters:fill(FFF,true):format(jpg)/d2lnr5mha7bycj.cloudfront.net/product-image/file/large_487d2f4a-c9a8-435b-b8e0-fc59d9182fc8.png,"
CVS®,Meijer Fresh Everything-style Salad With Avocado Ranch,$3.79,,,5.61 oz,[],,"https://www.instacart.com/image-server/197x197/filters:fill(FFF,true):format(jpg)/d2lnr5mha7bycj.cloudfront.net/product-image/file/large_050eaa46-24b1-4da4-822a-7b11cfdbe8a7.png,"
CVS®,Original price: $7.99,$6.99,,,12 oz,[],,"https://www.instacart.com/image-server/197x197/filters:fill(FFF,true):format(jpg)/d2lnr5mha7bycj.cloudfront.net/product-image/file/large_310455d1-cfdf-4b1c-be48-d75684938f79.jpg,"
CVS®,Lunchables Ham & American Cheese Cracker Stackers Kids Lunch Snack Kit,$2.29,,,3.4 oz,[],,"https://www.instacart.com/image-server/197x197/filters:fill(FFF,true):format(jpg)/d2lnr5mha7bycj.cloudfront.net/product-image/file/large_4467edf2-38da-4767-ab62-64e4f36b8e24.jpg,"
CVS®,Lunchables Pizza with Pepperoni Kids Lunch Snack Kit,$2.29,,,4.3 oz,[],,"https://www.instacart.com/image-server/197x197/filters:fill(FFF,true):format(jpg)/d2lnr5mha7bycj.cloudfront.net/product-image/file/large_b9fbcbd0-590d-4a21-b937-9020c167614a.jpg,"
CVS®,"Hissho Sushi Krab Roll, Krispy, Spicy/Cooked",$9.99,,,7.8 oz,[],,"https://www.instacart.com/image-server/197x197/filters:fill(FFF,true):format(jpg)/d2lnr5mha7bycj.cloudfront.net/product-image/file/large_da875f0f-b33b-4812-ac1a-97cf45adac2b.jpg,"
CVS®,"Dole Chopped Kit, Sesame Asian",$4.99,,,10.6 oz,[],Many in stock,"https://www.instacart.com/image-server/197x197/filters:fill(FFF,true):format(jpg)/d2lnr5mha7bycj.cloudfront.net/product-image/file/large_16763f05-ec94-4ab1-bac2-555adca0f652.jpg,"
CVS®,Original price: $2.29,$1.81,,,3.35 oz,[],Many in stock,"https://www.instacart.com/image-server/197x197/filters:fill(FFF,true):format(jpg)/d2lnr5mha7bycj.cloudfront.net/product-image/file/large_7d134183-1364-4de5-8431-b6acb99dfdd5.png,"
CVS®,Original price: $5.69,$4.59,,,1 lb,[],,"https://www.instacart.com/image-server/197x197/filters:fill(FFF,true):format(jpg)/d2lnr5mha7bycj.cloudfront.net/product-image/file/large_9071c3ba-fcaf-4839-9ee5-830d87b290e1.jpg,"
CVS®,Original price: $5.59,$3.99,,,12 oz,[],Many in stock,"https://www.instacart.com/image-server/197x197/filters:fill(FFF,true):format(jpg)/d2lnr5mha7bycj.cloudfront.net/product-image/file/large_5e4e70c8-7aeb-4f73-bd16-bfe33241a6cc.png,"
CVS®,Original price: $4.79,$3.99,,,6 ct,[],,"https://www.instacart.com/image-server/197x197/filters:fill(FFF,true):format(jpg)/d2lnr5mha7bycj.cloudfront.net/product-image/file/large_80fed2d0-af63-46ad-84a7-428cf15a9802.jpg,"
CVS®,Reser's Fine Foods Mustard Potato Salad,$3.99,,,1 lb,[],Many in stock,"https://www.instacart.com/image-server/197x197/filters:fill(FFF,true):format(jpg)/d2lnr5mha7bycj.cloudfront.net/product-image/file/large_dd22b51a-feca-471a-b2e5-4436aa7ded2f.jpg,"
CVS®,Reser's Fine Foods American Classics Amish Potato Salad,$3.99,,,1 lb,[],Many in stock,"https://www.instacart.com/image-server/197x197/filters:fill(FFF,true):format(jpg)/d2lnr5mha7bycj.cloudfront.net/product-image/file/large_50f9f655-5055-41e6-a286-1d19cb3125b0.jpg,"
CVS®,Lunchables Nachos Cheese Dip & Salsa Kids Lunch Snack Kit,$2.29,,,4.4 oz,[],,"https://www.instacart.com/image-server/197x197/filters:fill(FFF,true):format(jpg)/d2lnr5mha7bycj.cloudfront.net/product-image/file/large_09e58808-8dfb-4991-8d6e-3ee51e1cd027.jpg,"
CVS®,Original price: $5.69,$4.59,,,16 oz,[],,"https://www.instacart.com/image-server/197x197/filters:fill(FFF,true):format(jpg)/d2lnr5mha7bycj.cloudfront.net/product-image/file/large_88061862-8ef2-47d4-9723-24bc046caef2.jpg,"
CVS®,Meijer Fried Krunchie Wedges,$4.59,/lb,,$0.29/oz,[],,"https://www.instacart.com/image-server/197x197/filters:fill(FFF,true):format(jpg)/d2lnr5mha7bycj.cloudfront.net/product-image/file/large_08a9413b-ef86-467c-83de-84a3fae2199e.png,"
CVS®,Original price: $16.99,$14.99,,,40 oz,[],,"https://www.instacart.com/image-server/197x197/filters:fill(FFF,true):format(jpg)/d2lnr5mha7bycj.cloudfront.net/product-image/file/large_de1fe645-6773-458a-beae-ac1b99834bac.png,"
CVS®,"Hormel Party Tray, Hard Salami & Pepperoni",$17.99,,,28 oz,[],,"https://www.instacart.com/image-server/197x197/filters:fill(FFF,true):format(jpg)/d2lnr5mha7bycj.cloudfront.net/product-image/file/large_f8f0cb51-3d83-4171-8cc3-d19a0343f7e5.png,"
CVS®,Original price: $4.59,$3.69,,,8.1 oz,[],,"https://www.instacart.com/image-server/197x197/filters:fill(FFF,true):format(jpg)/d2lnr5mha7bycj.cloudfront.net/product-image/file/large_b7020f44-dffb-43b5-b474-58abfa68e557.png,"
CVS®,Original price: $3.99,$3.79,,,3 x 4.5 oz,[],,"https://www.instacart.com/image-server/197x197/filters:fill(FFF,true):format(jpg)/d2lnr5mha7bycj.cloudfront.net/product-image/file/large_420e8182-34e4-4039-b499-371df20f3afc.jpg,"
CVS®,Reser's Fine Foods Original Potato Salad,$3.99,,,16 oz,[],,"https://www.instacart.com/image-server/197x197/filters:fill(FFF,true):format(jpg)/d2lnr5mha7bycj.cloudfront.net/product-image/file/large_9344333d-834e-4786-a690-ae69ec74c271.jpg,"
CVS®,"Just Crack an Egg Scramble Breakfast Bowl Kit with Potatoes, Sharp Cheddar Cheese, & Bacon",$2.79,,,3 oz,[],,"https://www.instacart.com/image-server/197x197/filters:fill(FFF,true):format(jpg)/d2lnr5mha7bycj.cloudfront.net/product-image/file/large_d2b612d3-19e7-4782-8779-70aa9e75417c.jpg,"
CVS®,"Just Crack an Egg Scramble Kit, Denver",$2.79,,,3 oz,[],,"https://www.instacart.com/image-server/197x197/filters:fill(FFF,true):format(jpg)/d2lnr5mha7bycj.cloudfront.net/product-image/file/large_81aa077c-f16d-4f65-baa0-2f866241f4e2.jpg,"
CVS®,Love Beets Organic Cooked Beets,$4.59,,,8.8 oz container,[],,"https://www.instacart.com/image-server/197x197/filters:fill(FFF,true):format(jpg)/d2lnr5mha7bycj.cloudfront.net/product-image/file/large_db3b794d-2498-44d7-a6fc-190af12af6f9.png,"
CVS®,"Sargento Balanced Breaks® Sharp Cheddar, Sea-Salted Cashews & Dried Cranberries",$7.49,,,6 x 9 oz,[],,"https://www.instacart.com/image-server/197x197/filters:fill(FFF,true):format(jpg)/d2lnr5mha7bycj.cloudfront.net/product-image/file/large_0f0a33f6-7445-49d8-9fc9-035dfee3ec35.jpg,"
CVS®,"P3 Portable Protein Snack Pack Lunch with Turkey, Ham & Cheddar Cheese",$2.29,,,2.3 oz,[],,"https://www.instacart.com/image-server/197x197/filters:fill(FFF,true):format(jpg)/d2lnr5mha7bycj.cloudfront.net/product-image/file/large_2dd569bc-cf02-46b3-bf8d-c00866780ed6.jpg,"
CVS®,OH SNAP! Sassy Bites,$1.79,,,3.25 fl oz,[],,"https://www.instacart.com/image-server/197x197/filters:fill(FFF,true):format(jpg)/d2lnr5mha7bycj.cloudfront.net/product-image/file/large_45a62998-0981-4f03-af65-401e4548fe98.png,"
CVS®,"Reser's Fine Foods Macaroni Salad, Deviled Egg",$10.99,,,48 oz,[],,"https://www.instacart.com/image-server/197x197/filters:fill(FFF,true):format(jpg)/d2lnr5mha7bycj.cloudfront.net/product-image/file/large_7e00250a-9390-434f-becc-9c07ba19ca3e.jpg,"
CVS®,"Serenity Kids Stew, Chicken Mexican, 6+ Months",$4.59,,,3.5 oz,[],,"https://www.instacart.com/image-server/197x197/filters:fill(FFF,true):format(jpg)/d2lnr5mha7bycj.cloudfront.net/product-image/file/large_7ff4ea98-8077-46b0-beee-1f6e7d79e018.png,"
CVS®,Somos Mexican Street Corn White Rice,$3.99,,,8.8 oz,[],,"https://www.instacart.com/image-server/197x197/filters:fill(FFF,true):format(jpg)/d2lnr5mha7bycj.cloudfront.net/product-image/file/large_bde50f78-8195-4857-ab9a-9df4a09859b5.png,"
CVS®,Minute Maid Berry Punch Flavored Fruit Juice,$1.99,,,59 fl oz,[],,"https://www.instacart.com/image-server/197x197/filters:fill(FFF,true):format(jpg)/d2lnr5mha7bycj.cloudfront.net/product-image/file/large_0e236be7-1385-43c1-915d-f2f42d8b8f64.jpg,"
CVS®,"Minute Maid Strawberry Lemonade, Fruit Drink",$1.99,,,59 fl oz,[],,"https://www.instacart.com/image-server/197x197/filters:fill(FFF,true):format(jpg)/d2lnr5mha7bycj.cloudfront.net/product-image/file/large_fe45addf-9441-43b2-ba3e-d58c36e1c22e.jpg,"
CVS®,Swoon Zero Sugar Half and Half,$2.29,,,12 fl oz,['Zero Sugar'],,"https://www.instacart.com/image-server/197x197/filters:fill(FFF,true):format(jpg)/d2lnr5mha7bycj.cloudfront.net/product-image/file/large_3c98cb58-73ec-437e-9902-26088a4c0890.jpeg,"
CVS®,Meijer Apple Juice,$2.49,,,64 fl oz,[],,"https://www.instacart.com/image-server/197x197/filters:fill(FFF,true):format(jpg)/d2lnr5mha7bycj.cloudfront.net/product-image/file/large_b0b4968b-ffd0-496c-99ce-749eadc1b93b.jpg,"
CVS®,Minute Maid Premium Strawberry Kiwi Carton,$1.99,,,59 fl oz,[],Many in stock,"https://www.instacart.com/image-server/197x197/filters:fill(FFF,true):format(jpg)/d2lnr5mha7bycj.cloudfront.net/product-image/file/large_74d83ed4-2ca1-4406-937b-e5111d2b647a.jpg,"
CVS®,Meijer No Pulp Orange Juice With Added Calcium & Vitamin D,$3.99,,,52 fl oz,[],,"https://www.instacart.com/image-server/197x197/filters:fill(FFF,true):format(jpg)/d2lnr5mha7bycj.cloudfront.net/product-image/file/large_0d2f4651-675d-4ff1-9603-8aed47928635.jpg,"
CVS®,Ocean Spray Cranberry Blueberry Acai Flavored Juice Drink,$4.99,,,60 fl oz,['Zero Sugar'],,"https://www.instacart.com/image-server/197x197/filters:fill(FFF,true):format(jpg)/d2lnr5mha7bycj.cloudfront.net/product-image/file/large_41a2a981-6136-4bd9-8738-021ee11d1e79.jpg,"
CVS®,Original price: $3.99,$3.49,,,14 fl oz,[],Many in stock,"https://www.instacart.com/image-server/197x197/filters:fill(FFF,true):format(jpg)/d2lnr5mha7bycj.cloudfront.net/product-image/file/large_69791b9d-dfe8-4336-a7db-1c411db1dcba.png,"
CVS®,Minute Maid Lemonade Made W/ Real Lemons,$8.99,,,12 x 12 fl oz • 5 options,[],,"https://www.instacart.com/image-server/197x197/filters:fill(FFF,true):format(jpg)/d2lnr5mha7bycj.cloudfront.net/product-image/file/large_e4a86ba4-1e11-4d38-9f80-eac46abc0d88.jpg,"
CVS®,Minute Maid Sugar Fruit Punch Bottle,$2.99,,,52 fl oz,['Zero Sugar'],,"https://www.instacart.com/image-server/197x197/filters:fill(FFF,true):format(jpg)/d2lnr5mha7bycj.cloudfront.net/product-image/file/large_0005a573-1343-4d98-a150-8cd3787dd686.png,"
CVS®,R.W. Knudsen Family Organic Cherry Juice,$9.99,,,32 fl oz,['Organic'],,"https://www.instacart.com/image-server/197x197/filters:fill(FFF,true):format(jpg)/d2lnr5mha7bycj.cloudfront.net/product-image/file/large_31e4e137-dfc7-4f81-9059-f98beaccd0e1.jpg,"
CVS®,"Tropicana Drink, Strawberry Peach Paradise",$3.49,,,52 fl oz,['No Sugar Added'],Many in stock,"https://www.instacart.com/image-server/197x197/filters:fill(FFF,true):format(jpg)/d2lnr5mha7bycj.cloudfront.net/product-image/file/large_e3c1610d-e1fb-4511-9b77-7bed134e143f.png,"
CVS®,Simply Orange Pulp Free Orange Juice,$7.99,,,89 fl oz • 5 options,[],,"https://www.instacart.com/image-server/197x197/filters:fill(FFF,true):format(jpg)/d2lnr5mha7bycj.cloudfront.net/product-image/file/large_fadb1ef7-5440-40fb-bed4-a18123194c03.jpg,"
CVS®,Milo's Lemonade,$4.99,,,128 fl oz,[],,"https://www.instacart.com/image-server/197x197/filters:fill(FFF,true):format(jpg)/d2lnr5mha7bycj.cloudfront.net/product-image/file/large_1e0c17cc-c8d0-47b1-aec7-997842c1a340.png,"
CVS®,"Naked 100% Juice, Blue Machine",$3.99,,,15.2 fl oz,[],Many in stock,"https://www.instacart.com/image-server/197x197/filters:fill(FFF,true):format(jpg)/d2lnr5mha7bycj.cloudfront.net/product-image/file/large_e8610a9b-8f06-455b-b316-a9502e1a78e1.png,"
CVS®,Kool-Aid Bursts Tropical Punch,$1.81,,,6 x 6.75 fl oz,[],,"https://www.instacart.com/image-server/197x197/filters:fill(FFF,true):format(jpg)/d2lnr5mha7bycj.cloudfront.net/product-image/file/large_46e9e726-c8e3-4a60-9f04-f7ef1445b39b.png,"
CVS®,Original price: $2.99,$2.29,,,64 fl oz,[],,"https://www.instacart.com/image-server/197x197/filters:fill(FFF,true):format(jpg)/d2lnr5mha7bycj.cloudfront.net/product-image/file/large_d5e9e2d6-997b-47bb-9f55-b1751697decd.jpg,"
CVS®,Swoon Zero Sugar Pink Lemonade,$2.29,,,12 fl oz,['Zero Sugar'],,"https://www.instacart.com/image-server/197x197/filters:fill(FFF,true):format(jpg)/d2lnr5mha7bycj.cloudfront.net/product-image/file/large_63f9e03e-b3f6-412d-b22e-1bf6c21c9603.jpeg,"
CVS®,Simply Lemonade Bottle,$3.49,,,1.75 L • 4 options,[],Many in stock,"https://www.instacart.com/image-server/197x197/filters:fill(FFF,true):format(jpg)/d2lnr5mha7bycj.cloudfront.net/product-image/file/large_bd25b703-d921-4f27-bd19-94846fac3643.png,"
CVS®,SunnyD Tangy Original Orange Juice Drink,$6.99,,,18 x 6.75 fl oz,[],,"https://www.instacart.com/image-server/197x197/filters:fill(FFF,true):format(jpg)/d2lnr5mha7bycj.cloudfront.net/product-image/file/large_91e81ed5-1736-48b2-b481-6fd497b4f62e.png,"
CVS®,Mott's 100% Half Pallet Original Apple Juice,$3.99,,,64 fl oz • 4 options,[],Many in stock,"https://www.instacart.com/image-server/197x197/filters:fill(FFF,true):format(jpg)/d2lnr5mha7bycj.cloudfront.net/product-image/file/large_abe37c68-c565-4f9b-890e-a372bc3dbf5a.jpg,"
CVS®,"Naked Juice, Strawberry Banana",$3.99,,,15.2 fl oz,['No Sugar Added'],,"https://www.instacart.com/image-server/197x197/filters:fill(FFF,true):format(jpg)/d2lnr5mha7bycj.cloudfront.net/product-image/file/large_bfbd2db2-6320-4e79-818d-84f4e0631ade.png,"
CVS®,SunnyD Tangy Original Orange Juice Drink,$9.59,,,15 x 11.3 oz,[],,"https://www.instacart.com/image-server/197x197/filters:fill(FFF,true):format(jpg)/d2lnr5mha7bycj.cloudfront.net/product-image/file/large_5bbb8e07-8e64-4898-a5a4-a3d8a08918e7.png,"
CVS®,Hawaiian Punch Fruit Juicy Red,$3.39,,,1 gal,[],,"https://www.instacart.com/image-server/197x197/filters:fill(FFF,true):format(jpg)/d2lnr5mha7bycj.cloudfront.net/product-image/file/large_a7fc5a93-1cd7-46e6-8b4c-3950d9d40a3a.jpg,"
CVS®,Simply Peach Juice,$3.49,,,fl oz • 2 options,[],,"https://www.instacart.com/image-server/197x197/filters:fill(FFF,true):format(jpg)/d2lnr5mha7bycj.cloudfront.net/product-image/file/large_1ce35220-9dd5-4090-8508-12667e19e305.png,"
CVS®,"Naked Juice, Mighty Mango",$3.99,,,15.2 fl oz,[],Many in stock,"https://www.instacart.com/image-server/197x197/filters:fill(FFF,true):format(jpg)/d2lnr5mha7bycj.cloudfront.net/product-image/file/large_16bd6626-4650-4b9a-8133-ad2d33881c78.png,"
CVS®,Simply Apple Juice Bottle,$4.99,,,59 fl oz • 2 options,[],,"https://www.instacart.com/image-server/197x197/filters:fill(FFF,true):format(jpg)/d2lnr5mha7bycj.cloudfront.net/product-image/file/large_c3d1c168-d5da-4908-82d1-bdaa5b3dc897.png,"
CVS®,Original price: $3.99,$3.49,,,64 fl oz • 3 options,[],,"https://www.instacart.com/image-server/197x197/filters:fill(FFF,true):format(jpg)/d2lnr5mha7bycj.cloudfront.net/product-image/file/large_daedc1be-d3df-485c-a4aa-f31d5807dccd.png,"
CVS®,"Naked Juice, Strawberry Banana",$9.99,,,64 fl oz,['No Sugar Added'],,"https://www.instacart.com/image-server/197x197/filters:fill(FFF,true):format(jpg)/d2lnr5mha7bycj.cloudfront.net/product-image/file/large_dbd1a341-e1e2-4cda-a0c7-235e363165c6.png,"
CVS®,Kool-Aid Blue Berry Blue Bursts,$1.81,,,6 x 6.75 fl oz,[],,"https://www.instacart.com/image-server/197x197/filters:fill(FFF,true):format(jpg)/d2lnr5mha7bycj.cloudfront.net/product-image/file/large_773873b1-d29b-40f3-8716-2f122eba7fba.png,"
CVS®,"Tropicana Chilled Juice , Orange Juice Orginal",$4.79,,,59 fl oz • 5 options,[],,"https://www.instacart.com/image-server/197x197/filters:fill(FFF,true):format(jpg)/d2lnr5mha7bycj.cloudfront.net/product-image/file/large_fc0e5a71-24a2-41ad-868e-4e20c1cc990a.png,"
CVS®,Hawaiian Punch Lemon Berry Squeeze Juice Drink,$3.39,,,1 gal,[],,"https://www.instacart.com/image-server/197x197/filters:fill(FFF,true):format(jpg)/d2lnr5mha7bycj.cloudfront.net/product-image/file/large_7d21dc0b-6c0a-4e69-8fe8-d6a188e124a9.jpg,"
CVS®,Hawaiian Punch Polar Blast Juice Drink,$3.39,,,1 gal,[],,"https://www.instacart.com/image-server/197x197/filters:fill(FFF,true):format(jpg)/d2lnr5mha7bycj.cloudfront.net/product-image/file/large_0ddd8812-35be-4232-b4e9-4d83877ab251.jpg,"
CVS®,"Minute Maid Premium Mango Punch, Fruit Juice Drink",$1.99,,,59 fl oz,[],,"https://www.instacart.com/image-server/197x197/filters:fill(FFF,true):format(jpg)/d2lnr5mha7bycj.cloudfront.net/product-image/file/large_376cfac0-e60b-424e-9954-f170016597aa.jpg,"
CVS®,"Naked Juice, Pina Colada",$3.99,,,15.2 fl oz,['No Sugar Added'],,"https://www.instacart.com/image-server/197x197/filters:fill(FFF,true):format(jpg)/d2lnr5mha7bycj.cloudfront.net/product-image/file/large_c592499d-27f9-430d-961c-5f7ff8f790ce.png,"
CVS®,Original price: $3.99,$3.49,,,64 fl oz,[],,"https://www.instacart.com/image-server/197x197/filters:fill(FFF,true):format(jpg)/d2lnr5mha7bycj.cloudfront.net/product-image/file/large_54ffd3ff-2bfc-4267-883f-d6d5a45f970a.png,"
CVS®,True Goodness by Meijer Apple Organic Juice,$3.99,,,64 fl oz,['Organic'],,"https://www.instacart.com/image-server/197x197/filters:fill(FFF,true):format(jpg)/d2lnr5mha7bycj.cloudfront.net/product-image/file/large_1476b3d8-5638-4720-9987-898557310d0f.jpg,"
CVS®,Milo Lemonade,$1.81,,,20 fl oz,[],,"https://www.instacart.com/image-server/197x197/filters:fill(FFF,true):format(jpg)/d2lnr5mha7bycj.cloudfront.net/product-image/file/large_dff1cb52-f557-4403-8ff9-a1224a26c6f9.png,"
CVS®,Original price: $25.99,$12.59,,,32 fl oz,[],,"https://www.instacart.com/image-server/197x197/filters:fill(FFF,true):format(jpg)/d2lnr5mha7bycj.cloudfront.net/product-image/file/large_eac9d51c-af85-4a66-b03b-992b20c842c2.jpg,"
CVS®,Meijer 2% Reduced Fat Milk,$2.99,,,1 gal,[],Many in stock,"https://www.instacart.com/image-server/197x197/filters:fill(FFF,true):format(jpg)/d2lnr5mha7bycj.cloudfront.net/product-image/file/large_e290ae5f-efaf-45bd-9010-c7a448f7b380.png,"
CVS®,Original price: $13.99,$9.99,,,6 x 1 L,[],,"https://www.instacart.com/image-server/197x197/filters:fill(FFF,true):format(jpg)/d2lnr5mha7bycj.cloudfront.net/product-image/file/large_c27fb5d7-9364-4877-8cb8-cccb19daec02.jpg,"
CVS®,"Meijer 8-5/8"" Paper Plates",$6.99,,,90 ct,[],,"https://www.instacart.com/image-server/197x197/filters:fill(FFF,true):format(jpg)/d2lnr5mha7bycj.cloudfront.net/product-image/file/large_4785dcbb-8e79-47b6-a62b-15ce499fad58.jpg,"
CVS®,Charmin Ultra Strong Toilet Paper 6 Rolls,$9.59,,,6 ct,[],,"https://www.instacart.com/image-server/197x197/filters:fill(FFF,true):format(jpg)/d2lnr5mha7bycj.cloudfront.net/product-image/file/large_ea3a3b53-c0ad-432f-bdd1-47f274e29e56.jpg,"
CVS®,Sara Lee Premium Meats Honey Ham,$9.99,/lb,,$0.62/oz,[],Many in stock,"https://www.instacart.com/image-server/197x197/filters:fill(FFF,true):format(jpg)/d2lnr5mha7bycj.cloudfront.net/product-image/file/large_d15ccd54-e58b-4014-a09b-9d08a0cf6e3b.png,"
CVS®,Brawny Tear-A-Square Paper Towels,$10.99,,,4 ct,[],,"https://www.instacart.com/image-server/197x197/filters:fill(FFF,true):format(jpg)/d2lnr5mha7bycj.cloudfront.net/product-image/file/large_a3e50f09-40cd-4cc3-9192-18ba35ee0a63.png,"
CVS®,Meijer Fresh Atlantic Salmon With Herb Shallot Butter,$14.99,,,2 x 6 oz,[],Many in stock,"https://www.instacart.com/image-server/197x197/filters:fill(FFF,true):format(jpg)/d2lnr5mha7bycj.cloudfront.net/product-image/file/large_91211077-cd59-4aed-8111-81071b07580d.png,"
CVS®,"Quilted Northern Toilet Paper, Mega Rolls",$7.99,,,6 ct,[],,"https://www.instacart.com/image-server/197x197/filters:fill(FFF,true):format(jpg)/d2lnr5mha7bycj.cloudfront.net/product-image/file/large_57450225-22e9-4fc0-8e97-44b976af2242.jpg,"
CVS®,Pepsi Cola,$15.99,,,24 x 12 fl oz • 5 options,[],Many in stock,"https://www.instacart.com/image-server/197x197/filters:fill(FFF,true):format(jpg)/d2lnr5mha7bycj.cloudfront.net/product-image/file/large_dfcef51a-e982-40af-84ad-8889f26454a0.jpg,"
CVS®,Roma Tomato,$0.32,each (est.),$1.13 / lb,About 0.29 lb each,[],,"https://www.instacart.com/image-server/197x197/filters:fill(FFF,true):format(jpg)/d2lnr5mha7bycj.cloudfront.net/product-image/file/large_3f2e0b69-9076-4136-bccb-19ad7944e06f.png,"
CVS®,Meijer Natural Spring Water,$1.59,,,1 gal,[],Many in stock,"https://www.instacart.com/image-server/197x197/filters:fill(FFF,true):format(jpg)/d2lnr5mha7bycj.cloudfront.net/product-image/file/large_588999a2-a61c-4f7c-be48-fcd2e07678e0.png,"
CVS®,"bubly Sparkling Water, Blackberry - Pack",$4.99,,,8 x 12 fl oz,"['Zero Calories', 'Zero Sugar']",,"https://www.instacart.com/image-server/197x197/filters:fill(FFF,true):format(jpg)/d2lnr5mha7bycj.cloudfront.net/product-image/file/large_4ed72556-c8da-45a2-b526-c10c37ec18c8.jpg,"
CVS®,Original price: $5.99,$4.99,,,6 x 16.9 fl oz • 5 options,[],,"https://www.instacart.com/image-server/197x197/filters:fill(FFF,true):format(jpg)/d2lnr5mha7bycj.cloudfront.net/product-image/file/large_9edbf475-0b43-4a6d-9c80-956f2d4b7b32.jpg,"
CVS®,Original price: $5.49,$4.59,,,50 ct,[],Many in stock,"https://www.instacart.com/image-server/197x197/filters:fill(FFF,true):format(jpg)/d2lnr5mha7bycj.cloudfront.net/product-image/file/large_e3f0023b-eaeb-4f1b-a98d-d83682efb300.png,"
CVS®,Meijer Plastic Forks,$2.69,,,48 each,[],,"https://www.instacart.com/image-server/197x197/filters:fill(FFF,true):format(jpg)/d2lnr5mha7bycj.cloudfront.net/product-image/file/large_2ff05d2e-8555-42d7-8b0d-c5a9d01197f5.jpg,"
CVS®,Original price: $9.99,$8.99,,,64 ct,[],Many in stock,"https://www.instacart.com/image-server/197x197/filters:fill(FFF,true):format(jpg)/d2lnr5mha7bycj.cloudfront.net/product-image/file/large_377eba1c-e4b2-4790-bfc8-dcce1fffb8ec.jpg,"
CVS®,Oscar Mayer Gluten Free Turkey Bacon with 58% Less Fat & 57% Less Sodium,$5.69,,,12 oz,[],,"https://www.instacart.com/image-server/197x197/filters:fill(FFF,true):format(jpg)/d2lnr5mha7bycj.cloudfront.net/product-image/file/large_4660d375-038a-4b25-a8dd-1d850dc2d63f.jpg,"
CVS®,Oscar Mayer Center Cut Original Bacon,$8.99,,,12 oz,[],,"https://www.instacart.com/image-server/197x197/filters:fill(FFF,true):format(jpg)/d2lnr5mha7bycj.cloudfront.net/product-image/file/large_f0275c37-b9d6-44bb-b3b2-e93dcb1ed98a.jpg,"
CVS®,"Starbucks Iced Coffee, Medium Roast, Black, Unsweetened",$7.69,,,48 fl oz,['Unsweetened'],Likely out of stock,"https://www.instacart.com/image-server/197x197/filters:fill(FFF,true):format(jpg)/d2lnr5mha7bycj.cloudfront.net/product-image/file/large_06a130ea-c750-43c1-87f6-4d7a8f250bef.jpg,"
CVS®,Meijer Ultra-pasteurized Half And Half,$6.99,,,64 fl oz,[],Many in stock,"https://www.instacart.com/image-server/197x197/filters:fill(FFF,true):format(jpg)/d2lnr5mha7bycj.cloudfront.net/product-image/file/large_52c06a8e-724c-4d18-a989-30c1fc51df5e.png,"
CVS®,Original price: $8.99,$8.59,,,6 ct,[],,"https://www.instacart.com/image-server/197x197/filters:fill(FFF,true):format(jpg)/d2lnr5mha7bycj.cloudfront.net/product-image/file/large_79896fb2-82c1-43be-a620-7879b13bb2c1.png,"
CVS®,"Mountain Dew Soda, Citrus",$15.99,,,24 x 12 fl oz • 2 options,['Zero Calories'],Many in stock,"https://www.instacart.com/image-server/197x197/filters:fill(FFF,true):format(jpg)/d2lnr5mha7bycj.cloudfront.net/product-image/file/large_660c995a-af08-48b5-aa30-3def5824a401.png,"
CVS®,Meijer Reclosable Zipper Sandwich Bags,$2.89,,,90 ct,[],,"https://www.instacart.com/image-server/197x197/filters:fill(FFF,true):format(jpg)/d2lnr5mha7bycj.cloudfront.net/product-image/file/large_c58605ca-9318-46fd-8594-8bf1a332833c.png,"
CVS®,Charmin Ultra Strong Bathroom Tissue Mega Rolls,$17.99,,,12 ct,[],,"https://www.instacart.com/image-server/197x197/filters:fill(FFF,true):format(jpg)/d2lnr5mha7bycj.cloudfront.net/product-image/file/large_102612ee-f909-4639-8f66-ea5b0baee473.jpg,"
CVS®,Original price: $4.99,$4.59,,,9.8 oz,[],,"https://www.instacart.com/image-server/197x197/filters:fill(FFF,true):format(jpg)/d2lnr5mha7bycj.cloudfront.net/product-image/file/large_10581652-58c0-4f55-a623-41dd0b39f728.png,"
CVS®,Original price: $3.59,$2.99,,,7 oz,[],,"https://www.instacart.com/image-server/197x197/filters:fill(FFF,true):format(jpg)/d2lnr5mha7bycj.cloudfront.net/product-image/file/large_bf51b688-e841-4f03-aaac-3b7d2c6f4653.png,"
CVS®,Oscar Mayer Original Fully Cooked Bacon,$6.99,,,2.52 oz,[],,"https://www.instacart.com/image-server/197x197/filters:fill(FFF,true):format(jpg)/d2lnr5mha7bycj.cloudfront.net/product-image/file/large_98968665-178d-4f17-ab1f-9d1a8ca15751.jpg,"
CVS®,Applegate Naturals Uncured Turkey Bacon,$6.99,,,8 oz,[],,"https://www.instacart.com/image-server/197x197/filters:fill(FFF,true):format(jpg)/d2lnr5mha7bycj.cloudfront.net/product-image/file/large_c00bfd09-80c2-490f-90ce-434fdede9a88.png,"
CVS®,Purple Cow Scooperman Ice Cream,$3.79,,,48 oz,[],Many in stock,"https://www.instacart.com/image-server/197x197/filters:fill(FFF,true):format(jpg)/d2lnr5mha7bycj.cloudfront.net/product-image/file/large_c1f65469-58ca-4cbd-bc18-e5f8ffea2e36.png,"
CVS®,Original price: $3.69,$3.49,,,20 oz,[],Many in stock,"https://www.instacart.com/image-server/197x197/filters:fill(FFF,true):format(jpg)/d2lnr5mha7bycj.cloudfront.net/product-image/file/large_12581682-451f-4d0f-acc1-052d243a8f4b.png,"
CVS®,"Folgers Coffee, Ground, Medium, Classic Roast",$11.99,,,25.9 oz,[],,"https://www.instacart.com/image-server/197x197/filters:fill(FFF,true):format(jpg)/d2lnr5mha7bycj.cloudfront.net/product-image/file/large_4848fc1a-5e97-4d86-b1d9-171fbbf327af.jpg,"
CVS®,Oscar Mayer Stuffed Cheese Hot Dogs,$4.99,,,10 ct,[],,"https://www.instacart.com/image-server/197x197/filters:fill(FFF,true):format(jpg)/d2lnr5mha7bycj.cloudfront.net/product-image/file/large_b54f6f1f-608e-4d35-b2d7-22c39c957525.jpg,"
CVS®,Oscar Mayer Turkey Uncured Franks Hot Dogs,$4.99,,,10 ct,[],,"https://www.instacart.com/image-server/197x197/filters:fill(FFF,true):format(jpg)/d2lnr5mha7bycj.cloudfront.net/product-image/file/large_529d02b1-7b3e-4189-846e-0a25e62929a6.jpg,"
CVS®,Original price: $4.19,$3.99,,,12 oz,[],,"https://www.instacart.com/image-server/197x197/filters:fill(FFF,true):format(jpg)/d2lnr5mha7bycj.cloudfront.net/product-image/file/large_0db01640-259c-40bf-858d-019979a73896.jpg,"
CVS®,Red Baron Frozen Pizza Classic Crust Pepperoni,$5.69,,,20.6 oz,[],,"https://www.instacart.com/image-server/197x197/filters:fill(FFF,true):format(jpg)/d2lnr5mha7bycj.cloudfront.net/product-image/file/large_c2e11642-be54-48d9-a6ee-e84cdd43abe1.png,"
CVS®,Original price: $4.79,$4.49,,,5 oz,[],,"https://www.instacart.com/image-server/197x197/filters:fill(FFF,true):format(jpg)/d2lnr5mha7bycj.cloudfront.net/product-image/file/large_af0923e1-7a41-4b01-ba26-ef5b7ce33521.png,"
CVS®,Lactaid 2% Reduced Fat Milk,$6.99,,,96 fl oz,[],Many in stock,"https://www.instacart.com/image-server/197x197/filters:fill(FFF,true):format(jpg)/d2lnr5mha7bycj.cloudfront.net/product-image/file/large_fe407dc8-afa9-440b-b73e-796d521e0df3.png,"
CVS®,Lactaid Whole Milk,$6.99,,,96 fl oz,[],Many in stock,"https://www.instacart.com/image-server/197x197/filters:fill(FFF,true):format(jpg)/d2lnr5mha7bycj.cloudfront.net/product-image/file/large_4b56ad48-e092-43ca-8e85-0412556d8566.png,"
CVS®,"Lay's Potato Chips, Classic",$4.59,,,8 oz,"['Gluten-Free', 'Vegan']",,"https://www.instacart.com/image-server/197x197/filters:fill(FFF,true):format(jpg)/d2lnr5mha7bycj.cloudfront.net/product-image/file/large_416c8ba3-c8f0-4a54-8dea-7dfb743bb5b9.png,"
CVS®,Heluva Good! French Onion Dip,$2.49,,,12 oz,[],Many in stock,"https://www.instacart.com/image-server/197x197/filters:fill(FFF,true):format(jpg)/d2lnr5mha7bycj.cloudfront.net/product-image/file/large_99016d2f-74b9-4086-b963-aaa58ba39a41.png,"
CVS®,Original price: $4.99,$4.59,,,5 ct,[],Many in stock,"https://www.instacart.com/image-server/197x197/filters:fill(FFF,true):format(jpg)/d2lnr5mha7bycj.cloudfront.net/product-image/file/large_6c924da4-7976-4e78-8602-653b370fd1bf.png,"
CVS®,Original price: $5.99,$4.99,,,4 x 2.39 oz,[],,"https://www.instacart.com/image-server/197x197/filters:fill(FFF,true):format(jpg)/d2lnr5mha7bycj.cloudfront.net/product-image/file/large_cc9e4287-8213-4457-96ec-360cf7818163.jpg,"
CVS®,Banquet Chicken Pot Pie Frozen Pot Pie Dinner,$1.42,,,7 oz,[],,"https://www.instacart.com/image-server/197x197/filters:fill(FFF,true):format(jpg)/d2lnr5mha7bycj.cloudfront.net/product-image/file/large_e3ff0af3-e966-45b6-b69f-f6dcccc45ca0.jpg,"
CVS®,Jack's Original Pepperoni,$4.59,,,15.3 oz,[],,"https://www.instacart.com/image-server/197x197/filters:fill(FFF,true):format(jpg)/d2lnr5mha7bycj.cloudfront.net/product-image/file/large_4bb1e9ae-994d-4f7b-8555-42d8eb5c7578.jpg,"
CVS®,"MasPanadas Empanadas, Chicken & Vegetables",$8.69,,,7.5 oz,[],,"https://www.instacart.com/image-server/197x197/filters:fill(FFF,true):format(jpg)/d2lnr5mha7bycj.cloudfront.net/product-image/file/large_dcefc800-3300-4947-8dab-db06dfd58471.jpg,"
CVS®,Marie Callender's Chicken Pot Pie Frozen Meal,$3.69,,,10 oz,[],Many in stock,"https://www.instacart.com/image-server/197x197/filters:fill(FFF,true):format(jpg)/d2lnr5mha7bycj.cloudfront.net/product-image/file/large_69550c88-95fd-477c-8f27-32cde8e2d1b3.jpg,"
CVS®,White Castle Original Chicken Rings,$9.99,,,20 onz,[],,"https://www.instacart.com/image-server/197x197/filters:fill(FFF,true):format(jpg)/d2lnr5mha7bycj.cloudfront.net/product-image/file/large_54955e08-aa73-48f5-b5c0-c8354796cfe9.jpg,"
CVS®,Birds Eye Voila! Garlic Chicken Frozen Meal,$5.99,,,21 oz,[],,"https://www.instacart.com/image-server/197x197/filters:fill(FFF,true):format(jpg)/d2lnr5mha7bycj.cloudfront.net/product-image/file/large_886cdb34-b4ab-495c-b901-77b53860cfdd.jpg,"
CVS®,Original price: $3.99,$3.49,,,9.88 oz,[],,"https://www.instacart.com/image-server/197x197/filters:fill(FFF,true):format(jpg)/d2lnr5mha7bycj.cloudfront.net/product-image/file/large_b29c460c-0da2-4a3d-a7b4-d38503108c5e.jpg,"
CVS®,"Banquet Cheesy Rice and Chicken, Frozen Meal",$1.99,,,9 oz,[],,"https://www.instacart.com/image-server/197x197/filters:fill(FFF,true):format(jpg)/d2lnr5mha7bycj.cloudfront.net/product-image/file/large_c0342ddb-2f77-4c2b-a4de-4fa5afeb61db.jpg,"
CVS®,"Marie Callender's Aged Cheddar Cheesy Chicken and Rice Bowl, Frozen Meal",$3.59,,,12 oz,[],,"https://www.instacart.com/image-server/197x197/filters:fill(FFF,true):format(jpg)/d2lnr5mha7bycj.cloudfront.net/product-image/file/large_7be1a597-0cc6-4576-a440-ca7e0277eca5.png,"
CVS®,Birds Eye Voila! Alfredo Chicken Frozen Meal,$5.99,,,21 oz,[],,"https://www.instacart.com/image-server/197x197/filters:fill(FFF,true):format(jpg)/d2lnr5mha7bycj.cloudfront.net/product-image/file/large_e8b8f2bc-76e6-44d0-936d-f52bea884073.jpg,"
CVS®,El Monterey Beef & Bean Burrito,$5.99,,,2 lb,[],,"https://www.instacart.com/image-server/197x197/filters:fill(FFF,true):format(jpg)/d2lnr5mha7bycj.cloudfront.net/product-image/file/large_efafbb90-d1aa-4e79-9a79-9a1f56311321.png,"
CVS®,"Banquet Classic Spaghetti and Meatballs, Frozen Meal",$1.99,,,10 oz,[],,"https://www.instacart.com/image-server/197x197/filters:fill(FFF,true):format(jpg)/d2lnr5mha7bycj.cloudfront.net/product-image/file/large_b72a3ba0-ebc9-4bb0-a882-5391e2abc54c.jpg,"
CVS®,Birds Eye Voila! Alfredo Chicken Frozen Meal,$9.99,,,42 oz,[],,"https://www.instacart.com/image-server/197x197/filters:fill(FFF,true):format(jpg)/d2lnr5mha7bycj.cloudfront.net/product-image/file/large_70eaf2ee-a782-4555-b857-ec224a4924cd.jpg,"
CVS®,Meijer Pepperoni Original Thin Pizza,$3.99,,,15.4 oz,[],Many in stock,"https://www.instacart.com/image-server/197x197/filters:fill(FFF,true):format(jpg)/d2lnr5mha7bycj.cloudfront.net/product-image/file/large_59843e7a-fcd8-48fa-99ee-b29379f5f1c9.png,"
CVS®,White Castle Cheeseburger Castle Bites,$5.99,,,18 oz,[],,"https://www.instacart.com/image-server/197x197/filters:fill(FFF,true):format(jpg)/d2lnr5mha7bycj.cloudfront.net/product-image/file/large_664ba959-2f4a-43f3-866b-6d4b5fbd3fd7.jpg,"
CVS®,Original price: $3.99,$3.49,,,9.63 oz,[],,"https://www.instacart.com/image-server/197x197/filters:fill(FFF,true):format(jpg)/d2lnr5mha7bycj.cloudfront.net/product-image/file/large_eaa9e004-def5-4587-9496-80b9dbe6a4d0.jpg,"
CVS®,Birds Eye Voila! Garlic Chicken Frozen Meal,$9.99,,,42 oz,[],,"https://www.instacart.com/image-server/197x197/filters:fill(FFF,true):format(jpg)/d2lnr5mha7bycj.cloudfront.net/product-image/file/large_0f8d2170-0022-4f17-b580-3e0a94ac9133.jpg,"
CVS®,Red Lobster Garlic & Herb Stuffed Shrimp,$8.59,,,6.8 oz,[],,"https://www.instacart.com/image-server/197x197/filters:fill(FFF,true):format(jpg)/d2lnr5mha7bycj.cloudfront.net/product-image/file/large_9211e8f8-1ded-4be7-a48b-0991307e840a.jpg,"
CVS®,Original price: $3.99,$3.49,,,11 oz,[],,"https://www.instacart.com/image-server/197x197/filters:fill(FFF,true):format(jpg)/d2lnr5mha7bycj.cloudfront.net/product-image/file/large_a73e9d92-d46f-4054-bfef-c497a270be24.jpg,"
CVS®,Deep Indian Kitchen Chicken Vindaloo,$5.69,,,9 oz,['Gluten-Free'],,"https://www.instacart.com/image-server/197x197/filters:fill(FFF,true):format(jpg)/d2lnr5mha7bycj.cloudfront.net/product-image/file/large_e8e34b66-d0c7-4278-bbc2-2ab27dfbfb3a.png,"
CVS®,"White Castle Sliders, The Original",$6.99,,,6 ct,[],Many in stock,"https://www.instacart.com/image-server/197x197/filters:fill(FFF,true):format(jpg)/d2lnr5mha7bycj.cloudfront.net/product-image/file/large_6d1ae7d4-060f-447e-95de-f6bbcecff866.png,"
CVS®,Original price: $3.99,$3.49,,,12 oz,[],,"https://www.instacart.com/image-server/197x197/filters:fill(FFF,true):format(jpg)/d2lnr5mha7bycj.cloudfront.net/product-image/file/large_17290ba5-f71a-47e1-8e9c-be4e62eed7ea.jpg,"
CVS®,Meijer Pepperoni Rising Crust Pizza,$5.99,,,28.3 oz,[],Many in stock,"https://www.instacart.com/image-server/197x197/filters:fill(FFF,true):format(jpg)/d2lnr5mha7bycj.cloudfront.net/product-image/file/large_0e3e073a-99fc-4236-bbd7-59b8413e5005.png,"
CVS®,Deep Indian Kitchen Butter Chicken,$5.69,,,9 oz,['Gluten-Free'],,"https://www.instacart.com/image-server/197x197/filters:fill(FFF,true):format(jpg)/d2lnr5mha7bycj.cloudfront.net/product-image/file/large_bbd66389-4daf-4b7b-a9d9-774185ff5827.jpg,"
CVS®,Original price: $7.99,$6.99,,,27 oz,[],,"https://www.instacart.com/image-server/197x197/filters:fill(FFF,true):format(jpg)/d2lnr5mha7bycj.cloudfront.net/product-image/file/large_8313554f-4ff7-433b-ae77-2bbe01a18899.jpg,"
CVS®,Original price: $3.99,$3.49,,,10 oz,[],,"https://www.instacart.com/image-server/197x197/filters:fill(FFF,true):format(jpg)/d2lnr5mha7bycj.cloudfront.net/product-image/file/large_5d14f9b8-4f9a-4623-9270-92458783d877.jpg,"
CVS®,Jack's Original Cheese,$4.59,,,14.5 oz,[],,"https://www.instacart.com/image-server/197x197/filters:fill(FFF,true):format(jpg)/d2lnr5mha7bycj.cloudfront.net/product-image/file/large_2550493b-a281-4aba-9a22-cc198ec0887a.jpg,"
CVS®,Original price: $10.99,$9.99,,,11.8 oz,['Gluten-Free'],,"https://www.instacart.com/image-server/197x197/filters:fill(FFF,true):format(jpg)/d2lnr5mha7bycj.cloudfront.net/product-image/file/large_f68cd304-0b5e-471f-98a5-b7f92da1d3d1.jpg,"
CVS®,Original price: $3.99,$3.49,,,8.88 oz,[],,"https://www.instacart.com/image-server/197x197/filters:fill(FFF,true):format(jpg)/d2lnr5mha7bycj.cloudfront.net/product-image/file/large_bc2855a5-2d05-422a-84d4-bba4033f0939.jpg,"
CVS®,DEVOUR White Cheddar Mac & Cheese with Smoked Bacon Frozen Meal,$3.99,,,12 oz,[],,"https://www.instacart.com/image-server/197x197/filters:fill(FFF,true):format(jpg)/d2lnr5mha7bycj.cloudfront.net/product-image/file/large_cb6a1401-08ee-44fe-80a4-48e88110b102.jpg,"
CVS®,"Saffron Road Butter Chicken, Gluten-Free, Indian Meal, Frozen",$4.99,,,10 oz,['Gluten-Free'],Many in stock,"https://www.instacart.com/image-server/197x197/filters:fill(FFF,true):format(jpg)/d2lnr5mha7bycj.cloudfront.net/product-image/file/large_8f848eb0-86b4-49a9-a321-167f1a0167cb.png,"
CVS®,Original price: $9.99,$6.99,,,13.4 oz,[],Many in stock,"https://www.instacart.com/image-server/197x197/filters:fill(FFF,true):format(jpg)/d2lnr5mha7bycj.cloudfront.net/product-image/file/large_f21988f6-1280-4f11-bff5-8eadbce88f79.jpg,"
CVS®,Original price: $7.39,$6.89,,,18.3 oz,[],,"https://www.instacart.com/image-server/197x197/filters:fill(FFF,true):format(jpg)/d2lnr5mha7bycj.cloudfront.net/product-image/file/large_020ba5c2-e60e-423c-a973-5e50db1c8262.jpg,"
CVS®,"Saffron Road Chicken Biryani, Gluten-Free, Indian Meal, Frozen Dinner",$4.99,,,10 oz,['Gluten-Free'],Many in stock,"https://www.instacart.com/image-server/197x197/filters:fill(FFF,true):format(jpg)/d2lnr5mha7bycj.cloudfront.net/product-image/file/large_d4b2e18c-43d1-438a-928a-d1612fb0df4a.jpg,"
CVS®,"White Castle Sliders, Jalapeno Cheese",$6.99,,,6 x 11 oz,[],Many in stock,"https://www.instacart.com/image-server/197x197/filters:fill(FFF,true):format(jpg)/d2lnr5mha7bycj.cloudfront.net/product-image/file/large_a2d037b1-7027-4831-ac83-93c78f731f5b.png,"
CVS®,Original price: $3.99,$3.49,,,12.62 oz,[],,"https://www.instacart.com/image-server/197x197/filters:fill(FFF,true):format(jpg)/d2lnr5mha7bycj.cloudfront.net/product-image/file/large_23facb87-b369-4e3c-bcbd-723e35c96e21.jpg,"
CVS®,Original price: $9.99,$6.99,,,11.8 oz,[],,"https://www.instacart.com/image-server/197x197/filters:fill(FFF,true):format(jpg)/d2lnr5mha7bycj.cloudfront.net/product-image/file/large_37583caa-3104-418c-88e1-ac4b3d5bf0ab.jpg,"
CVS®,Original price: $8.59,$6.99,,,5 x 4.5 oz,[],,"https://www.instacart.com/image-server/197x197/filters:fill(FFF,true):format(jpg)/d2lnr5mha7bycj.cloudfront.net/product-image/file/large_4a0c2e83-0e94-4497-8d95-b84eee72695d.jpg,"
CVS®,Original price: $3.99,$3.49,,,11.5 oz,[],,"https://www.instacart.com/image-server/197x197/filters:fill(FFF,true):format(jpg)/d2lnr5mha7bycj.cloudfront.net/product-image/file/large_6b56d364-28e3-4e5a-bffc-5d45b0e85a16.jpg,"
CVS®,Original price: $3.99,$3.49,,,9.38 oz,[],,"https://www.instacart.com/image-server/197x197/filters:fill(FFF,true):format(jpg)/d2lnr5mha7bycj.cloudfront.net/product-image/file/large_d8c3d948-9b13-4c72-8d08-7571115e828c.jpg,"
CVS®,Daiya Dairy Free Fire Roasted Vegetable Gluten Free Pizza,$8.99,,,17.4 oz,"['Gluten-Free', 'Vegan']",,"https://www.instacart.com/image-server/197x197/filters:fill(FFF,true):format(jpg)/d2lnr5mha7bycj.cloudfront.net/product-image/file/large_f41e77e1-a599-4d8c-ac38-29cccf6a4b93.png,"
CVS®,Original price: $7.99,$6.99,,,26 oz,[],,"https://www.instacart.com/image-server/197x197/filters:fill(FFF,true):format(jpg)/d2lnr5mha7bycj.cloudfront.net/product-image/file/large_ffddfa16-6c03-4292-9fd0-4e9e0b3ed0c4.png,"
CVS®,Red Baron Classic Crust Four Cheese Pizza,$5.69,,,21.06 oz,[],,"https://www.instacart.com/image-server/197x197/filters:fill(FFF,true):format(jpg)/d2lnr5mha7bycj.cloudfront.net/product-image/file/large_c1ae00ea-0b5f-4098-98c6-6feb2761624a.png,"
CVS®,Original price: $3.99,$3.49,,,10.5 oz,[],,"https://www.instacart.com/image-server/197x197/filters:fill(FFF,true):format(jpg)/d2lnr5mha7bycj.cloudfront.net/product-image/file/large_9de69e2e-b26d-4b37-9e47-5947f8133bcd.jpg,"
CVS®,Original price: $9.99,$7.99,,,28 oz,[],,"https://www.instacart.com/image-server/197x197/filters:fill(FFF,true):format(jpg)/d2lnr5mha7bycj.cloudfront.net/product-image/file/large_b0c779cf-6cbb-4a66-82ce-769fd4f32dc6.jpg,"
CVS®,Red Baron Deep Dish Singles Pepperoni Pizzas,$4.99,,,11.2 oz,[],,"https://www.instacart.com/image-server/197x197/filters:fill(FFF,true):format(jpg)/d2lnr5mha7bycj.cloudfront.net/product-image/file/large_e0fc0506-dd02-49d7-90c9-4270d0244a5a.png,"
CVS®,Original price: $10.99,$9.99,,,12.4 oz,['Gluten-Free'],,"https://www.instacart.com/image-server/197x197/filters:fill(FFF,true):format(jpg)/d2lnr5mha7bycj.cloudfront.net/product-image/file/large_bb76ded7-41a4-4807-af6f-1c33a1f9b973.jpg,"
CVS®,Daiya Dairy Free Meatless Pepperoni Gluten Free Pizza,$8.99,,,16.7 oz,"['Gluten-Free', 'Vegan']",,"https://www.instacart.com/image-server/197x197/filters:fill(FFF,true):format(jpg)/d2lnr5mha7bycj.cloudfront.net/product-image/file/large_b354353c-4bec-4850-a9ea-00d7b1d059f3.png,"
CVS®,Original price: $9.99,$7.99,,,30.5 oz,[],,"https://www.instacart.com/image-server/197x197/filters:fill(FFF,true):format(jpg)/d2lnr5mha7bycj.cloudfront.net/product-image/file/large_b09111d3-d6ed-4a10-9c86-929c67f2011c.jpg,"
CVS®,Red Baron Frozen Pizza Brick Oven Cheese Trio,$5.69,,,17.82 oz,[],,"https://www.instacart.com/image-server/197x197/filters:fill(FFF,true):format(jpg)/d2lnr5mha7bycj.cloudfront.net/product-image/file/large_569c66f6-9d13-4951-b68e-dab54a339dbe.png,"
CVS®,Red Baron Classic Crust Supreme Pizza,$5.69,,,23.45 oz,[],,"https://www.instacart.com/image-server/197x197/filters:fill(FFF,true):format(jpg)/d2lnr5mha7bycj.cloudfront.net/product-image/file/large_cb76e336-bce5-43bd-b965-9dd949dc1da1.png,"
CVS®,Freschetta Naturally Rising Crust Pepperoni Pizza,$6.99,,,27.35 oz,[],,"https://www.instacart.com/image-server/197x197/filters:fill(FFF,true):format(jpg)/d2lnr5mha7bycj.cloudfront.net/product-image/file/large_bd49b189-1587-49d7-9b3a-2632fea904ed.png,"
CVS®,Freschetta Naturally Rising Crust Four Cheese Pizza,$6.99,,,26.11 oz,[],,"https://www.instacart.com/image-server/197x197/filters:fill(FFF,true):format(jpg)/d2lnr5mha7bycj.cloudfront.net/product-image/file/large_82e0ff56-20ff-4c26-b496-a97924b7bc24.png,"
CVS®,Red Baron French Bread Singles Pepperoni Pizzas,$4.99,,,10.8 oz,[],,"https://www.instacart.com/image-server/197x197/filters:fill(FFF,true):format(jpg)/d2lnr5mha7bycj.cloudfront.net/product-image/file/large_981662ec-828d-4ab4-a793-5560edcf6410.png,"
CVS®,Red Baron French Bread Singles Supreme Pizzas,$4.99,,,11.6 oz,[],,"https://www.instacart.com/image-server/197x197/filters:fill(FFF,true):format(jpg)/d2lnr5mha7bycj.cloudfront.net/product-image/file/large_d0e51fb8-181f-45bb-a14a-395968d560f9.png,"
CVS®,Freschetta Naturally Rising Crust Supreme Pizza,$6.99,,,30.88 oz,[],,"https://www.instacart.com/image-server/197x197/filters:fill(FFF,true):format(jpg)/d2lnr5mha7bycj.cloudfront.net/product-image/file/large_30d65f75-0761-4639-a407-7baefc2ee2cd.png,"
CVS®,Red Baron Frozen Pizza Fully Loaded Pepperoni,$8.99,,,27.85 oz,[],,"https://www.instacart.com/image-server/197x197/filters:fill(FFF,true):format(jpg)/d2lnr5mha7bycj.cloudfront.net/product-image/file/large_f115cb9e-48e0-4725-bb5c-6debff02bba5.jpg,"
CVS®,Red Baron Frozen Pizza Brick Oven Supreme,$5.69,,,18.64 oz,[],,"https://www.instacart.com/image-server/197x197/filters:fill(FFF,true):format(jpg)/d2lnr5mha7bycj.cloudfront.net/product-image/file/large_338cb08a-0bee-4cfa-a0b8-ca29d9634feb.png,"
CVS®,"Eggland's Best Breakfast Bowl, Sausage & Cheese",$5.69,,,1 each,[],,"https://www.instacart.com/image-server/197x197/filters:fill(FFF,true):format(jpg)/d2lnr5mha7bycj.cloudfront.net/product-image/file/large_cf2bf78f-862a-4a81-8e63-4bc0073283ba.jpg,"
CVS®,Original price: $9.99,$6.99,,,14.7 oz,[],,"https://www.instacart.com/image-server/197x197/filters:fill(FFF,true):format(jpg)/d2lnr5mha7bycj.cloudfront.net/product-image/file/large_16db299a-f34d-4c2f-bc61-24dcf2a85b70.jpg,"
CVS®,Oscar Mayer Bologna Sliced Deli Sandwich Lunch Meat,$3.49,,,16 oz,[],,"https://www.instacart.com/image-server/197x197/filters:fill(FFF,true):format(jpg)/d2lnr5mha7bycj.cloudfront.net/product-image/file/large_81075cea-c3f2-408c-8f60-de68d735d387.jpg,"
CVS®,Markets of Meijer Shredded Rotisserie Chicken,$13.99,/lb,,$0.87/oz,[],,"https://www.instacart.com/image-server/197x197/filters:fill(FFF,true):format(jpg)/d2lnr5mha7bycj.cloudfront.net/product-image/file/large_dc14460d-3541-49fd-a3be-08e650f1b8ca.jpg,"
CVS®,Bar-S Classic Bologna Sliced Deli-Style Lunch Meat,$1.49,,,12 oz,[],Many in stock,"https://www.instacart.com/image-server/197x197/filters:fill(FFF,true):format(jpg)/d2lnr5mha7bycj.cloudfront.net/product-image/file/large_d05d2272-dba6-4554-baa9-6a0f81803285.jpg,"
CVS®,"Land O’Frost Bistro Favorites Uncured Ham, Black Forest",$5.69,,,8 oz,[],Many in stock,"https://www.instacart.com/image-server/197x197/filters:fill(FFF,true):format(jpg)/d2lnr5mha7bycj.cloudfront.net/product-image/file/large_7ae6d4c4-e515-4e06-aa2b-c68bc6e4d4aa.png,"
CVS®,"Hillshire Farm Ultra Thin Sliced Lunchmeat, Turkey Breast & Ham",$8.99,,,16 oz,[],,"https://www.instacart.com/image-server/197x197/filters:fill(FFF,true):format(jpg)/d2lnr5mha7bycj.cloudfront.net/product-image/file/large_4e7a5623-5172-4f77-b2ab-c38330ab38a6.png,"
CVS®,Land O’Frost Premium Oven Roasted Turkey Breast,$6.99,,,16 oz,[],Many in stock,"https://www.instacart.com/image-server/197x197/filters:fill(FFF,true):format(jpg)/d2lnr5mha7bycj.cloudfront.net/product-image/file/large_cb3111a3-17bf-4e9f-8225-931b3d77fdd3.png,"
CVS®,Original price: $11.99,$10.99,/lb,,$0.69/oz,[],,"https://www.instacart.com/image-server/197x197/filters:fill(FFF,true):format(jpg)/d2lnr5mha7bycj.cloudfront.net/product-image/file/large_53e13653-a886-4eb7-b458-ed4da8893ed9.png,"
CVS®,Land O’Frost Bistro Favorites Applewood Smoked Turkey Breast,$5.69,,,8 oz,[],Many in stock,"https://www.instacart.com/image-server/197x197/filters:fill(FFF,true):format(jpg)/d2lnr5mha7bycj.cloudfront.net/product-image/file/large_ddfd3fc0-bf14-44bd-8bc8-e18baacf9a6d.png,"
CVS®,Land O’Frost Premium Black Forest Ham,$6.99,,,16 oz,[],,"https://www.instacart.com/image-server/197x197/filters:fill(FFF,true):format(jpg)/d2lnr5mha7bycj.cloudfront.net/product-image/file/large_12e3aa78-7474-4015-b402-734d8fea2ee4.png,"
CVS®,Meijer Diced Ham,$3.99,,,8 oz,[],Many in stock,"https://www.instacart.com/image-server/197x197/filters:fill(FFF,true):format(jpg)/d2lnr5mha7bycj.cloudfront.net/product-image/file/large_25786306-7292-4b14-8962-d20b55d1d87b.jpg,"
CVS®,Original price: $2.99,$1.69,,,12 oz,[],Many in stock,"https://www.instacart.com/image-server/197x197/filters:fill(FFF,true):format(jpg)/d2lnr5mha7bycj.cloudfront.net/product-image/file/large_5e9ea361-d346-44be-9c09-62b486f630f5.jpg,"
CVS®,Land O’Frost Premium Honey Ham,$6.99,,,16 oz,[],,"https://www.instacart.com/image-server/197x197/filters:fill(FFF,true):format(jpg)/d2lnr5mha7bycj.cloudfront.net/product-image/file/large_d77bf26c-81a5-464a-bfe4-c356d63c373a.png,"
CVS®,Original price: $5.49,$4.59,,,9 oz,[],,"https://www.instacart.com/image-server/197x197/filters:fill(FFF,true):format(jpg)/d2lnr5mha7bycj.cloudfront.net/product-image/file/large_18404ab1-c9ef-47dd-aa43-8a6e24e31f90.png,"
CVS®,Sara Lee Premium Meats Hardwood Smoked Turkey Breast,$11.99,/lb,,$0.75/oz,[],Many in stock,"https://www.instacart.com/image-server/197x197/filters:fill(FFF,true):format(jpg)/d2lnr5mha7bycj.cloudfront.net/product-image/file/large_0a9f6a2c-8aad-42ec-bcaa-c29651c3b0cf.png,"
CVS®,"Oscar Mayer Rotisserie Seasoned Chicken Breast Sliced Lunch Meat, for a Low Carb Lifestyle",$5.69,,,9 oz,[],,"https://www.instacart.com/image-server/197x197/filters:fill(FFF,true):format(jpg)/d2lnr5mha7bycj.cloudfront.net/product-image/file/large_923ec7fd-e3e4-4ce4-9bd2-e34beceffb17.jpg,"
CVS®,Original price: $5.49,$4.59,,,7 oz,[],,"https://www.instacart.com/image-server/197x197/filters:fill(FFF,true):format(jpg)/d2lnr5mha7bycj.cloudfront.net/product-image/file/large_9f4b8ab5-2e5c-4a13-87cf-4444909fd41b.png,"
CVS®,HORMEL Pepperoni Original Pepperoni,$12.59,,,21 oz,[],,"https://www.instacart.com/image-server/197x197/filters:fill(FFF,true):format(jpg)/d2lnr5mha7bycj.cloudfront.net/product-image/file/large_c9df0048-f7d0-48c6-ab44-253cd9603baa.jpg,"
CVS®,Meijer Oven Roasted Turkey Breast,$4.59,,,9 oz,[],Likely out of stock,"https://www.instacart.com/image-server/197x197/filters:fill(FFF,true):format(jpg)/d2lnr5mha7bycj.cloudfront.net/product-image/file/large_92d0f3cb-9be3-43d0-ab14-e3c93c367083.jpg,"
CVS®,Armour Sliced Pepperoni,$2.79,,,5 oz,[],,"https://www.instacart.com/image-server/197x197/filters:fill(FFF,true):format(jpg)/d2lnr5mha7bycj.cloudfront.net/product-image/file/large_5ccc7d36-337b-49d0-a9eb-3450b27dc5d9.png,"
CVS®,Original price: $5.49,$4.59,,,8 oz,[],,"https://www.instacart.com/image-server/197x197/filters:fill(FFF,true):format(jpg)/d2lnr5mha7bycj.cloudfront.net/product-image/file/large_6e3af01d-8608-4be6-a7d9-4f17a60ef0b8.png,"
CVS®,Hatfield Classic Boneless Ham Steak,$3.79,,,8 oz,[],,"https://www.instacart.com/image-server/197x197/filters:fill(FFF,true):format(jpg)/d2lnr5mha7bycj.cloudfront.net/product-image/file/large_e4852ba5-0957-4423-9ba5-706b3a5cfb78.jpg,"
CVS®,Original price: $5.99,$5.69,,,8 oz,[],Many in stock,"https://www.instacart.com/image-server/197x197/filters:fill(FFF,true):format(jpg)/d2lnr5mha7bycj.cloudfront.net/product-image/file/large_9d89689b-84a1-44c4-a3fc-ba283ed81e16.png,"
CVS®,Original price: $5.49,$4.99,,,16 oz,[],,"https://www.instacart.com/image-server/197x197/filters:fill(FFF,true):format(jpg)/d2lnr5mha7bycj.cloudfront.net/product-image/file/large_db1bebfe-0b05-4157-927d-cf8d77d06cf3.png,"
CVS®,Original price: $6.99,$5.69,,,4 oz,[],,"https://www.instacart.com/image-server/197x197/filters:fill(FFF,true):format(jpg)/d2lnr5mha7bycj.cloudfront.net/product-image/file/large_418be749-d3be-4dca-922a-ec4527745bd8.jpg,"
CVS®,"Frigo Sharp Cheddar Cheese & Beef Sticks, Combo Pack",$4.99,,,6.3 oz,[],Many in stock,"https://www.instacart.com/image-server/197x197/filters:fill(FFF,true):format(jpg)/d2lnr5mha7bycj.cloudfront.net/product-image/file/large_9f6a5781-6f41-413f-821d-25aa16e55917.png,"
CVS®,Original price: $7.99,$6.99,/lb,,$0.44/oz,[],Many in stock,"https://www.instacart.com/image-server/197x197/filters:fill(FFF,true):format(jpg)/d2lnr5mha7bycj.cloudfront.net/product-image/file/large_b4691dd8-c38e-494f-b599-ec802b787ab6.png,"
CVS®,Original price: $6.99,$5.69,,,7 oz,[],,"https://www.instacart.com/image-server/197x197/filters:fill(FFF,true):format(jpg)/d2lnr5mha7bycj.cloudfront.net/product-image/file/large_0900abc3-795f-475b-8f02-7e65d8629e42.jpg,"
CVS®,Original price: $9.99,$7.99,/lb,,$0.50/oz,[],,"https://www.instacart.com/image-server/197x197/filters:fill(FFF,true):format(jpg)/d2lnr5mha7bycj.cloudfront.net/product-image/file/large_6489a4f6-dc31-4ef7-9850-1f5cf674321e.png,"
CVS®,HORMEL Pepperoni Pepperoni Stix 6-Pack,$5.99,,,6 oz,[],,"https://www.instacart.com/image-server/197x197/filters:fill(FFF,true):format(jpg)/d2lnr5mha7bycj.cloudfront.net/product-image/file/large_b76fc864-42b4-4249-a288-f0d6849f171f.jpg,"
CVS®,HORMEL Pepperoni Pepperoni Twin Link,$3.99,,,5 oz,[],Many in stock,"https://www.instacart.com/image-server/197x197/filters:fill(FFF,true):format(jpg)/d2lnr5mha7bycj.cloudfront.net/product-image/file/large_b035d94e-616a-4a21-a4e6-42d12ca96746.png,"
CVS®,Original price: $4.79,$4.49,,,6 oz,[],Many in stock,"https://www.instacart.com/image-server/197x197/filters:fill(FFF,true):format(jpg)/d2lnr5mha7bycj.cloudfront.net/product-image/file/large_c4bf4a06-0323-4422-ac2c-ed33af30e2b1.png,"
CVS®,Dietz & Watson Hard Salami,$13.99,/lb,,$0.87/oz,[],,"https://www.instacart.com/image-server/197x197/filters:fill(FFF,true):format(jpg)/d2lnr5mha7bycj.cloudfront.net/product-image/file/large_708a444f-2e67-47d9-8018-88db4fcf01e4.png,"
CVS®,Original price: $5.69,$4.59,,,4 oz,[],,"https://www.instacart.com/image-server/197x197/filters:fill(FFF,true):format(jpg)/d2lnr5mha7bycj.cloudfront.net/product-image/file/large_f4c86f8e-5efb-477f-add0-5c5a70bc9060.jpg,"
CVS®,Dietz & Watson London Broil Roast Beef,$15.99,/lb,,$1.00/oz,[],Many in stock,"https://www.instacart.com/image-server/197x197/filters:fill(FFF,true):format(jpg)/d2lnr5mha7bycj.cloudfront.net/product-image/file/large_ef697cd3-7937-40d2-8c01-51a572619307.png,"
CVS®,Original price: $5.99,$5.69,,,6 oz,[],Many in stock,"https://www.instacart.com/image-server/197x197/filters:fill(FFF,true):format(jpg)/d2lnr5mha7bycj.cloudfront.net/product-image/file/large_85d77ce7-775c-4881-9e83-d663815dc37e.jpg,"
CVS®,Original price: $8.99,$7.99,,,6 oz,[],,"https://www.instacart.com/image-server/197x197/filters:fill(FFF,true):format(jpg)/d2lnr5mha7bycj.cloudfront.net/product-image/file/large_9fd4b247-aa15-48e6-84f9-c2a6fb11308a.jpg,"
CVS®,Original price: $4.99,$4.49,,,6 oz,[],Many in stock,"https://www.instacart.com/image-server/197x197/filters:fill(FFF,true):format(jpg)/d2lnr5mha7bycj.cloudfront.net/product-image/file/large_d6d5c464-14e8-467f-8d0d-89d54206f35f.png,"
CVS®,Original price: $5.69,$4.49,,,5 oz,[],,"https://www.instacart.com/image-server/197x197/filters:fill(FFF,true):format(jpg)/d2lnr5mha7bycj.cloudfront.net/product-image/file/large_e992c1be-38cf-4be8-8f4d-7c63b06d5c2d.png,"
CVS®,HORMEL Pepperoni Pepperoni Turkey Stix,$5.99,,,3.75 oz,[],,"https://www.instacart.com/image-server/197x197/filters:fill(FFF,true):format(jpg)/d2lnr5mha7bycj.cloudfront.net/product-image/file/large_82f9fca1-e18c-4af1-a4e5-cf1af09ae4c8.jpg,"
CVS®,Original price: $6.99,$5.69,,,5 oz,['Grass-Fed'],,"https://www.instacart.com/image-server/197x197/filters:fill(FFF,true):format(jpg)/d2lnr5mha7bycj.cloudfront.net/product-image/file/large_fe595bf9-f129-4039-a1ee-51e10d199e31.jpg,"
CVS®,Meijer 16-Ounce Ultimate Chocolate Chip Cookies,$4.79,,,12 ct,[],,"https://www.instacart.com/image-server/197x197/filters:fill(FFF,true):format(jpg)/d2lnr5mha7bycj.cloudfront.net/product-image/file/large_f4fd66b7-2566-45f3-a4ad-5d7771fbf0a8.png,"
CVS®,Meijer Ultimate Candy Bite Cookies,$4.79,,,12 ct,[],Many in stock,"https://www.instacart.com/image-server/197x197/filters:fill(FFF,true):format(jpg)/d2lnr5mha7bycj.cloudfront.net/product-image/file/large_164497a6-e853-40b4-ba0e-ee9ab98030f6.png,"
CVS®,Meijer Fresh Ultimate Chocolate Chip Cookies,$7.99,,,26 oz,[],,"https://www.instacart.com/image-server/197x197/filters:fill(FFF,true):format(jpg)/d2lnr5mha7bycj.cloudfront.net/product-image/file/large_1afa8194-5b0c-4f6d-8857-b0d2f67f8a8c.png,"
CVS®,Queen St Bakery Superfood Cinnamon Raisin Bagel,$7.99,,,4 x 16.37 oz,"['Gluten-Free', 'Vegan']",,"https://www.instacart.com/image-server/197x197/filters:fill(FFF,true):format(jpg)/d2lnr5mha7bycj.cloudfront.net/product-image/file/large_2fc04819-6aa2-4f04-a783-8b881fde752d.jpg,"
CVS®,Meijer 16 Ounce Ultimate Sugar Cookies,$4.79,,,12 ct,[],Many in stock,"https://www.instacart.com/image-server/197x197/filters:fill(FFF,true):format(jpg)/d2lnr5mha7bycj.cloudfront.net/product-image/file/large_75000ea7-d671-4316-ad03-dfe530fb2b7f.png,"
CVS®,Original price: $4.99,$3.99,,,14.1 oz,[],,"https://www.instacart.com/image-server/197x197/filters:fill(FFF,true):format(jpg)/d2lnr5mha7bycj.cloudfront.net/product-image/file/large_f0cafb12-88e6-429c-bbf3-f10c2f3bad00.jpg,"
CVS®,"Markets of Meijer Fresh Cookies, Ultimate Double Chocolate Chip",$4.79,,,12 ct,[],Many in stock,"https://www.instacart.com/image-server/197x197/filters:fill(FFF,true):format(jpg)/d2lnr5mha7bycj.cloudfront.net/product-image/file/large_f8471a37-5ded-4d82-9d78-f84eae50ba84.png,"
CVS®,Gü Cookies & Double Cream,$5.99,,,2 x 5.38 oz,[],,"https://www.instacart.com/image-server/197x197/filters:fill(FFF,true):format(jpg)/d2lnr5mha7bycj.cloudfront.net/product-image/file/large_988ece0b-3a87-46e0-93b9-0b78531bc250.png,"
CVS®,"Meijer Cookie, 12 Inch Decorated, Chocolate Chip",$13.99,,,24 oz,[],,"https://www.instacart.com/image-server/197x197/filters:fill(FFF,true):format(jpg)/d2lnr5mha7bycj.cloudfront.net/product-image/file/large_b07e43ed-99e6-42fc-bc6f-6f9b359df580.png,"
CVS®,Meijer Fresh Fudge Iced Brownies,$5.99,,,13 oz,[],Many in stock,"https://www.instacart.com/image-server/197x197/filters:fill(FFF,true):format(jpg)/d2lnr5mha7bycj.cloudfront.net/product-image/file/large_cc57bc54-9885-4cb9-a001-6bcbdb16575d.png,"
CVS®,Meijer Ultimate Oatmeal Raisin Cookies,$4.79,,,12 ct,[],Many in stock,"https://www.instacart.com/image-server/197x197/filters:fill(FFF,true):format(jpg)/d2lnr5mha7bycj.cloudfront.net/product-image/file/large_46a3c458-ae70-4409-a265-276b176e77ac.png,"
CVS®,Original price: $3.49,$2.99,,,13 oz,[],,"https://www.instacart.com/image-server/197x197/filters:fill(FFF,true):format(jpg)/d2lnr5mha7bycj.cloudfront.net/product-image/file/large_4bf207f1-b3c6-487f-9a73-904561c7f35c.jpg,"
CVS®,Meijer Fresh Apple Fritters,$3.49,,,14 oz,[],,"https://www.instacart.com/image-server/197x197/filters:fill(FFF,true):format(jpg)/d2lnr5mha7bycj.cloudfront.net/product-image/file/large_b2a6cc5d-dae8-42c8-b850-45b15fd2cccb.png,"
CVS®,Philadelphia Original Cheesecake Desserts with Graham Crumble,$4.99,,,2 ct,[],,"https://www.instacart.com/image-server/197x197/filters:fill(FFF,true):format(jpg)/d2lnr5mha7bycj.cloudfront.net/product-image/file/large_c9bf60ff-4b4f-4b3f-9ea9-7916a0bade18.png,"
CVS®,Original price: $5.49,$4.99,,,8 ct,[],,"https://www.instacart.com/image-server/197x197/filters:fill(FFF,true):format(jpg)/d2lnr5mha7bycj.cloudfront.net/product-image/file/large_209667df-bf81-4c1b-a206-7787568872a3.png,"
CVS®,Meijer Fresh Lemon Squares,$6.99,,,14.1 oz,[],Many in stock,"https://www.instacart.com/image-server/197x197/filters:fill(FFF,true):format(jpg)/d2lnr5mha7bycj.cloudfront.net/product-image/file/large_08a66da3-6ebb-4bc2-988d-a8a12e14e0bd.png,"
CVS®,Original price: $4.59,$3.99,,,16 oz,[],,"https://www.instacart.com/image-server/197x197/filters:fill(FFF,true):format(jpg)/d2lnr5mha7bycj.cloudfront.net/product-image/file/large_b0552b58-5a4e-49f4-a779-ee84bac20a85.png,"
CVS®,Meijer Everyday Brownie Platter,$9.99,,,12 ct,[],,"https://www.instacart.com/image-server/197x197/filters:fill(FFF,true):format(jpg)/d2lnr5mha7bycj.cloudfront.net/product-image/file/large_b56ea24e-c03e-4c91-b62b-f8d3d39aa67a.png,"
CVS®,Meijer Ultimate Peanut Butter Cookies,$4.79,,,12 ct,[],,"https://www.instacart.com/image-server/197x197/filters:fill(FFF,true):format(jpg)/d2lnr5mha7bycj.cloudfront.net/product-image/file/large_5ef77d77-8556-42a5-91ed-09be4662bacb.png,"
CVS®,Meijer Serves 30-35 Celebration Assortment Cookie Tray,$17.99,,,48 ct,[],,"https://www.instacart.com/image-server/197x197/filters:fill(FFF,true):format(jpg)/d2lnr5mha7bycj.cloudfront.net/product-image/file/large_9596afea-2388-45f6-9ef1-0d3302e3d252.png,"
CVS®,Meijer Angel Food Ring Cake,$6.99,,,14 oz,[],Many in stock,"https://www.instacart.com/image-server/197x197/filters:fill(FFF,true):format(jpg)/d2lnr5mha7bycj.cloudfront.net/product-image/file/large_757bc962-7e96-4788-b4e0-8ee137b893b3.jpg,"
CVS®,Meijer 7 Layer Squares,$6.99,,,14.1 oz,[],Many in stock,"https://www.instacart.com/image-server/197x197/filters:fill(FFF,true):format(jpg)/d2lnr5mha7bycj.cloudfront.net/product-image/file/large_be24c6bc-0f3b-4cfb-9fcd-cfc98eec91de.png,"
CVS®,Meijer Fresh Turtle Brownies,$5.99,,,13 oz,[],Many in stock,"https://www.instacart.com/image-server/197x197/filters:fill(FFF,true):format(jpg)/d2lnr5mha7bycj.cloudfront.net/product-image/file/large_10c28e7e-41bf-497d-8588-d92cf0740bd2.png,"
CVS®,Meijer Fresh Cream Cheese Iced Brownies,$5.99,,,13 oz,[],Many in stock,"https://www.instacart.com/image-server/197x197/filters:fill(FFF,true):format(jpg)/d2lnr5mha7bycj.cloudfront.net/product-image/file/large_ee7e466a-d9f1-4782-86d9-3616a192ef9b.png,"
CVS®,Original price: $13.99,$10.99,,,"Original price: $13.99
$13.99",[],,"https://www.instacart.com/image-server/197x197/filters:fill(FFF,true):format(jpg)/d2lnr5mha7bycj.cloudfront.net/product-image/file/large_ec72f732-491a-4a27-9bc3-3b9574662254.png,"
CVS®,Original price: $4.99,$3.99,,,16 oz,[],,"https://www.instacart.com/image-server/197x197/filters:fill(FFF,true):format(jpg)/d2lnr5mha7bycj.cloudfront.net/product-image/file/large_d5bd8248-9216-4251-9869-41273a213996.jpg,"
CVS®,Original price: $5.69,$4.59,,,10 ct,[],,"https://www.instacart.com/image-server/197x197/filters:fill(FFF,true):format(jpg)/d2lnr5mha7bycj.cloudfront.net/product-image/file/large_84731e50-be0a-4e6a-9a71-82d4c5cd135c.jpg,"
CVS®,Original price: $6.99,$5.99,,,8 in,[],Many in stock,"https://www.instacart.com/image-server/197x197/filters:fill(FFF,true):format(jpg)/d2lnr5mha7bycj.cloudfront.net/product-image/file/large_66bf64bd-eb3f-4a3b-b0c3-a821e6509c04.jpg,"
CVS®,Original price: $4.99,$4.79,,,8 oz,[],Many in stock,"https://www.instacart.com/image-server/197x197/filters:fill(FFF,true):format(jpg)/d2lnr5mha7bycj.cloudfront.net/product-image/file/large_12eafc65-2b1c-40d8-b1f6-aecf105ef2cf.jpg,"
CVS®,Meijer Fudge Peanut Butter Cookies,$3.49,,,9.5 oz,[],,"https://www.instacart.com/image-server/197x197/filters:fill(FFF,true):format(jpg)/d2lnr5mha7bycj.cloudfront.net/product-image/file/large_5f77c5bf-a20f-4e2d-a2ba-a489fb0239a1.jpg,"
CVS®,Original price: $6.99,$5.69,,,6.5 oz,[],,"https://www.instacart.com/image-server/197x197/filters:fill(FFF,true):format(jpg)/d2lnr5mha7bycj.cloudfront.net/product-image/file/large_3f2b46a1-95da-4267-bf7d-97e8cd5c081b.jpg,"
CVS®,Meijer Fresh Vanilla Celebration Cake,$16.99,,,30 oz,[],,"https://www.instacart.com/image-server/197x197/filters:fill(FFF,true):format(jpg)/d2lnr5mha7bycj.cloudfront.net/product-image/file/large_e843471e-8bbf-46f9-a0ae-554c136135df.png,"
CVS®,Original price: $5.69,$4.59,,,13.5 oz,[],,"https://www.instacart.com/image-server/197x197/filters:fill(FFF,true):format(jpg)/d2lnr5mha7bycj.cloudfront.net/product-image/file/large_9f0f78b2-f0e5-4649-8a29-c6ee90e628af.jpg,"
CVS®,Original price: $6.99,$5.99,,,21 oz,[],,"https://www.instacart.com/image-server/197x197/filters:fill(FFF,true):format(jpg)/d2lnr5mha7bycj.cloudfront.net/product-image/file/large_fc0d2554-e97d-4c9a-a2ca-592db44d9e73.jpg,"
CVS®,Original price: $6.99,$5.49,,,20 oz,[],,"https://www.instacart.com/image-server/197x197/filters:fill(FFF,true):format(jpg)/d2lnr5mha7bycj.cloudfront.net/product-image/file/large_4e9dcc0f-a1fe-4bcc-aa18-16964a9689ea.png,"
CVS®,Lofthouse Peanut Butter Fudge,$5.69,,,13.5 oz,[],,"https://www.instacart.com/image-server/197x197/filters:fill(FFF,true):format(jpg)/d2lnr5mha7bycj.cloudfront.net/product-image/file/large_7fc254c6-9775-4224-8457-9d7c3dcc6318.png,"
CVS®,Meijer 12 Count Ultimate Oatmeal Cookies,$4.79,,,16 oz,[],Many in stock,"https://www.instacart.com/image-server/197x197/filters:fill(FFF,true):format(jpg)/d2lnr5mha7bycj.cloudfront.net/product-image/file/large_1310a8be-a464-429c-8856-b5d5820d0dc2.png,"
CVS®,Original price: $3.99,$3.49,,,16 oz,[],,"https://www.instacart.com/image-server/197x197/filters:fill(FFF,true):format(jpg)/d2lnr5mha7bycj.cloudfront.net/product-image/file/large_01246e96-4738-4568-b132-f7ba8dd5bafd.jpg,"
CVS®,Frederik's by Meijer Vanilla Filled Cupcakes,$6.99,,,4 x 11.7 oz,[],,"https://www.instacart.com/image-server/197x197/filters:fill(FFF,true):format(jpg)/d2lnr5mha7bycj.cloudfront.net/product-image/file/large_cc0c7169-0bd2-403a-a5a2-688c0b74ed0c.png,"
CVS®,Meijer Frederik's New York Style Cheesecake,$8.99,,,16 oz,[],Many in stock,"https://www.instacart.com/image-server/197x197/filters:fill(FFF,true):format(jpg)/d2lnr5mha7bycj.cloudfront.net/product-image/file/large_e3465fcc-badf-4b59-a51f-fd01342e69d2.png,"
CVS®,Meijer Colby Jack Colby & Monterey Jack Finely Shredded Cheeses,$2.69,,,8 oz,['Keto'],Many in stock,"https://www.instacart.com/image-server/197x197/filters:fill(FFF,true):format(jpg)/d2lnr5mha7bycj.cloudfront.net/product-image/file/large_52abdbb1-2425-4854-80a4-84bad62f8ea3.png,"
CVS®,Original price: $2.69,$2.29,,,8 oz,['Keto'],Many in stock,"https://www.instacart.com/image-server/197x197/filters:fill(FFF,true):format(jpg)/d2lnr5mha7bycj.cloudfront.net/product-image/file/large_368a31ed-5b26-4869-a073-d037d9b2625d.png,"
CVS®,"Field Roast Chao Slices, Creamy Original",$6.99,,,7 oz,"['Vegan', 'Non-GMO']",,"https://www.instacart.com/image-server/197x197/filters:fill(FFF,true):format(jpg)/d2lnr5mha7bycj.cloudfront.net/product-image/file/large_08c8a071-9b58-419a-8270-c837d1a2e5f2.jpg,"
CVS®,Kraft American Cheese Slices,$5.99,,,24 ct,[],,"https://www.instacart.com/image-server/197x197/filters:fill(FFF,true):format(jpg)/d2lnr5mha7bycj.cloudfront.net/product-image/file/large_e03e22f5-8e38-4a5b-bff6-c20f60ab6495.jpg,"
CVS®,Meijer Finely Shredded Triple Cheddar Cheese,$2.69,,,8 oz,[],,"https://www.instacart.com/image-server/197x197/filters:fill(FFF,true):format(jpg)/d2lnr5mha7bycj.cloudfront.net/product-image/file/large_12081a35-5e8e-48c2-b12d-d49f509b2980.png,"
CVS®,Meijer Mozzarella Low-moisture Part-skim String Cheese,$3.69,,,12 oz,['Keto'],Many in stock,"https://www.instacart.com/image-server/197x197/filters:fill(FFF,true):format(jpg)/d2lnr5mha7bycj.cloudfront.net/product-image/file/large_6a2b30ce-920b-4621-b54f-4cd7f6afeffa.png,"
CVS®,Buitoni Freshly Shredded Parmesan Cheese,$5.99,,,5 oz,['Keto'],,"https://www.instacart.com/image-server/197x197/filters:fill(FFF,true):format(jpg)/d2lnr5mha7bycj.cloudfront.net/product-image/file/large_f0a6107b-f20a-4269-8298-938826bc8d47.png,"
CVS®,"Meijer Taco Cheddar, Monterey Jack & Colby Finely Shredded Cheeses",$2.69,,,8 oz,[],Many in stock,"https://www.instacart.com/image-server/197x197/filters:fill(FFF,true):format(jpg)/d2lnr5mha7bycj.cloudfront.net/product-image/file/large_07d6e332-a86f-4c99-9d6b-f90c697ddd99.png,"
CVS®,Meijer Finely Shredded Parmesan Cheese,$2.69,,,6 oz,[],,"https://www.instacart.com/image-server/197x197/filters:fill(FFF,true):format(jpg)/d2lnr5mha7bycj.cloudfront.net/product-image/file/large_2f4dd81a-b041-446c-8050-c3184ce60421.png,"
CVS®,Meijer Lowfat Cottage Cheese,$2.99,,,24 oz,[],Many in stock,"https://www.instacart.com/image-server/197x197/filters:fill(FFF,true):format(jpg)/d2lnr5mha7bycj.cloudfront.net/product-image/file/large_b62e9aad-5269-4bf1-b390-6f48cc1bf13b.png,"
CVS®,Boursin Garlic & Herb Cheese Spread,$6.79,,,5.2 oz,['Keto'],,"https://www.instacart.com/image-server/197x197/filters:fill(FFF,true):format(jpg)/d2lnr5mha7bycj.cloudfront.net/product-image/file/large_815083d1-3def-49ab-a686-26b3913f91ff.png,"
CVS®,Meijer Italian Style Mozzarella Low-moisture Part-skim Shredded Cheese,$2.69,,,8 oz,[],,"https://www.instacart.com/image-server/197x197/filters:fill(FFF,true):format(jpg)/d2lnr5mha7bycj.cloudfront.net/product-image/file/large_1cb8814d-fa8b-4bf0-aab7-3fc92a87c4ef.png,"
CVS®,Sargento Natural String Cheese Snacks,$5.99,,,12 ct,['Keto'],,"https://www.instacart.com/image-server/197x197/filters:fill(FFF,true):format(jpg)/d2lnr5mha7bycj.cloudfront.net/product-image/file/large_6d81b5eb-ad8f-4237-84bc-30271046ef30.jpg,"
CVS®,Sartori Parmesan SarVecchio Reserve Cheese,$6.99,,,5.3 oz,['Keto'],Many in stock,"https://www.instacart.com/image-server/197x197/filters:fill(FFF,true):format(jpg)/d2lnr5mha7bycj.cloudfront.net/product-image/file/large_0c1d82de-d4db-43ae-90d3-b9ef66e151fb.jpg,"
CVS®,"Frigo Cheese, Original, String, 24 Pack",$9.99,,,24 each,"['Cow Milk', 'Keto']",Many in stock,"https://www.instacart.com/image-server/197x197/filters:fill(FFF,true):format(jpg)/d2lnr5mha7bycj.cloudfront.net/product-image/file/large_3d64a898-ca77-42f8-9086-7a608d557698.png,"
CVS®,Meijer American Pasteurized Prepared Cheese Product Singles,$2.29,,,12 oz,[],,"https://www.instacart.com/image-server/197x197/filters:fill(FFF,true):format(jpg)/d2lnr5mha7bycj.cloudfront.net/product-image/file/large_b738f801-3d9c-41c0-8438-28e21ac3143d.png,"
CVS®,"Field Roast Slices, Plant - Based, Smoked Original",$6.99,,,7 oz,"['Vegan', 'Non-GMO']",,"https://www.instacart.com/image-server/197x197/filters:fill(FFF,true):format(jpg)/d2lnr5mha7bycj.cloudfront.net/product-image/file/large_aaa26cee-c344-4dda-81b4-9db0268ba8ef.jpg,"
CVS®,Meijer Small Curd Cottage Cheese,$2.99,,,24 oz,[],Many in stock,"https://www.instacart.com/image-server/197x197/filters:fill(FFF,true):format(jpg)/d2lnr5mha7bycj.cloudfront.net/product-image/file/large_e857deb2-e0f1-4eda-874a-91bcf1d1d5e4.png,"
CVS®,Meijer Italian Style Finely Shredded Mozzarella & Smoked Provolone Cheese Blend,$2.69,,,8 oz,[],,"https://www.instacart.com/image-server/197x197/filters:fill(FFF,true):format(jpg)/d2lnr5mha7bycj.cloudfront.net/product-image/file/large_5594dd1b-267d-4260-ac85-10d00fab7d4e.png,"
CVS®,Original price: $3.69,$3.49,,,8 oz,['Keto'],Many in stock,"https://www.instacart.com/image-server/197x197/filters:fill(FFF,true):format(jpg)/d2lnr5mha7bycj.cloudfront.net/product-image/file/large_f4f4ba32-8776-471b-a073-d7cc5de6b8e3.png,"
CVS®,"Field Roast Chao Shreds, Mexican Style Blend",$6.59,,,7 oz,"['Vegan', 'Non-GMO']",,"https://www.instacart.com/image-server/197x197/filters:fill(FFF,true):format(jpg)/d2lnr5mha7bycj.cloudfront.net/product-image/file/large_3b14898f-4a69-44af-99b7-67440d5e71b9.jpg,"
CVS®,Meijer Mild Cheddar Shredded Cheese,$2.69,,,8 oz,['Keto'],,"https://www.instacart.com/image-server/197x197/filters:fill(FFF,true):format(jpg)/d2lnr5mha7bycj.cloudfront.net/product-image/file/large_e5474629-f995-4765-a286-8e2c974a651b.png,"
CVS®,"Meijer Tuscan Blend Parmesan, Romano & Asiago Cheeses",$2.69,,,6 oz,['Keto'],,"https://www.instacart.com/image-server/197x197/filters:fill(FFF,true):format(jpg)/d2lnr5mha7bycj.cloudfront.net/product-image/file/large_e5d871d8-8abe-408f-a884-68b6052f0605.png,"
CVS®,Original price: $3.49,$2.29,,,8 oz,['Keto'],Many in stock,"https://www.instacart.com/image-server/197x197/filters:fill(FFF,true):format(jpg)/d2lnr5mha7bycj.cloudfront.net/product-image/file/large_bd042cdd-6a5b-4a52-b711-4b318ea18e9c.png,"
CVS®,"Sartori Cheese, BellaVitano, Merlot",$6.99,,,5.3 oz,"['Cow Milk', 'Keto']",Many in stock,"https://www.instacart.com/image-server/197x197/filters:fill(FFF,true):format(jpg)/d2lnr5mha7bycj.cloudfront.net/product-image/file/large_cccf7876-40ab-4762-9254-5debfaa3a142.png,"
CVS®,Sargento Sliced Colby-Jack Natural Cheese,$3.99,,,11 x 1.47 oz,['Keto'],,"https://www.instacart.com/image-server/197x197/filters:fill(FFF,true):format(jpg)/d2lnr5mha7bycj.cloudfront.net/product-image/file/large_45bfba62-7fda-47be-b8cd-31dbf49f0d45.jpg,"
CVS®,Meijer Large Curd Cottage Cheese,$2.99,,,24 oz,[],Many in stock,"https://www.instacart.com/image-server/197x197/filters:fill(FFF,true):format(jpg)/d2lnr5mha7bycj.cloudfront.net/product-image/file/large_19550696-f6c7-46a4-b27a-1205c969bde1.png,"
CVS®,Emmi Kaltbach Le Gruyère Cheese,$9.99,,,5 oz,"['Keto', 'Non-GMO']",Many in stock,"https://www.instacart.com/image-server/197x197/filters:fill(FFF,true):format(jpg)/d2lnr5mha7bycj.cloudfront.net/product-image/file/large_c6762200-cc4f-47b9-a8c9-640f2915c0cf.png,"
CVS®,Meijer American Pasteurized Prepared Cheese Product Singles,$2.99,,,16 oz,[],,"https://www.instacart.com/image-server/197x197/filters:fill(FFF,true):format(jpg)/d2lnr5mha7bycj.cloudfront.net/product-image/file/large_38e30268-6fe2-41de-98b6-9a614cb463a4.png,"
CVS®,"Field Roast Plant-Based Shreds, Creamy Original",$6.59,,,7 oz,['Vegan'],,"https://www.instacart.com/image-server/197x197/filters:fill(FFF,true):format(jpg)/d2lnr5mha7bycj.cloudfront.net/product-image/file/large_0dc5e1ba-155d-41ff-bdbf-6513e6b8ed13.jpg,"
CVS®,"Meijer Italian Style 6 Cheese Mozzarella, Provolone, Asiago, Parmesan, Romano & Fontina Finely Shredded Cheeses",$2.69,,,8 oz,['Keto'],,"https://www.instacart.com/image-server/197x197/filters:fill(FFF,true):format(jpg)/d2lnr5mha7bycj.cloudfront.net/product-image/file/large_7c76d195-3cff-4a1f-b0b7-6d6d4b70d650.png,"
CVS®,Kraft Singles American Cheese Slices,$4.99,,,16 ct,[],,"https://www.instacart.com/image-server/197x197/filters:fill(FFF,true):format(jpg)/d2lnr5mha7bycj.cloudfront.net/product-image/file/large_1275aa00-901b-49a9-85ec-15a973492a7d.jpg,"
CVS®,"Sartori Cheese, Montamore Cheddar, Smooth & Creamy",$6.99,,,7 oz,"['Cow Milk', 'Keto']",Many in stock,"https://www.instacart.com/image-server/197x197/filters:fill(FFF,true):format(jpg)/d2lnr5mha7bycj.cloudfront.net/product-image/file/large_0bef537b-f3ed-48ba-9ed8-69b6c8b7d713.png,"
CVS®,"Sartori Cheese, Balsamic",$6.99,,,5.3 oz,"['Cow Milk', 'Keto']",Many in stock,"https://www.instacart.com/image-server/197x197/filters:fill(FFF,true):format(jpg)/d2lnr5mha7bycj.cloudfront.net/product-image/file/large_00d4a928-d562-4a19-8766-9ffdccc35ab1.png,"
CVS®,Original price: $4.99,$3.99,,,1 lb,['Keto'],Many in stock,"https://www.instacart.com/image-server/197x197/filters:fill(FFF,true):format(jpg)/d2lnr5mha7bycj.cloudfront.net/product-image/file/large_dccde545-422f-435f-ae78-75935f0a66e8.png,"
CVS®,Original price: $2.69,$2.29,,,7.6 oz,['Keto'],Many in stock,"https://www.instacart.com/image-server/197x197/filters:fill(FFF,true):format(jpg)/d2lnr5mha7bycj.cloudfront.net/product-image/file/large_8f3045e3-7ff1-4262-94ba-667ec9be1bbb.png,"
CVS®,Roth Creamy Havarti Cheese,$5.69,,,6 oz,['Keto'],Many in stock,"https://www.instacart.com/image-server/197x197/filters:fill(FFF,true):format(jpg)/d2lnr5mha7bycj.cloudfront.net/product-image/file/large_847b49de-859f-4872-8989-ebd7880e5d49.jpg,"
CVS®,Original price: $14.99,$11.99,,,36 ct,['Keto'],,"https://www.instacart.com/image-server/197x197/filters:fill(FFF,true):format(jpg)/d2lnr5mha7bycj.cloudfront.net/product-image/file/large_0ddfee9b-6974-4045-a091-48846a4accb0.png,"
