Store,Item Name,Price,Units,Unit Price,Amount,Tags,In Stock,Image
ALDI,Bananas,$0.16,each (est.),$0.49 / lb,About 0.33 lb each,[],,"https://www.instacart.com/image-server/197x197/filters:fill(FFF,true):format(jpg)/d2lnr5mha7bycj.cloudfront.net/product-image/file/large_e86a7d99-50c9-4c6d-9422-cda91faf2618.jpg,"
ALDI,"Strawberries, Package",$2.99,,,1 lb,[],,"https://www.instacart.com/image-server/197x197/filters:fill(FFF,true):format(jpg)/d2lnr5mha7bycj.cloudfront.net/product-image/file/large_dae3c8b7-f2dc-45a1-95c8-d83a5c147b6e.jpg,"
ALDI,"Mandarins, Bag",$3.29,,,3 lb,[],Many in stock,"https://www.instacart.com/image-server/197x197/filters:fill(FFF,true):format(jpg)/d2lnr5mha7bycj.cloudfront.net/product-image/file/large_3a5265d4-7382-4e23-880e-9111f452243e.jpg,"
ALDI,Blueberries Package,$3.95,,,1 pint container,[],,"https://www.instacart.com/image-server/197x197/filters:fill(FFF,true):format(jpg)/d2lnr5mha7bycj.cloudfront.net/product-image/file/large_e1fb32d6-26b5-42bd-a77d-65644dae5e38.jpg,"
ALDI,Avocado,$0.95,,,1 each,[],,"https://www.instacart.com/image-server/197x197/filters:fill(FFF,true):format(jpg)/d2lnr5mha7bycj.cloudfront.net/product-image/file/large_97eaa0b2-0e46-45b3-8ab7-539b0e02a514.jpg,"
ALDI,Lemons,$4.29,,,2 lb bag,[],Many in stock,"https://www.instacart.com/image-server/197x197/filters:fill(FFF,true):format(jpg)/d2lnr5mha7bycj.cloudfront.net/product-image/file/large_6ca251e5-109b-43c2-9bdf-772a7abffdc3.jpg,"
ALDI,Raspberries Package,$2.55,,,6 oz Container,[],,"https://www.instacart.com/image-server/197x197/filters:fill(FFF,true):format(jpg)/d2lnr5mha7bycj.cloudfront.net/product-image/file/large_52b9f93d-be02-4f41-85c1-af415f3411ba.jpg,"
ALDI,Stemilt Honeycrisp Apple Pouch,$3.09,,,2 lb,[],Many in stock,"https://www.instacart.com/image-server/197x197/filters:fill(FFF,true):format(jpg)/d2lnr5mha7bycj.cloudfront.net/product-image/file/large_c159aee7-063d-4fc6-9770-027a41a2ecc5.jpg,"
ALDI,"Mission Mini Avocados, Bag",$2.55,,,6 ct,[],,"https://www.instacart.com/image-server/197x197/filters:fill(FFF,true):format(jpg)/d2lnr5mha7bycj.cloudfront.net/product-image/file/large_aeec6904-d31a-4827-a1a3-ad8640affef2.jpg,"
ALDI,Fresh Prepacked Blackberries,$2.55,,,6 oz container,[],,"https://www.instacart.com/image-server/197x197/filters:fill(FFF,true):format(jpg)/d2lnr5mha7bycj.cloudfront.net/product-image/file/large_637ad2dd-fc56-4eb6-bbb1-fad36d8d22b5.jpg,"
ALDI,Pineapple,$1.99,,,1 ct,[],Many in stock,"https://www.instacart.com/image-server/197x197/filters:fill(FFF,true):format(jpg)/d2lnr5mha7bycj.cloudfront.net/product-image/file/large_e06da388-57de-4e8e-a589-2fbc1c372f6d.jpg,"
ALDI,Red Grapes,$4.93,/pkg (est.),$2.19 / lb,About 2.25 lb / package,[],,"https://www.instacart.com/image-server/197x197/filters:fill(FFF,true):format(jpg)/d2lnr5mha7bycj.cloudfront.net/product-image/file/large_df21f925-4691-4f9d-97a6-040b0dd79be9.jpg,"
ALDI,"Limes, Bag",$2.65,,,1 lb,[],,"https://www.instacart.com/image-server/197x197/filters:fill(FFF,true):format(jpg)/d2lnr5mha7bycj.cloudfront.net/product-image/file/large_f407f4f6-fc18-4b16-9bc4-48ffc1750cf9.jpg,"
ALDI,Cantaloupe,$2.75,,,1 each,[],,"https://www.instacart.com/image-server/197x197/filters:fill(FFF,true):format(jpg)/d2lnr5mha7bycj.cloudfront.net/product-image/file/large_f4a2554b-a8e6-4fd9-a9cc-40960a5a4dae.jpg,"
ALDI,Little Salad Bar Watermelon Spears,$3.85,,,16 oz,[],,"https://www.instacart.com/image-server/197x197/filters:fill(FFF,true):format(jpg)/d2lnr5mha7bycj.cloudfront.net/product-image/file/large_16820eae-dbe5-4f20-9793-711654f373f5.jpg,"
ALDI,Green Grapes,$5.29,/pkg (est.),$2.35 / lb,About 2.25 lb / package,[],,"https://www.instacart.com/image-server/197x197/filters:fill(FFF,true):format(jpg)/d2lnr5mha7bycj.cloudfront.net/product-image/file/large_9fc08a5e-767f-4e46-a027-b1cf613dc323.jpg,"
ALDI,Driscoll's Rainbow Pack Berries,$4.95,,,7 oz,[],,"https://www.instacart.com/image-server/197x197/filters:fill(FFF,true):format(jpg)/d2lnr5mha7bycj.cloudfront.net/product-image/file/large_d9fc3a4e-b7d0-47dd-aaf9-d0adc79752cd.jpg,"
ALDI,Organic Avocado Bag,$3.19,,,4 count bag,"['Organic', 'Non-GMO']",,"https://www.instacart.com/image-server/197x197/filters:fill(FFF,true):format(jpg)/d2lnr5mha7bycj.cloudfront.net/product-image/file/large_892d4d83-6407-4323-b1e2-ea294848796c.JPG,"
ALDI,"Cara Cara Oranges, Bag",$4.95,,,3 lb,[],,"https://www.instacart.com/image-server/197x197/filters:fill(FFF,true):format(jpg)/d2lnr5mha7bycj.cloudfront.net/product-image/file/large_566607f3-1c60-41b3-9429-6af84e2eb2ea.jpg,"
ALDI,"Organic Farms Organic Blueberries, Package",$3.65,,,6 oz,"['Organic', 'Non-GMO']",,"https://www.instacart.com/image-server/197x197/filters:fill(FFF,true):format(jpg)/d2lnr5mha7bycj.cloudfront.net/product-image/file/large_e4cb0c7a-92e1-4ea9-8a3b-c2216b013ed1.jpg,"
ALDI,Simply Nature Organic Strawberries,$6.95,,,24 oz,"['Organic', 'Non-GMO']",,"https://www.instacart.com/image-server/197x197/filters:fill(FFF,true):format(jpg)/d1s8987jlndkbs.cloudfront.net/assets/missing-item-4bbe82b8555e4d1c12626fd482cb2409713e8e30835645ff3650ef66a725d03c.png,"
ALDI,Pink Lady (Cripps) Apple Bag,$4.29,,,3 lb bag,[],Many in stock,"https://www.instacart.com/image-server/197x197/filters:fill(FFF,true):format(jpg)/d2lnr5mha7bycj.cloudfront.net/product-image/file/large_a8d53b92-0250-4c76-9fb6-089c3804a869.jpg,"
ALDI,Mango,$1.65,,,1 each,[],,"https://www.instacart.com/image-server/197x197/filters:fill(FFF,true):format(jpg)/d2lnr5mha7bycj.cloudfront.net/product-image/file/large_c02311a1-643f-4019-9305-468fc11adc78.jpg,"
ALDI,Envy Apple,$1.42,each (est.),$1.89 / lb,About 0.75 lb each,[],,"https://www.instacart.com/image-server/197x197/filters:fill(FFF,true):format(jpg)/d2lnr5mha7bycj.cloudfront.net/product-image/file/large_17a6528f-3e5b-44e8-8ce1-297f3fa78085.jpg,"
ALDI,Gala Apple Bag,$3.09,,,,[],,"https://www.instacart.com/image-server/197x197/filters:fill(FFF,true):format(jpg)/d2lnr5mha7bycj.cloudfront.net/product-image/file/large_6dbf93f9-1a50-4936-a576-11d6532cf3e1.jpg,"
ALDI,"Organic Raspberries, Package",$3.85,,,6 oz,"['Organic', 'Non-GMO']",,"https://www.instacart.com/image-server/197x197/filters:fill(FFF,true):format(jpg)/d2lnr5mha7bycj.cloudfront.net/product-image/file/large_b59a373a-b6e1-46f9-892a-74dbdf424453.jpg,"
ALDI,Little Salad Bar Pineapple Spears,$3.85,,,16 oz,[],,"https://www.instacart.com/image-server/197x197/filters:fill(FFF,true):format(jpg)/d2lnr5mha7bycj.cloudfront.net/product-image/file/large_554b5f20-272f-4915-adcc-526737cef7f2.jpg,"
ALDI,Little Salad Bar Mango Slices,$4.75,,,16 oz,[],,"https://www.instacart.com/image-server/197x197/filters:fill(FFF,true):format(jpg)/d2lnr5mha7bycj.cloudfront.net/product-image/file/large_ef3f1292-32ee-477b-bd6b-a14e8d53f552.jpg,"
ALDI,Fuji Apple Bag,$3.65,,,3 lb bag,[],Many in stock,"https://www.instacart.com/image-server/197x197/filters:fill(FFF,true):format(jpg)/d2lnr5mha7bycj.cloudfront.net/product-image/file/large_9fc2e655-41a4-4da0-9e5f-153fd118a854.jpg,"
ALDI,Green Kiwi Package,$4.39,,,2 lb container,[],,"https://www.instacart.com/image-server/197x197/filters:fill(FFF,true):format(jpg)/d2lnr5mha7bycj.cloudfront.net/product-image/file/large_3bf3148a-8927-4bc4-a16a-38e9aa3312f5.jpg,"
ALDI,Red Delicious Apple Bag,$3.29,,,3 lb bag,[],Many in stock,"https://www.instacart.com/image-server/197x197/filters:fill(FFF,true):format(jpg)/d2lnr5mha7bycj.cloudfront.net/product-image/file/large_bd2f2d2d-da18-4c32-b0d0-e0804065783d.jpg,"
ALDI,Honeycrisp Apple,$5.07,each (est.),$1.69 / lb,About 3.0 lb each,[],,"https://www.instacart.com/image-server/197x197/filters:fill(FFF,true):format(jpg)/d2lnr5mha7bycj.cloudfront.net/product-image/file/large_eb1142eb-18dd-4abd-9462-b51330880a2c.jpg,"
ALDI,Mini Watermelon,$4.65,,,,[],,"https://www.instacart.com/image-server/197x197/filters:fill(FFF,true):format(jpg)/d2lnr5mha7bycj.cloudfront.net/product-image/file/large_dd761f4e-1b31-417f-bba3-11322e7a8de5.jpg,"
ALDI,Sunkist Navel Oranges,$4.95,,,3 lb,[],,"https://www.instacart.com/image-server/197x197/filters:fill(FFF,true):format(jpg)/d2lnr5mha7bycj.cloudfront.net/product-image/file/large_b3dca2b5-e275-4b58-8593-118849fd2535.png,"
ALDI,Cosmic Crisp Premium Apples,$3.65,,,2 lb bag,[],,"https://www.instacart.com/image-server/197x197/filters:fill(FFF,true):format(jpg)/d2lnr5mha7bycj.cloudfront.net/product-image/file/large_d68767ea-1863-440c-87fc-872260a92bce.jpg,"
ALDI,Simply Nature Organic Blueberries,$6.95,,,10 oz,"['Organic', 'Non-GMO']",,"https://www.instacart.com/image-server/197x197/filters:fill(FFF,true):format(jpg)/d2lnr5mha7bycj.cloudfront.net/product-image/file/large_f76a5d60-2388-45ff-8a68-93a563bf0a8e.jpg,"
ALDI,Bartlett Pear,$4.39,,,,[],,"https://www.instacart.com/image-server/197x197/filters:fill(FFF,true):format(jpg)/d2lnr5mha7bycj.cloudfront.net/product-image/file/large_2991fbec-88eb-40f4-b259-a5a0cdfd016b.jpg,"
ALDI,"Grapefruit, Bag",$5.49,,,5 lb,[],,"https://www.instacart.com/image-server/197x197/filters:fill(FFF,true):format(jpg)/d2lnr5mha7bycj.cloudfront.net/product-image/file/large_45899cf1-642a-439b-9441-69c06d1b3982.jpg,"
ALDI,Michigan Apples Bag,$3.29,,,3 lb,[],,"https://www.instacart.com/image-server/197x197/filters:fill(FFF,true):format(jpg)/d2lnr5mha7bycj.cloudfront.net/product-image/file/large_87d97a9f-bb00-48dc-bc25-2dec574fd3c8.jpg,"
ALDI,Produce Og Pink Lady Apples,$4.75,,,3 lb,['Organic'],,"https://www.instacart.com/image-server/197x197/filters:fill(FFF,true):format(jpg)/d2lnr5mha7bycj.cloudfront.net/product-image/file/large_51e4e2fc-433b-4c6f-b0d2-3fcc08053587.jpg,"
ALDI,Cucumber,$0.65,,,1 each,[],Many in stock,"https://www.instacart.com/image-server/197x197/filters:fill(FFF,true):format(jpg)/d2lnr5mha7bycj.cloudfront.net/product-image/file/large_e05c465a-7ad0-455b-bff8-7587c3aa7de8.jpg,"
ALDI,"Multi-Colored Peppers, Package",$2.75,,,3 ct,[],,"https://www.instacart.com/image-server/197x197/filters:fill(FFF,true):format(jpg)/d2lnr5mha7bycj.cloudfront.net/product-image/file/large_4544b625-fca5-40c2-8499-f28cdbcf16fd.jpg,"
ALDI,Baby Peeled Carrots,$1.45,,,16 oz,[],Many in stock,"https://www.instacart.com/image-server/197x197/filters:fill(FFF,true):format(jpg)/d2lnr5mha7bycj.cloudfront.net/product-image/file/large_f88b9ef7-6844-41ab-8d9e-a6a26bcf973f.jpg,"
ALDI,Little Salad Bar Spinach Flat Leaf,$1.65,,,8 oz bag,['In season'],Many in stock,"https://www.instacart.com/image-server/197x197/filters:fill(FFF,true):format(jpg)/d2lnr5mha7bycj.cloudfront.net/product-image/file/large_7b89258b-303e-4814-9423-6eed38db2305.jpg,"
ALDI,Yellow Onion Bag,$2.85,,,3 lb bag,[],,"https://www.instacart.com/image-server/197x197/filters:fill(FFF,true):format(jpg)/d2lnr5mha7bycj.cloudfront.net/product-image/file/large_90ba0180-67c0-4ab0-99e1-acf368606254.jpg,"
ALDI,Little Salad Bar Shredded Lettuce,$2.09,,,8 oz,[],,"https://www.instacart.com/image-server/197x197/filters:fill(FFF,true):format(jpg)/d2lnr5mha7bycj.cloudfront.net/product-image/file/large_827aae14-c752-43d8-8b22-62ccd5556826.jpg,"
ALDI,Broccoli Crowns,$1.89,each (est.),$1.89 / lb,About 1.0 lb each,[],,"https://www.instacart.com/image-server/197x197/filters:fill(FFF,true):format(jpg)/d2lnr5mha7bycj.cloudfront.net/product-image/file/large_0ecedf2d-0cc2-44fc-b218-2ce5259ccae4.jpg,"
ALDI,Celery Package,$1.35,,,1 lb container,[],Many in stock,"https://www.instacart.com/image-server/197x197/filters:fill(FFF,true):format(jpg)/d2lnr5mha7bycj.cloudfront.net/product-image/file/large_cfbbf4a6-d3ee-4c3a-abcf-98c787114763.jpg,"
ALDI,Iceberg Lettuce,$1.89,,,1 each,[],,"https://www.instacart.com/image-server/197x197/filters:fill(FFF,true):format(jpg)/d2lnr5mha7bycj.cloudfront.net/product-image/file/large_5fc53b45-8f3e-4929-b53c-4eb66437cb01.jpg,"
ALDI,Green Bell Pepper,$2.19,,,3 count bag,[],Many in stock,"https://www.instacart.com/image-server/197x197/filters:fill(FFF,true):format(jpg)/d2lnr5mha7bycj.cloudfront.net/product-image/file/large_4bf258e5-0fe5-41f3-bffa-5e4f4085b3d0.jpg,"
ALDI,Green Onions (Scallions),$1.05,,,5.5 oz,[],,"https://www.instacart.com/image-server/197x197/filters:fill(FFF,true):format(jpg)/d2lnr5mha7bycj.cloudfront.net/product-image/file/large_4e369aef-6745-4912-ba4e-1b06c5f2f3b4.jpg,"
ALDI,English Seedless Cucumber,$1.05,,,1 ct,[],,"https://www.instacart.com/image-server/197x197/filters:fill(FFF,true):format(jpg)/d2lnr5mha7bycj.cloudfront.net/product-image/file/large_b38cb0e2-776f-47c2-bfbb-858b6422edce.jpg,"
ALDI,Red Onion Bag,$2.55,,,2 lb bag,[],Many in stock,"https://www.instacart.com/image-server/197x197/filters:fill(FFF,true):format(jpg)/d2lnr5mha7bycj.cloudfront.net/product-image/file/large_5ee6c486-2962-48ba-9d4d-04e0b78b8772.jpg,"
ALDI,Sweet Potato Bag,$2.19,,,3 lb bag,[],,"https://www.instacart.com/image-server/197x197/filters:fill(FFF,true):format(jpg)/d2lnr5mha7bycj.cloudfront.net/product-image/file/large_aa885e7f-92fe-4e48-b101-0448b199694d.jpg,"
ALDI,Roma Tomatoes,$0.19,each (est.),$0.89 / lb,About 0.22 lb each,[],,"https://www.instacart.com/image-server/197x197/filters:fill(FFF,true):format(jpg)/d2lnr5mha7bycj.cloudfront.net/product-image/file/large_71fd3d29-42b0-4073-b8ec-c3aa47256462.jpg,"
ALDI,Zucchini Squash,$2.18,each (est.),$1.45 / lb,About 1.5 lb each,[],,"https://www.instacart.com/image-server/197x197/filters:fill(FFF,true):format(jpg)/d2lnr5mha7bycj.cloudfront.net/product-image/file/large_d057f919-c925-4b06-865a-3bc079d51839.jpg,"
ALDI,Russet Potato Bag,$4.39,,,10 lb bag,[],Many in stock,"https://www.instacart.com/image-server/197x197/filters:fill(FFF,true):format(jpg)/d2lnr5mha7bycj.cloudfront.net/product-image/file/large_ca7ccab6-b859-4d4b-9bff-76c6725cdfdb.jpg,"
ALDI,"Monterey Mushrooms White Mushrooms, Sliced",$1.75,,,8 oz container,['In season'],,"https://www.instacart.com/image-server/197x197/filters:fill(FFF,true):format(jpg)/d2lnr5mha7bycj.cloudfront.net/product-image/file/large_91f68a9f-c9c7-476f-9a1f-58ff043bc5a8.jpg,"
ALDI,"Brussels Sprouts, Package",$2.19,,,1 lb,[],Many in stock,"https://www.instacart.com/image-server/197x197/filters:fill(FFF,true):format(jpg)/d2lnr5mha7bycj.cloudfront.net/product-image/file/large_6e5ea46a-15aa-48af-b544-31de90856c5f.jpg,"
ALDI,Farmer's Promise Yellow Potatoes,$3.85,,,5 lb,[],,"https://www.instacart.com/image-server/197x197/filters:fill(FFF,true):format(jpg)/d2lnr5mha7bycj.cloudfront.net/product-image/file/large_8f7b3be4-1e9b-4c93-bc33-a5aaffce66e7.jpg,"
ALDI,Peeled Organic Baby Carrots Bag,$1.65,,,16 oz,['Non-GMO'],,"https://www.instacart.com/image-server/197x197/filters:fill(FFF,true):format(jpg)/d2lnr5mha7bycj.cloudfront.net/product-image/file/large_a66a28fb-3164-4770-928a-bf917537902d.jpg,"
ALDI,Tasteful Selections Bag of Potato Medley,$3.65,,,24 oz,[],Many in stock,"https://www.instacart.com/image-server/197x197/filters:fill(FFF,true):format(jpg)/d2lnr5mha7bycj.cloudfront.net/product-image/file/large_d5d78c0e-b241-40da-ba8c-a2f8b8d12a2f.jpg,"
ALDI,Crimini (Brown) Mushroom Package,$1.89,,,8 oz container,['In season'],Many in stock,"https://www.instacart.com/image-server/197x197/filters:fill(FFF,true):format(jpg)/d2lnr5mha7bycj.cloudfront.net/product-image/file/large_08e97643-d81b-4bb8-b9a6-5ce8a4d1d2e8.jpg,"
ALDI,Garlic,$2.19,,,3 count bag,[],Many in stock,"https://www.instacart.com/image-server/197x197/filters:fill(FFF,true):format(jpg)/d2lnr5mha7bycj.cloudfront.net/product-image/file/large_d4213068-0777-40de-be31-cf33b7decf48.jpg,"
ALDI,NatureSweet Cherubs Heavenly Salad Tomatoes,$2.65,,,10 oz,[],Many in stock,"https://www.instacart.com/image-server/197x197/filters:fill(FFF,true):format(jpg)/d2lnr5mha7bycj.cloudfront.net/product-image/file/large_675e0375-046e-4a75-8fd9-b8111e492878.jpg,"
ALDI,"Mini Sweet Peppers, Package",$3.19,,,1 lb,[],,"https://www.instacart.com/image-server/197x197/filters:fill(FFF,true):format(jpg)/d2lnr5mha7bycj.cloudfront.net/product-image/file/large_555bdcaa-beaf-483c-9eee-468b4211c982.jpg,"
ALDI,Cabbage,$2.25,each (est.),$0.75 / lb,About 3.0 lb each,[],,"https://www.instacart.com/image-server/197x197/filters:fill(FFF,true):format(jpg)/d2lnr5mha7bycj.cloudfront.net/product-image/file/large_9b543a0d-9d86-48fa-8e76-4bc4f954f62a.jpg,"
ALDI,Farmer's Promise Russet Potatoes,$3.85,,,5 lb,[],,"https://www.instacart.com/image-server/197x197/filters:fill(FFF,true):format(jpg)/d2lnr5mha7bycj.cloudfront.net/product-image/file/large_ff012dbb-cacb-4c13-bccf-a5bb1b968f56.jpg,"
ALDI,Grape Tomatoes,$1.89,,,10.5 oz,[],,"https://www.instacart.com/image-server/197x197/filters:fill(FFF,true):format(jpg)/d2lnr5mha7bycj.cloudfront.net/product-image/file/large_19b7b2c8-857a-4855-bd35-56e0b1e7f9c6.jpg,"
ALDI,Sunset Tomatoes-On-The-Vine,$2.55,,,5 ct,['Non-GMO'],Many in stock,"https://www.instacart.com/image-server/197x197/filters:fill(FFF,true):format(jpg)/d2lnr5mha7bycj.cloudfront.net/product-image/file/large_f7ad4382-e31a-4042-935e-2a0cbd47c298.jpg,"
ALDI,"The Little Potato Co Bite Size Yellow Potatoes, Bag",$3.65,,,24 oz,[],,"https://www.instacart.com/image-server/197x197/filters:fill(FFF,true):format(jpg)/d2lnr5mha7bycj.cloudfront.net/product-image/file/large_14d37590-162c-43ad-b546-86cb661a30df.jpg,"
ALDI,"Beefsteak Tomatoes, Package",$2.65,,,16 oz,[],,"https://www.instacart.com/image-server/197x197/filters:fill(FFF,true):format(jpg)/d2lnr5mha7bycj.cloudfront.net/product-image/file/large_b7a913e6-149c-4d6e-836f-00875e28a913.jpg,"
ALDI,Sugar Snap Peas Package,$2.75,,,8 oz bag,[],,"https://www.instacart.com/image-server/197x197/filters:fill(FFF,true):format(jpg)/d2lnr5mha7bycj.cloudfront.net/product-image/file/large_599f3ada-bc42-4509-add1-14bfc0664656.jpg,"
ALDI,"Ginger Root, Package",$2.19,,,8 oz,[],,"https://www.instacart.com/image-server/197x197/filters:fill(FFF,true):format(jpg)/d2lnr5mha7bycj.cloudfront.net/product-image/file/large_6fbdf724-7a4e-4b67-9aee-fa88f1b3cd19.jpg,"
ALDI,Jalapeno Pepper Package,$0.99,,,8 oz container,[],,"https://www.instacart.com/image-server/197x197/filters:fill(FFF,true):format(jpg)/d2lnr5mha7bycj.cloudfront.net/product-image/file/large_fdc898fd-5ceb-44d2-baed-a356ce8addec.jpg,"
ALDI,Organic Broccoli,$3.65,,,1 ct,"['Non-GMO', 'Organic']",,"https://www.instacart.com/image-server/197x197/filters:fill(FFF,true):format(jpg)/d2lnr5mha7bycj.cloudfront.net/product-image/file/large_cc10c0fe-ec5a-44fa-9880-17c410ee607a.jpg,"
ALDI,Dole Baby Spinach,$3.19,,,5 oz container,"['In season', 'Organic']",,"https://www.instacart.com/image-server/197x197/filters:fill(FFF,true):format(jpg)/d2lnr5mha7bycj.cloudfront.net/product-image/file/large_3d9c969c-f9b6-43c8-9aec-925f8491b6c9.jpg,"
ALDI,Radish,$1.35,,,1 lb,[],,"https://www.instacart.com/image-server/197x197/filters:fill(FFF,true):format(jpg)/d2lnr5mha7bycj.cloudfront.net/product-image/file/large_bc3878f5-1d1d-419e-bb63-3a163f648dfa.jpg,"
ALDI,Yellow Sweet Corn Package,$3.85,,,4 count container,[],,"https://www.instacart.com/image-server/197x197/filters:fill(FFF,true):format(jpg)/d2lnr5mha7bycj.cloudfront.net/product-image/file/large_4ea454f2-e302-4e0e-8dfc-3df85f08e7d7.jpg,"
ALDI,Organic Romaine Hearts,$4.09,,,3 ct,"['Organic', 'Non-GMO']",,"https://www.instacart.com/image-server/197x197/filters:fill(FFF,true):format(jpg)/d2lnr5mha7bycj.cloudfront.net/product-image/file/large_cb75ce4e-1936-4998-a8dc-9df7744220a3.jpg,"
ALDI,Goldhen Grade A Large Eggs,$2.29,,,12 oz,[],Many in stock,"https://www.instacart.com/image-server/197x197/filters:fill(FFF,true):format(jpg)/d2lnr5mha7bycj.cloudfront.net/product-image/file/large_3e645361-d924-4485-91dc-d882ec45e3e2.jpg,"
ALDI,"Crest Complete Whitening Toothpaste, Minty Fresh",$4.39,,,5.4 oz,['Whitening'],Many in stock,"https://www.instacart.com/image-server/197x197/filters:fill(FFF,true):format(jpg)/d2lnr5mha7bycj.cloudfront.net/product-image/file/large_4c121ec9-d5df-4077-83a4-589099720ef8.png,"
ALDI,Bolthouse Farms Green Goodness,$6.59,,,52 fl oz,[],,"https://www.instacart.com/image-server/197x197/filters:fill(FFF,true):format(jpg)/d2lnr5mha7bycj.cloudfront.net/product-image/file/large_63551b5b-8f88-49ec-974c-c5d034cd31a8.jpg,"
ALDI,PurAqua Purified Water,$3.65,,,24 x 16.9 fl oz,[],,"https://www.instacart.com/image-server/197x197/filters:fill(FFF,true):format(jpg)/d2lnr5mha7bycj.cloudfront.net/product-image/file/large_82f87928-91af-4fe6-a44d-579aa13d78a1.jpg,"
ALDI,Countryside Creamery Salted Butter Quarters,$4.09,,,16 oz,[],Many in stock,"https://www.instacart.com/image-server/197x197/filters:fill(FFF,true):format(jpg)/d2lnr5mha7bycj.cloudfront.net/product-image/file/large_3d4ff341-9fff-4831-884b-e5e9e73acece.jpg,"
ALDI,Friendly Farms Whole Milk,$2.89,,,1 gal,[],Many in stock,"https://www.instacart.com/image-server/197x197/filters:fill(FFF,true):format(jpg)/d2lnr5mha7bycj.cloudfront.net/product-image/file/large_1dffbc49-4d36-470e-986c-eb200db575d7.jpg,"
ALDI,"Celsius Sparkling Watermelon, Energy Drink",$2.09,,,12 fl oz,['Zero Sugar'],,"https://www.instacart.com/image-server/197x197/filters:fill(FFF,true):format(jpg)/d2lnr5mha7bycj.cloudfront.net/product-image/file/large_f13c2093-43ab-4770-b679-dd298321a86d.jpg,"
ALDI,"Tide PODS Liquid Laundry Detergent Pacs, Spring Meadow Scent",$14.29,,,42 ct,[],,"https://www.instacart.com/image-server/197x197/filters:fill(FFF,true):format(jpg)/d2lnr5mha7bycj.cloudfront.net/product-image/file/large_a1236aff-7ec2-4029-82a3-5b8fe331ac84.jpg,"
ALDI,Friendly Farms Sour Cream,$1.89,,,16 oz,[],Many in stock,"https://www.instacart.com/image-server/197x197/filters:fill(FFF,true):format(jpg)/d2lnr5mha7bycj.cloudfront.net/product-image/file/large_0abbf7be-3bd5-45ad-93e0-f4eaf051cec9.jpg,"
ALDI,Kirkwood Fresh Family Pack Chicken Breasts,$12.45,/pkg (est.),$2.49 / lb,About 5.0 lb / package,['Breast'],,"https://www.instacart.com/image-server/197x197/filters:fill(FFF,true):format(jpg)/d2lnr5mha7bycj.cloudfront.net/product-image/file/large_16a8d1c0-f204-419f-81b6-9f22f0ce0f41.jpg,"
ALDI,Season's Choice Steamable Broccoli Florets,$1.25,,,12 oz,[],,"https://www.instacart.com/image-server/197x197/filters:fill(FFF,true):format(jpg)/d2lnr5mha7bycj.cloudfront.net/product-image/file/large_e167cb4c-3eb2-46fb-8d3a-61652384b242.jpg,"
ALDI,"Fabuloso Multi-Purpose Cleaner, 2X Concentrated Formula, Lavender",$4.85,,,56 fl oz,[],Many in stock,"https://www.instacart.com/image-server/197x197/filters:fill(FFF,true):format(jpg)/d2lnr5mha7bycj.cloudfront.net/product-image/file/large_399ee491-27b4-4b7c-a1d0-ff022dd684b9.jpg,"
ALDI,"Pop-Tarts Toaster Pastries, Breakfast Foods, Kids Snacks, Frosted Strawberry",$4.35,,,12 ct,[],Many in stock,"https://www.instacart.com/image-server/197x197/filters:fill(FFF,true):format(jpg)/d2lnr5mha7bycj.cloudfront.net/product-image/file/large_8618bc35-7504-45b1-b1b2-90075ae9247b.jpg,"
ALDI,Happy Farms Cream Cheese,$1.95,,,8 oz,[],,"https://www.instacart.com/image-server/197x197/filters:fill(FFF,true):format(jpg)/d2lnr5mha7bycj.cloudfront.net/product-image/file/large_33c4bc21-183c-4033-ae51-6ae9e9cc9375.jpg,"
ALDI,L'oven Fresh White Bread,$1.45,,,20 oz,[],Many in stock,"https://www.instacart.com/image-server/197x197/filters:fill(FFF,true):format(jpg)/d2lnr5mha7bycj.cloudfront.net/product-image/file/large_9bd5df59-77f2-4804-8579-b45611cfdf4a.jpg,"
ALDI,Kirkwood Chicken Breast Nuggets,$5.75,,,29 oz,[],Many in stock,"https://www.instacart.com/image-server/197x197/filters:fill(FFF,true):format(jpg)/d2lnr5mha7bycj.cloudfront.net/product-image/file/large_82eba5a8-7977-4cf5-aecd-f655242da259.jpg,"
ALDI,"Gatorade Thirst Quencher, Fruit Punch",$8.69,,,8 x 20 fl oz • 4 options,[],,"https://www.instacart.com/image-server/197x197/filters:fill(FFF,true):format(jpg)/d2lnr5mha7bycj.cloudfront.net/product-image/file/large_b6ce9c74-093b-40c5-bd0d-0ff6d8f733c9.jpg,"
ALDI,"Dawn Ultra Dishwashing Liquid Dish Soap, Original Scent",$4.69,,,28 fl oz,[],,"https://www.instacart.com/image-server/197x197/filters:fill(FFF,true):format(jpg)/d2lnr5mha7bycj.cloudfront.net/product-image/file/large_68e71bbf-eb08-41ff-a732-4e85949da414.jpg,"
ALDI,"Maruchan Ramen Noodle Soup, Chicken Flavor, 12 Pack",$3.95,,,12 x 3 oz,[],Many in stock,"https://www.instacart.com/image-server/197x197/filters:fill(FFF,true):format(jpg)/d2lnr5mha7bycj.cloudfront.net/product-image/file/large_cbcc41cd-4904-4478-854f-5c51017b3c8e.jpg,"
ALDI,Appleton Farms Premium Sliced Bacon,$4.69,,,16 oz,[],,"https://www.instacart.com/image-server/197x197/filters:fill(FFF,true):format(jpg)/d2lnr5mha7bycj.cloudfront.net/product-image/file/large_d42aa54a-05d6-4657-9c41-c7d3070334bf.jpg,"
ALDI,Breakfast Best Cinnamon French Toast Sticks,$3.29,,,16 oz,[],Many in stock,"https://www.instacart.com/image-server/197x197/filters:fill(FFF,true):format(jpg)/d2lnr5mha7bycj.cloudfront.net/product-image/file/large_135ffcd8-4247-4924-96ac-6bd40ba2bcd0.jpg,"
ALDI,"Febreze Air Freshener, Gain Scent, Air Mist, Original",$3.59,,,8.8 oz,[],,"https://www.instacart.com/image-server/197x197/filters:fill(FFF,true):format(jpg)/d2lnr5mha7bycj.cloudfront.net/product-image/file/large_890c5aea-e1e4-4ac2-97b6-5f5cba75672e.jpg,"
ALDI,"TAMPAX Pearl Tampons, Super",$5.15,,,18 ct,"['Super Absorbency', 'FSA/HSA']",Many in stock,"https://www.instacart.com/image-server/197x197/filters:fill(FFF,true):format(jpg)/d2lnr5mha7bycj.cloudfront.net/product-image/file/large_e4cae992-fd37-445b-9ca2-633cc376302e.jpg,"
ALDI,Friendly Farms Heavy Whipping Cream,$5.75,,,32 fl oz,[],Many in stock,"https://www.instacart.com/image-server/197x197/filters:fill(FFF,true):format(jpg)/d2lnr5mha7bycj.cloudfront.net/product-image/file/large_356cba4e-3eb5-41c2-9aa7-b49ea68918d2.jpg,"
ALDI,Season's Choice Seasoned French Fries,$3.09,,,32 oz,[],,"https://www.instacart.com/image-server/197x197/filters:fill(FFF,true):format(jpg)/d2lnr5mha7bycj.cloudfront.net/product-image/file/large_c4e50270-53a1-4894-adc9-065f9a3e458b.jpg,"
ALDI,Happy Farms Shredded Mozzarella Cheese,$4.09,,,16 oz,[],Many in stock,"https://www.instacart.com/image-server/197x197/filters:fill(FFF,true):format(jpg)/d2lnr5mha7bycj.cloudfront.net/product-image/file/large_fb7ffcd1-b941-4bdc-ad44-fc89fb8142fe.jpg,"
ALDI,NESCAFÉ Clásico Dark Roast Instant Coffee,$7.35,,,7 oz,[],Many in stock,"https://www.instacart.com/image-server/197x197/filters:fill(FFF,true):format(jpg)/d2lnr5mha7bycj.cloudfront.net/product-image/file/large_98b7241d-61e6-4640-9b9f-1b71eef103f1.jpg,"
ALDI,Lunchables Turkey & American Cheese Cracker Stackers Kids Lunch Snack Meal Kit & Capri Sun,$3.15,,,8.9 oz,[],,"https://www.instacart.com/image-server/197x197/filters:fill(FFF,true):format(jpg)/d2lnr5mha7bycj.cloudfront.net/product-image/file/large_7765f2d5-4452-4c59-a2e5-43d18e719f59.jpg,"
ALDI,Burman's Ketchup,$2.05,,,38 oz,[],Many in stock,"https://www.instacart.com/image-server/197x197/filters:fill(FFF,true):format(jpg)/d2lnr5mha7bycj.cloudfront.net/product-image/file/large_d0065b54-7a48-459d-a5f1-ae08d65ba444.jpg,"
ALDI,L'oven Fresh Hamburger Buns,$1.45,,,11 oz,[],Many in stock,"https://www.instacart.com/image-server/197x197/filters:fill(FFF,true):format(jpg)/d2lnr5mha7bycj.cloudfront.net/product-image/file/large_a0ce76df-663b-4d6a-b5c4-4aa106b6849c.jpg,"
ALDI,Nature's Nectar Premium Orange Juice Not From Concentrate No Pulp,$3.65,,,52 fl oz,[],Many in stock,"https://www.instacart.com/image-server/197x197/filters:fill(FFF,true):format(jpg)/d2lnr5mha7bycj.cloudfront.net/product-image/file/large_31f12a83-62a9-4277-a7e6-fc55001d275c.jpg,"
ALDI,Happy Harvest Whole Kernel Corn,$0.69,,,15.25 oz,[],Many in stock,"https://www.instacart.com/image-server/197x197/filters:fill(FFF,true):format(jpg)/d2lnr5mha7bycj.cloudfront.net/product-image/file/large_fc277434-d241-428e-a103-a8a6e605687c.jpg,"
ALDI,Little Salad Bar Garden Salad,$1.99,,,12 oz,[],,"https://www.instacart.com/image-server/197x197/filters:fill(FFF,true):format(jpg)/d2lnr5mha7bycj.cloudfront.net/product-image/file/large_c0da4158-c406-44f0-94d5-42589650880e.jpg,"
ALDI,Clancy's Restaurant Style Tortilla Chips,$2.19,,,13 oz,['Vegan'],,"https://www.instacart.com/image-server/197x197/filters:fill(FFF,true):format(jpg)/d2lnr5mha7bycj.cloudfront.net/product-image/file/large_ac22debb-2a8f-442b-a897-cc53ed489f33.jpg,"
ALDI,Baker's Corner 4 lb. Granulated Sugar,$3.45,,,4 lb,[],Many in stock,"https://www.instacart.com/image-server/197x197/filters:fill(FFF,true):format(jpg)/d2lnr5mha7bycj.cloudfront.net/product-image/file/large_d749991c-7839-427e-98e5-110ea4a4ddbd.jpg,"
ALDI,Countryside Creamery Half & Half,$3.09,,,32 fl oz,[],Many in stock,"https://www.instacart.com/image-server/197x197/filters:fill(FFF,true):format(jpg)/d2lnr5mha7bycj.cloudfront.net/product-image/file/large_cff081f1-e26f-4b5e-b58d-59ae66dfee84.jpg,"
ALDI,Mama Cozzi's Pizza Kitchen Thin Crust Pepperoni Pizza,$3.25,,,14.3 oz,[],Many in stock,"https://www.instacart.com/image-server/197x197/filters:fill(FFF,true):format(jpg)/d2lnr5mha7bycj.cloudfront.net/product-image/file/large_0cfe9488-dbbf-4008-a101-4ed4ed178eff.jpg,"
ALDI,L'oven Fresh Plain English Muffins,$1.65,,,12 oz,[],,"https://www.instacart.com/image-server/197x197/filters:fill(FFF,true):format(jpg)/d2lnr5mha7bycj.cloudfront.net/product-image/file/large_b687293d-1de2-47a3-81d3-dbc86f8fdfd8.jpg,"
ALDI,PurAqua Natural Spring Water,$4.09,,,24 x 16.9 fl oz,[],,"https://www.instacart.com/image-server/197x197/filters:fill(FFF,true):format(jpg)/d2lnr5mha7bycj.cloudfront.net/product-image/file/large_87d57639-9f58-43f9-8e46-a98900e01aa3.jpg,"
ALDI,"Cheez-It Cheese Crackers, Baked Snack, Original",$2.75,,,7 oz,['Light Sodium'],Many in stock,"https://www.instacart.com/image-server/197x197/filters:fill(FFF,true):format(jpg)/d2lnr5mha7bycj.cloudfront.net/product-image/file/large_cf44a1e7-b197-4311-895b-aa5e3c6fbc2b.jpg,"
ALDI,Clancy's Wavy Potato Chips,$2.45,,,10 oz,"['Gluten-Free', 'Vegan']",Many in stock,"https://www.instacart.com/image-server/197x197/filters:fill(FFF,true):format(jpg)/d2lnr5mha7bycj.cloudfront.net/product-image/file/large_b602ef40-ce7d-4d47-bbe8-b4fc860c1f56.jpg,"
ALDI,"Frito Lay Snacks, Flavor Mix",$10.99,,,18 each,[],,"https://www.instacart.com/image-server/197x197/filters:fill(FFF,true):format(jpg)/d2lnr5mha7bycj.cloudfront.net/product-image/file/large_95a0594d-b15c-401f-b57d-fa3bfa712119.png,"
ALDI,Baker's Treat Peanut Butter Wafers,$2.05,,,12 oz,[],,"https://www.instacart.com/image-server/197x197/filters:fill(FFF,true):format(jpg)/d2lnr5mha7bycj.cloudfront.net/product-image/file/large_b96f376e-c953-48e6-a1fa-2237b8972ba2.jpg,"
ALDI,Baker's Treat Glazed Honey Buns,$2.05,,,10.5 oz,[],Many in stock,"https://www.instacart.com/image-server/197x197/filters:fill(FFF,true):format(jpg)/d2lnr5mha7bycj.cloudfront.net/product-image/file/large_d7f68d17-09b3-4366-b361-de7f1ef9ffaf.jpg,"
ALDI,Clancy's Snack Combo 18 bags,$8.05,,,18 ct,[],Many in stock,"https://www.instacart.com/image-server/197x197/filters:fill(FFF,true):format(jpg)/d2lnr5mha7bycj.cloudfront.net/product-image/file/large_61352ee9-d46f-4856-b0d2-cc18f7b5b3be.jpg,"
ALDI,"Chips Ahoy! Original Chocolate Chip Cookies, Party Size",$6.59,,,25 oz,[],Many in stock,"https://www.instacart.com/image-server/197x197/filters:fill(FFF,true):format(jpg)/d2lnr5mha7bycj.cloudfront.net/product-image/file/large_117bbd2c-f1c4-4d8b-9ba1-9dd4396f39ab.jpg,"
ALDI,Savoritz Cheese Dip and Cracker Sticks,$1.45,,,5 oz,[],Many in stock,"https://www.instacart.com/image-server/197x197/filters:fill(FFF,true):format(jpg)/d2lnr5mha7bycj.cloudfront.net/product-image/file/large_12bbd479-ad62-4371-bf11-49074f1dd271.jpg,"
ALDI,Savoritz Golden Rounds,$2.75,,,13.7 oz,[],Many in stock,"https://www.instacart.com/image-server/197x197/filters:fill(FFF,true):format(jpg)/d2lnr5mha7bycj.cloudfront.net/product-image/file/large_0f53972c-1423-4faa-ab0f-d988e359179a.jpg,"
ALDI,Little Debbie Oatmeal Creme Pies,$2.75,,,12 ct,[],Many in stock,"https://www.instacart.com/image-server/197x197/filters:fill(FFF,true):format(jpg)/d2lnr5mha7bycj.cloudfront.net/product-image/file/large_aadcea35-b091-41d0-ada8-dc49723b8ccf.png,"
ALDI,"Chips Ahoy! Mini Original Chocolate Chip Cookies, Snack Packs",$6.42,,,12 ct,[],,"https://www.instacart.com/image-server/197x197/filters:fill(FFF,true):format(jpg)/d2lnr5mha7bycj.cloudfront.net/product-image/file/large_83433ade-5407-468c-987f-04ca3eda70da.jpg,"
ALDI,Clancy's Veggie Straws,$2.99,,,7 oz,"['Gluten-Free', 'Vegan']",,"https://www.instacart.com/image-server/197x197/filters:fill(FFF,true):format(jpg)/d2lnr5mha7bycj.cloudfront.net/product-image/file/large_6d77335e-ad12-451b-8d83-dd214bc0f588.jpg,"
ALDI,Savoritz Original Saltine Crackers,$1.89,,,16 oz,[],,"https://www.instacart.com/image-server/197x197/filters:fill(FFF,true):format(jpg)/d2lnr5mha7bycj.cloudfront.net/product-image/file/large_b09429e7-21e4-435d-99a8-fcfaead58aad.jpg,"
ALDI,Clancy's White Cheddar Cheese Popcorn,$2.65,,,8.5 oz,[],,"https://www.instacart.com/image-server/197x197/filters:fill(FFF,true):format(jpg)/d2lnr5mha7bycj.cloudfront.net/product-image/file/large_b3880f0f-5dc3-4b19-8de2-165b0bb5c4f2.jpg,"
ALDI,"Chips Ahoy! Chewy Chocolate Chip Cookies, Party Size",$6.59,,,26 oz,[],,"https://www.instacart.com/image-server/197x197/filters:fill(FFF,true):format(jpg)/d2lnr5mha7bycj.cloudfront.net/product-image/file/large_c3d0bbd9-9883-4994-836f-d0a4558f4f09.jpg,"
ALDI,Clancy's Pretzel Minis,$2.35,,,16 oz,[],Many in stock,"https://www.instacart.com/image-server/197x197/filters:fill(FFF,true):format(jpg)/d2lnr5mha7bycj.cloudfront.net/product-image/file/large_d3037df4-c266-48cd-8bcc-362f0aceb29b.jpg,"
ALDI,Clancy's Barbecue Potato Chips,$2.45,,,9.5 oz,['Gluten-Free'],Many in stock,"https://www.instacart.com/image-server/197x197/filters:fill(FFF,true):format(jpg)/d2lnr5mha7bycj.cloudfront.net/product-image/file/large_fecbe495-4333-4553-a003-bbb38f47dd61.jpg,"
ALDI,Baker's Treat Swiss Rolls,$2.05,,,13 oz,[],Many in stock,"https://www.instacart.com/image-server/197x197/filters:fill(FFF,true):format(jpg)/d2lnr5mha7bycj.cloudfront.net/product-image/file/large_428f58b5-40d7-43db-b9cf-2037e63c50a1.jpg,"
ALDI,Chomps Grass-Fed Original Beef Stick,$2.65,,,1.15 oz,"['Gluten-Free', 'Keto']",,"https://www.instacart.com/image-server/197x197/filters:fill(FFF,true):format(jpg)/d2lnr5mha7bycj.cloudfront.net/product-image/file/large_2d6251ee-b288-45e9-b7a1-0a2fc787e1e7.JPG,"
ALDI,Savoritz Clubhouse Crackers,$3.25,,,13.7 oz,[],Many in stock,"https://www.instacart.com/image-server/197x197/filters:fill(FFF,true):format(jpg)/d2lnr5mha7bycj.cloudfront.net/product-image/file/large_37fc8f33-4c6a-4637-a866-bbdc4ac1965b.jpg,"
ALDI,Clancy's Pretzel Sticks,$2.35,,,16 oz,[],Many in stock,"https://www.instacart.com/image-server/197x197/filters:fill(FFF,true):format(jpg)/d2lnr5mha7bycj.cloudfront.net/product-image/file/large_685f54e0-a3f4-40c6-9e81-368d1270be01.jpg,"
ALDI,Clancy's Original Kettle Chips,$2.15,,,8 oz,[],Many in stock,"https://www.instacart.com/image-server/197x197/filters:fill(FFF,true):format(jpg)/d2lnr5mha7bycj.cloudfront.net/product-image/file/large_ebda7fcd-f52c-4fb8-9f35-93ffb1f6da56.jpg,"
ALDI,Señor Rico Rice Pudding,$3.09,,,4 x 3.28 oz,['Gluten-Free'],,"https://www.instacart.com/image-server/197x197/filters:fill(FFF,true):format(jpg)/d2lnr5mha7bycj.cloudfront.net/product-image/file/large_48bb5ad1-97d4-40f1-ae01-d2eda28b0bfd.jpg,"
ALDI,Clancy's Movie Theater Butter Microwave Popcorn,$5.29,,,2.5 oz,[],,"https://www.instacart.com/image-server/197x197/filters:fill(FFF,true):format(jpg)/d2lnr5mha7bycj.cloudfront.net/product-image/file/large_e03e72ee-ffbb-4885-9bac-7af7a42e2e9e.jpg,"
ALDI,Clancy's Cheddar and Sour Cream Ridged Potato Chips,$2.45,,,9 oz,['Gluten-Free'],,"https://www.instacart.com/image-server/197x197/filters:fill(FFF,true):format(jpg)/d2lnr5mha7bycj.cloudfront.net/product-image/file/large_44786089-ac49-442d-a992-e8850c363904.jpg,"
ALDI,Simply Nature White Cheddar Puffs,$2.35,,,4 oz,['Gluten-Free'],Many in stock,"https://www.instacart.com/image-server/197x197/filters:fill(FFF,true):format(jpg)/d2lnr5mha7bycj.cloudfront.net/product-image/file/large_036d486f-4d24-4daa-81a2-b6318675b50a.jpg,"
ALDI,"Chomps Grass-Fed Jalapeno Beef, Medium",$2.65,,,1.15 oz,"['Gluten-Free', 'Keto']",,"https://www.instacart.com/image-server/197x197/filters:fill(FFF,true):format(jpg)/d2lnr5mha7bycj.cloudfront.net/product-image/file/large_4adefbf6-2025-48e5-a203-27fbbc4d7e1b.JPG,"
ALDI,Clancy's Big Dipper Tortilla Chips,$2.45,,,10 oz,[],Many in stock,"https://www.instacart.com/image-server/197x197/filters:fill(FFF,true):format(jpg)/d2lnr5mha7bycj.cloudfront.net/product-image/file/large_6d35d3e8-d876-47ee-aced-c2cb7a7fc520.jpg,"
ALDI,Clancy's Original Pretzel Slims,$2.09,,,8 oz,[],Many in stock,"https://www.instacart.com/image-server/197x197/filters:fill(FFF,true):format(jpg)/d2lnr5mha7bycj.cloudfront.net/product-image/file/large_280b02fd-9795-428a-8d0f-f28691124ac6.jpg,"
ALDI,Lunch Buddies Chocolate Pudding Cups,$1.09,,,4 x 3.25 oz,[],,"https://www.instacart.com/image-server/197x197/filters:fill(FFF,true):format(jpg)/d2lnr5mha7bycj.cloudfront.net/product-image/file/large_4677bd16-af74-488e-9ccf-55cfd9e3b773.jpg,"
ALDI,"Storck Knoppers Hazelnut Wafer Candy, Multipack",$2.99,,,5 x 0.88 oz,[],,"https://www.instacart.com/image-server/197x197/filters:fill(FFF,true):format(jpg)/d2lnr5mha7bycj.cloudfront.net/product-image/file/large_faf2c750-ffcd-40b8-87ad-60b4e8f17d58.jpg,"
ALDI,Clancy's Corn Chips,$1.99,,,9.25 oz,"['Gluten-Free', 'Vegan']",Many in stock,"https://www.instacart.com/image-server/197x197/filters:fill(FFF,true):format(jpg)/d2lnr5mha7bycj.cloudfront.net/product-image/file/large_5a8ea4a4-1236-45af-8c36-c51e70f4f42a.jpg,"
ALDI,Clancy's Nacho Tortilla Chips,$2.65,,,11 oz,[],Many in stock,"https://www.instacart.com/image-server/197x197/filters:fill(FFF,true):format(jpg)/d2lnr5mha7bycj.cloudfront.net/product-image/file/large_efb4d21a-092c-498e-83e7-54fd010e5872.jpg,"
ALDI,"Doritos Flavored Tortilla Chips, Nacho Cheese",$4.39,,,9.25 oz,[],Many in stock,"https://www.instacart.com/image-server/197x197/filters:fill(FFF,true):format(jpg)/d2lnr5mha7bycj.cloudfront.net/product-image/file/large_a7a14f9d-77d6-4b3a-a711-c0aef84466d9.jpg,"
ALDI,"Pringles Potato Crisps Chips, Lunch Snacks, On-the-Go Snacks, Sour Cream and Onion",$3.19,,,7.1 oz,[],,"https://www.instacart.com/image-server/197x197/filters:fill(FFF,true):format(jpg)/d2lnr5mha7bycj.cloudfront.net/product-image/file/large_0919a3f6-2d92-4b55-83ed-8e49434f5a03.jpg,"
ALDI,Clancy's Jalapeno Kettle Chips,$2.15,,,8 oz,[],,"https://www.instacart.com/image-server/197x197/filters:fill(FFF,true):format(jpg)/d2lnr5mha7bycj.cloudfront.net/product-image/file/large_e3674112-6833-40dd-8757-b7080e31a355.jpg,"
ALDI,Pepperidge Farm Goldfish Cheddar Crackers,$4.29,,,11 oz,[],Many in stock,"https://www.instacart.com/image-server/197x197/filters:fill(FFF,true):format(jpg)/d2lnr5mha7bycj.cloudfront.net/product-image/file/large_26adaea7-b24f-4439-b96d-5f3c95d7dcaf.jpg,"
ALDI,Millville Chocolate Chip Chewy Granola bars,$1.95,,,10 ct,[],Many in stock,"https://www.instacart.com/image-server/197x197/filters:fill(FFF,true):format(jpg)/d2lnr5mha7bycj.cloudfront.net/product-image/file/large_11b2360a-1dc4-412d-a417-a812de123559.jpg,"
ALDI,"Pringles Potato Crisps Chips, Lunch Snacks, On-the-Go Snacks, Original",$3.19,,,6.8 oz,[],Many in stock,"https://www.instacart.com/image-server/197x197/filters:fill(FFF,true):format(jpg)/d2lnr5mha7bycj.cloudfront.net/product-image/file/large_17ec4564-637d-4746-8c90-c6d9dd446d5f.jpg,"
ALDI,Benton's Peanut Butter Filled Cookies,$2.35,,,9.5 oz,[],Many in stock,"https://www.instacart.com/image-server/197x197/filters:fill(FFF,true):format(jpg)/d2lnr5mha7bycj.cloudfront.net/product-image/file/large_4206a986-83a3-4ac8-bd6a-5731e618a1f5.jpg,"
ALDI,Benton's Vanilla Wafers,$2.75,,,11 oz,[],Many in stock,"https://www.instacart.com/image-server/197x197/filters:fill(FFF,true):format(jpg)/d2lnr5mha7bycj.cloudfront.net/product-image/file/large_4f804885-b92e-41fa-9bec-b4aac182616e.jpg,"
ALDI,Simms Turkey Sausage Snack Sticks,$3.75,,,8 oz,[],Many in stock,"https://www.instacart.com/image-server/197x197/filters:fill(FFF,true):format(jpg)/d2lnr5mha7bycj.cloudfront.net/product-image/file/large_36db1808-34a9-4495-b462-b8d390c98f99.jpg,"
ALDI,Hostess Twinkies Golden Sponge Cake With Creamy Filling,$3.85,,,10 ct,[],Many in stock,"https://www.instacart.com/image-server/197x197/filters:fill(FFF,true):format(jpg)/d2lnr5mha7bycj.cloudfront.net/product-image/file/large_640a44dc-043b-400e-9bdc-844e07277cd8.jpg,"
ALDI,Benton's Graham Crackers,$2.45,,,14.4 oz,[],Many in stock,"https://www.instacart.com/image-server/197x197/filters:fill(FFF,true):format(jpg)/d2lnr5mha7bycj.cloudfront.net/product-image/file/large_d4c7c8de-9481-4a87-b949-c200a53e3504.jpg,"
ALDI,Millville Smores Chewy Granola Bars,$1.95,,,10 ct,[],,"https://www.instacart.com/image-server/197x197/filters:fill(FFF,true):format(jpg)/d2lnr5mha7bycj.cloudfront.net/product-image/file/large_0291915d-05ad-4459-9feb-45ed241d27ed.jpg,"
ALDI,Specially Selected Sea Salt Pita Chips,$3.09,,,9 oz,[],,"https://www.instacart.com/image-server/197x197/filters:fill(FFF,true):format(jpg)/d2lnr5mha7bycj.cloudfront.net/product-image/file/large_5d255459-418a-44de-8ceb-e5778ed78ea0.jpg,"
ALDI,"Pringles Potato Crisps Chips, Lunch Snacks, On-The-Go Snacks, Cheddar Cheese",$3.19,,,7.1 oz,[],Many in stock,"https://www.instacart.com/image-server/197x197/filters:fill(FFF,true):format(jpg)/d2lnr5mha7bycj.cloudfront.net/product-image/file/large_e85f0b59-c7f0-4d39-ab21-db85a38f7508.jpg,"
ALDI,Benton's Mini Chocolate Chip Cookie Snack Packs,$3.75,,,12 oz,[],,"https://www.instacart.com/image-server/197x197/filters:fill(FFF,true):format(jpg)/d2lnr5mha7bycj.cloudfront.net/product-image/file/large_506b271b-0c1b-4e67-83a2-693145747ad0.jpg,"
ALDI,Savoritz Wheat Entertainment Crackers,$1.89,,,8 oz,[],Many in stock,"https://www.instacart.com/image-server/197x197/filters:fill(FFF,true):format(jpg)/d2lnr5mha7bycj.cloudfront.net/product-image/file/large_dc6090d8-60a7-4b6d-82c9-c09e08d6264d.jpg,"
ALDI,Pepperidge Farm® Goldfish® Flavor Blasted® Xtra Cheddar Crackers,$4.29,,,11 oz,[],Many in stock,"https://www.instacart.com/image-server/197x197/filters:fill(FFF,true):format(jpg)/d2lnr5mha7bycj.cloudfront.net/product-image/file/large_5f31cc57-5677-4538-bdd3-7b3a89eb080a.jpg,"
ALDI,Mamba Fruit Chews Chewy Candy,$1.35,,,2.8 oz,[],,"https://www.instacart.com/image-server/197x197/filters:fill(FFF,true):format(jpg)/d2lnr5mha7bycj.cloudfront.net/product-image/file/large_273765cd-4677-4c59-a62e-b612ac26d3da.jpg,"
ALDI,Fit & Active Cheddar Rice Snacks,$3.65,,,6 oz,['Gluten-Free'],,"https://www.instacart.com/image-server/197x197/filters:fill(FFF,true):format(jpg)/d2lnr5mha7bycj.cloudfront.net/product-image/file/large_84647628-9fac-4a62-ad19-166b498966ad.jpg,"
ALDI,Mamba Tropics Fruit Chews Chewy Candy,$1.35,,,2.8 oz,[],Many in stock,"https://www.instacart.com/image-server/197x197/filters:fill(FFF,true):format(jpg)/d2lnr5mha7bycj.cloudfront.net/product-image/file/large_c840027e-becb-42ba-a9b9-789c0b2aaa0f.jpg,"
ALDI,Happy Farms Shredded Mexican Cheese,$3.19,,,12 oz,[],Many in stock,"https://www.instacart.com/image-server/197x197/filters:fill(FFF,true):format(jpg)/d2lnr5mha7bycj.cloudfront.net/product-image/file/large_eb0413f1-b931-4134-9b84-6131574c8e7e.jpg,"
ALDI,Happy Farms Deli Sliced Colby Jack Cheese,$2.09,,,7.5 oz,['Keto'],Many in stock,"https://www.instacart.com/image-server/197x197/filters:fill(FFF,true):format(jpg)/d2lnr5mha7bycj.cloudfront.net/product-image/file/large_5bac1e6c-3e28-4d5b-bd9f-08cefb37b178.jpg,"
ALDI,Kraft American Cheese Slices,$5.49,,,24 ct,[],Many in stock,"https://www.instacart.com/image-server/197x197/filters:fill(FFF,true):format(jpg)/d2lnr5mha7bycj.cloudfront.net/product-image/file/large_5bcbafd7-d10a-4701-90c2-325175a8c18c.jpg,"
ALDI,Friendly Farms Regular Cottage Cheese,$2.75,,,24 oz,[],Many in stock,"https://www.instacart.com/image-server/197x197/filters:fill(FFF,true):format(jpg)/d2lnr5mha7bycj.cloudfront.net/product-image/file/large_9b5c473e-cd84-4211-874e-0e7e046d917a.jpg,"
ALDI,Happy Farms American Cheese Singles,$2.15,,,12 oz,[],Many in stock,"https://www.instacart.com/image-server/197x197/filters:fill(FFF,true):format(jpg)/d2lnr5mha7bycj.cloudfront.net/product-image/file/large_1a609531-008a-4d27-a3ca-c6305a82a3a5.jpg,"
ALDI,Happy Farms Shredded Mild Cheddar Cheese,$4.09,,,16 oz,[],Many in stock,"https://www.instacart.com/image-server/197x197/filters:fill(FFF,true):format(jpg)/d2lnr5mha7bycj.cloudfront.net/product-image/file/large_d5d68ced-e634-413e-a3c7-0e9fd40ea77e.jpg,"
ALDI,Roth Horseradish Havarti Cheese,$3.65,,,6 oz,['Keto'],Many in stock,"https://www.instacart.com/image-server/197x197/filters:fill(FFF,true):format(jpg)/d2lnr5mha7bycj.cloudfront.net/product-image/file/large_baeb14e8-00dc-433c-af3e-e8e8cac1bfd7.jpg,"
ALDI,Happy Farms Shredded Colby Jack Cheese,$3.19,,,12 oz,[],Many in stock,"https://www.instacart.com/image-server/197x197/filters:fill(FFF,true):format(jpg)/d2lnr5mha7bycj.cloudfront.net/product-image/file/large_ef37a7a8-8c69-436c-af1d-467908633a8c.jpg,"
ALDI,Happy Farms Deli Sliced Provolone Cheese,$1.75,,,8 oz,['Keto'],Many in stock,"https://www.instacart.com/image-server/197x197/filters:fill(FFF,true):format(jpg)/d2lnr5mha7bycj.cloudfront.net/product-image/file/large_ef55c541-e8c2-44c1-bf37-903c8057927e.jpg,"
ALDI,Emporium Selection Shredded Parmesan Cheese,$2.59,,,5 oz,['Keto'],Many in stock,"https://www.instacart.com/image-server/197x197/filters:fill(FFF,true):format(jpg)/d2lnr5mha7bycj.cloudfront.net/product-image/file/large_63b747f9-4edf-40f3-87d7-9332314274ab.jpg,"
ALDI,Roth French Onion Havarti Cheese,$3.65,,,6 oz,['Keto'],,"https://www.instacart.com/image-server/197x197/filters:fill(FFF,true):format(jpg)/d2lnr5mha7bycj.cloudfront.net/product-image/file/large_6abf8708-5b83-4af7-a3b4-50a8b280234e.jpg,"
ALDI,Happy Farms Deli Sliced Pepper Jack Cheese,$2.09,,,7.5 oz,['Keto'],Many in stock,"https://www.instacart.com/image-server/197x197/filters:fill(FFF,true):format(jpg)/d2lnr5mha7bycj.cloudfront.net/product-image/file/large_77a87cf4-9edb-439d-9f49-3f399a295fbf.jpg,"
ALDI,Happy Farms Shredded Sharp Cheddar Cheese,$2.75,,,12 oz,['Keto'],Many in stock,"https://www.instacart.com/image-server/197x197/filters:fill(FFF,true):format(jpg)/d2lnr5mha7bycj.cloudfront.net/product-image/file/large_884ccb9d-9369-416b-aefe-c59bff57e951.jpg,"
ALDI,Happy Farms Colby Jack Cheese Block,$2.19,,,8 oz,[],Many in stock,"https://www.instacart.com/image-server/197x197/filters:fill(FFF,true):format(jpg)/d2lnr5mha7bycj.cloudfront.net/product-image/file/large_8b7098c7-c938-4885-969a-2f0a7bcef38e.jpg,"
ALDI,Roth Tomato Basil Havarti Cheese,$3.65,,,6 oz,['Keto'],,"https://www.instacart.com/image-server/197x197/filters:fill(FFF,true):format(jpg)/d2lnr5mha7bycj.cloudfront.net/product-image/file/large_677e7de3-e0ec-43a9-9bd1-23b22aca856d.jpg,"
ALDI,Reggano Grated Parmesan Cheese,$3.25,,,8 oz,[],Many in stock,"https://www.instacart.com/image-server/197x197/filters:fill(FFF,true):format(jpg)/d2lnr5mha7bycj.cloudfront.net/product-image/file/large_02423bf3-cd28-406b-90a5-7a891f58a5dc.jpg,"
ALDI,Happy Farms Sharp Cheddar Cheese Block,$2.19,,,8 oz,[],Many in stock,"https://www.instacart.com/image-server/197x197/filters:fill(FFF,true):format(jpg)/d2lnr5mha7bycj.cloudfront.net/product-image/file/large_f962eef4-9a46-48ba-bee7-b6150c590d7e.jpg,"
ALDI,Friendly Farms Low Fat Cottage Cheese,$2.75,,,24 oz,[],Many in stock,"https://www.instacart.com/image-server/197x197/filters:fill(FFF,true):format(jpg)/d2lnr5mha7bycj.cloudfront.net/product-image/file/large_be59f142-67bd-4ab1-8e61-54e4c2fa60c2.jpg,"
ALDI,Happy Farms Shredded Italian Blend Cheese,$3.19,,,12 oz,[],Many in stock,"https://www.instacart.com/image-server/197x197/filters:fill(FFF,true):format(jpg)/d2lnr5mha7bycj.cloudfront.net/product-image/file/large_1c6f117d-d5f5-42f0-a114-03f8901984c2.jpg,"
ALDI,Happy Farms Shredded Taco Style Cheese,$3.19,,,12 oz,[],,"https://www.instacart.com/image-server/197x197/filters:fill(FFF,true):format(jpg)/d2lnr5mha7bycj.cloudfront.net/product-image/file/large_005c66b1-478c-4115-8703-32254622a84d.jpg,"
ALDI,Babybel Semisoft Cheeses Original,$3.65,,,6 ct,['Keto'],,"https://www.instacart.com/image-server/197x197/filters:fill(FFF,true):format(jpg)/d2lnr5mha7bycj.cloudfront.net/product-image/file/large_1b5275e0-4856-4843-864a-7d07b35158ca.png,"
ALDI,Happy Farms Deli Sliced Swiss Cheese,$2.09,,,7 oz,['Keto'],Many in stock,"https://www.instacart.com/image-server/197x197/filters:fill(FFF,true):format(jpg)/d2lnr5mha7bycj.cloudfront.net/product-image/file/large_fe606b34-9d5a-4d2c-9b94-454d597aad38.jpg,"
ALDI,Happy Farms Colby Jack Snack Stick,$3.55,,,9 oz,['Keto'],,"https://www.instacart.com/image-server/197x197/filters:fill(FFF,true):format(jpg)/d2lnr5mha7bycj.cloudfront.net/product-image/file/large_f4120f37-261a-4ca2-b91f-27a220d97dcc.jpg,"
ALDI,Happy Farms Deluxe American Cheese Slices,$4.19,,,24 ct,[],Many in stock,"https://www.instacart.com/image-server/197x197/filters:fill(FFF,true):format(jpg)/d2lnr5mha7bycj.cloudfront.net/product-image/file/large_ba9c654b-6290-47af-acd4-354adb93273f.jpg,"
ALDI,Happy Farms Deli Sliced Muenster Cheese,$2.09,,,8 oz,['Keto'],,"https://www.instacart.com/image-server/197x197/filters:fill(FFF,true):format(jpg)/d2lnr5mha7bycj.cloudfront.net/product-image/file/large_fd42bd94-dde3-49d5-b157-b1d6e3c390f0.jpg,"
ALDI,Happy Farms Mozzarella Cheese Block,$2.19,,,8 oz,[],Many in stock,"https://www.instacart.com/image-server/197x197/filters:fill(FFF,true):format(jpg)/d2lnr5mha7bycj.cloudfront.net/product-image/file/large_c13e9df5-edcb-4cd7-8cc7-e9366587de15.jpg,"
ALDI,Clancy's Cheese Melt,$5.49,,,32 oz,[],Many in stock,"https://www.instacart.com/image-server/197x197/filters:fill(FFF,true):format(jpg)/d2lnr5mha7bycj.cloudfront.net/product-image/file/large_89306b97-346a-4647-b09c-87f206497079.jpg,"
ALDI,Emporium Selection Original Feta Cheese Crumbles,$2.09,,,4 oz,[],Many in stock,"https://www.instacart.com/image-server/197x197/filters:fill(FFF,true):format(jpg)/d2lnr5mha7bycj.cloudfront.net/product-image/file/large_dbde00c2-c387-45d8-97b6-b1cd10beee39.jpg,"
ALDI,Happy Farms Mild Cheddar Cheese Block,$2.19,,,8 oz,['Keto'],Many in stock,"https://www.instacart.com/image-server/197x197/filters:fill(FFF,true):format(jpg)/d2lnr5mha7bycj.cloudfront.net/product-image/file/large_33bdc452-a301-4a54-ba03-506773765b4b.jpg,"
ALDI,Happy Farms Pepper Jack Cheese Block,$2.19,,,8 oz,['Keto'],Many in stock,"https://www.instacart.com/image-server/197x197/filters:fill(FFF,true):format(jpg)/d2lnr5mha7bycj.cloudfront.net/product-image/file/large_bb80d6df-bf10-4cc8-9b07-746c4966f289.jpg,"
ALDI,Reggano Grated Parmesan and Romano Cheese,$3.25,,,8 oz,[],,"https://www.instacart.com/image-server/197x197/filters:fill(FFF,true):format(jpg)/d2lnr5mha7bycj.cloudfront.net/product-image/file/large_8603cc8a-ac0a-40b9-ac6a-1f2ef4f946b7.jpg,"
ALDI,Happy Farms Deli Sliced Mozzarella Cheese,$2.09,,,8 oz,[],,"https://www.instacart.com/image-server/197x197/filters:fill(FFF,true):format(jpg)/d2lnr5mha7bycj.cloudfront.net/product-image/file/large_7dd24c8c-73ef-4de6-868c-f6fc802d920d.jpg,"
ALDI,Emporium Selection Specialty Shreds Swiss & Gruyere Cheese,$3.25,,,8 oz,[],Many in stock,"https://www.instacart.com/image-server/197x197/filters:fill(FFF,true):format(jpg)/d2lnr5mha7bycj.cloudfront.net/product-image/file/large_76a4b84d-7303-41f2-8e15-7b82bc0774e4.jpg,"
ALDI,Happy Farms Whole Milk Ricotta Cheese,$2.55,,,15 oz,[],Many in stock,"https://www.instacart.com/image-server/197x197/filters:fill(FFF,true):format(jpg)/d2lnr5mha7bycj.cloudfront.net/product-image/file/large_e6029699-9b29-4abc-aba0-cd4809397644.jpg,"
ALDI,Happy Farms Shredded 2% Milk Mexican Cheese,$3.19,,,11 oz,[],,"https://www.instacart.com/image-server/197x197/filters:fill(FFF,true):format(jpg)/d2lnr5mha7bycj.cloudfront.net/product-image/file/large_3a2fc989-713b-4caf-bfcb-cf0effc1a361.jpg,"
ALDI,Happy Farms Deli Sliced Medium Cheddar Cheese,$2.09,,,8 oz,['Keto'],,"https://www.instacart.com/image-server/197x197/filters:fill(FFF,true):format(jpg)/d2lnr5mha7bycj.cloudfront.net/product-image/file/large_46306043-bd83-4b18-85dc-1a32422f9e18.jpg,"
ALDI,Emporium Selection Pre-Sliced Fresh Mozzarella Log,$3.69,,,8 oz,[],Many in stock,"https://www.instacart.com/image-server/197x197/filters:fill(FFF,true):format(jpg)/d2lnr5mha7bycj.cloudfront.net/product-image/file/large_a11ff59f-6ae5-4309-81e3-4a29a2220abb.jpg,"
ALDI,Grab & Go Deli Sliced Lacey Swiss Cheese,$4.15,,,8 oz,[],Many in stock,"https://www.instacart.com/image-server/197x197/filters:fill(FFF,true):format(jpg)/d2lnr5mha7bycj.cloudfront.net/product-image/file/large_84707091-50cb-460b-9c4a-031f58f9753b.png,"
ALDI,Simply Nature Shredded Organic Mozzarella Cheese,$2.59,,,6 oz,"['Organic', 'Non-GMO']",Many in stock,"https://www.instacart.com/image-server/197x197/filters:fill(FFF,true):format(jpg)/d2lnr5mha7bycj.cloudfront.net/product-image/file/large_50d42232-ffbd-4d85-96c9-34297e5fc4dd.jpg,"
ALDI,Emporium Selection Italian Parmesan Cheese Wedge,$4.85,,,8 oz,[],,"https://www.instacart.com/image-server/197x197/filters:fill(FFF,true):format(jpg)/d2lnr5mha7bycj.cloudfront.net/product-image/file/large_a1931815-4f16-4a6e-82d5-038fc6472d62.jpg,"
ALDI,Happy Farms Queso Blanco,$3.19,,,12 oz,[],,"https://www.instacart.com/image-server/197x197/filters:fill(FFF,true):format(jpg)/d2lnr5mha7bycj.cloudfront.net/product-image/file/large_07bcc2d2-d36d-4120-aa56-1677af3d53de.jpg,"
ALDI,Casa Mamita Taco Seasoning Mix,$0.55,,,1 oz,[],Many in stock,"https://www.instacart.com/image-server/197x197/filters:fill(FFF,true):format(jpg)/d2lnr5mha7bycj.cloudfront.net/product-image/file/large_563b27c4-572d-42a1-9f71-d877b0c5df29.jpg,"
ALDI,Casa Mamita Less Sodium Taco Seasoning Mix,$0.55,,,1 oz,[],,"https://www.instacart.com/image-server/197x197/filters:fill(FFF,true):format(jpg)/d2lnr5mha7bycj.cloudfront.net/product-image/file/large_f2e34709-c55c-4a49-a8e4-87ccac7f591f.jpg,"
ALDI,Bake House Creations Jumbo Flaky Biscuits,$1.99,,,16 oz,[],,"https://www.instacart.com/image-server/197x197/filters:fill(FFF,true):format(jpg)/d2lnr5mha7bycj.cloudfront.net/product-image/file/large_9909f679-b2e9-4fb6-8edf-21501f4aa751.jpg,"
ALDI,Bake House Creations Crescent Rolls,$2.15,,,8 oz,[],Many in stock,"https://www.instacart.com/image-server/197x197/filters:fill(FFF,true):format(jpg)/d2lnr5mha7bycj.cloudfront.net/product-image/file/large_3c6b61e2-e3e9-4205-a73d-e184ce0501dd.jpg,"
ALDI,"""JIFFY"" Corn Muffin Mix",$0.69,,,8.5 oz,[],Many in stock,"https://www.instacart.com/image-server/197x197/filters:fill(FFF,true):format(jpg)/d2lnr5mha7bycj.cloudfront.net/product-image/file/large_89e55083-f649-43cf-a553-f020def185d6.png,"
ALDI,Stonemill Garlic Powder,$1.09,,,3.12 oz,[],,"https://www.instacart.com/image-server/197x197/filters:fill(FFF,true):format(jpg)/d2lnr5mha7bycj.cloudfront.net/product-image/file/large_7927d2fe-ec93-4d8c-9264-35f668eed876.jpg,"
ALDI,Millville Original Pancake Syrup,$2.59,,,24 fl oz,[],Many in stock,"https://www.instacart.com/image-server/197x197/filters:fill(FFF,true):format(jpg)/d2lnr5mha7bycj.cloudfront.net/product-image/file/large_0363865e-1d64-455a-97d9-6a09e4542dcb.jpg,"
ALDI,Baker's Corner All Purpose Flour,$2.59,,,5 lb,[],Many in stock,"https://www.instacart.com/image-server/197x197/filters:fill(FFF,true):format(jpg)/d2lnr5mha7bycj.cloudfront.net/product-image/file/large_1f65909c-38d5-4d99-ac26-81406ae23cd0.jpg,"
ALDI,Baker's Corner Fudge Brownie Mix,$1.35,,,18.3 oz,[],Many in stock,"https://www.instacart.com/image-server/197x197/filters:fill(FFF,true):format(jpg)/d2lnr5mha7bycj.cloudfront.net/product-image/file/large_f906aaba-2e08-492f-b3c0-eb19ebd43a8d.jpg,"
ALDI,Carlini Vegetable Oil,$4.25,,,48 fl oz,[],Many in stock,"https://www.instacart.com/image-server/197x197/filters:fill(FFF,true):format(jpg)/d2lnr5mha7bycj.cloudfront.net/product-image/file/large_02a6fc63-8b70-4bb1-90cc-2ec61887508c.jpg,"
ALDI,Stonemill Onion Powder,$1.09,,,2.62 oz,[],Many in stock,"https://www.instacart.com/image-server/197x197/filters:fill(FFF,true):format(jpg)/d2lnr5mha7bycj.cloudfront.net/product-image/file/large_290265ff-9ef4-4b9b-bc34-06cba03f8aa0.jpg,"
ALDI,Bake House Creations Jumbo Buttermilk Biscuits,$1.99,,,16 oz,[],,"https://www.instacart.com/image-server/197x197/filters:fill(FFF,true):format(jpg)/d2lnr5mha7bycj.cloudfront.net/product-image/file/large_8ceb6dc3-d679-41c5-8816-721ec16edda0.jpg,"
ALDI,Baker's Corner Baking Soda,$0.99,,,16 oz,[],Many in stock,"https://www.instacart.com/image-server/197x197/filters:fill(FFF,true):format(jpg)/d2lnr5mha7bycj.cloudfront.net/product-image/file/large_72ef8534-0a57-404d-810e-24eacbf0dcaf.jpg,"
ALDI,Baker's Corner Brown Sugar,$2.39,,,32 oz,[],Many in stock,"https://www.instacart.com/image-server/197x197/filters:fill(FFF,true):format(jpg)/d2lnr5mha7bycj.cloudfront.net/product-image/file/large_c3c0519c-8a03-4d2e-bcf3-c97aeeb9995d.jpg,"
ALDI,Stonemill Iodized Table Salt,$0.75,,,26 oz,[],Many in stock,"https://www.instacart.com/image-server/197x197/filters:fill(FFF,true):format(jpg)/d2lnr5mha7bycj.cloudfront.net/product-image/file/large_3182da8d-5f7e-46d9-9ae2-9c450cf0f54d.jpg,"
ALDI,Baker's Corner Evaporated Milk,$1.35,,,12 fl oz,[],Many in stock,"https://www.instacart.com/image-server/197x197/filters:fill(FFF,true):format(jpg)/d2lnr5mha7bycj.cloudfront.net/product-image/file/large_acb0a69f-0713-4900-80df-81c14582dc32.jpg,"
ALDI,Baker's Corner Sweetened Condensed Milk,$1.95,,,14 oz,[],Many in stock,"https://www.instacart.com/image-server/197x197/filters:fill(FFF,true):format(jpg)/d2lnr5mha7bycj.cloudfront.net/product-image/file/large_e97136c3-468e-4708-95c1-ff3ba5954494.jpg,"
ALDI,Carlini Pure Olive Oil,$5.39,,,16.9 fl oz,[],Many in stock,"https://www.instacart.com/image-server/197x197/filters:fill(FFF,true):format(jpg)/d2lnr5mha7bycj.cloudfront.net/product-image/file/large_54a22dc0-e57e-4f49-b487-04911304e5b1.jpg,"
ALDI,Stonemill Italian Seasoning,$1.09,,,0.75 oz,[],Many in stock,"https://www.instacart.com/image-server/197x197/filters:fill(FFF,true):format(jpg)/d2lnr5mha7bycj.cloudfront.net/product-image/file/large_776eeb89-b2dd-4cff-81dd-f4d31a2bd7a0.jpg,"
ALDI,"Tuscan Garden White Vinegar, Distilled, 5% Acidity",$3.69,,,1 gal,[],Many in stock,"https://www.instacart.com/image-server/197x197/filters:fill(FFF,true):format(jpg)/d2lnr5mha7bycj.cloudfront.net/product-image/file/large_214d9c01-3fb9-4938-bf13-728e5b3b2418.jpg,"
ALDI,Millville Lite Pancake Syrup,$2.59,,,24 fl oz,[],Many in stock,"https://www.instacart.com/image-server/197x197/filters:fill(FFF,true):format(jpg)/d2lnr5mha7bycj.cloudfront.net/product-image/file/large_dc352019-b4f1-447c-ab5e-651a1bb5133c.jpg,"
ALDI,Baker's Corner Powdered Sugar,$2.39,,,32 oz,[],Many in stock,"https://www.instacart.com/image-server/197x197/filters:fill(FFF,true):format(jpg)/d2lnr5mha7bycj.cloudfront.net/product-image/file/large_dde866ad-81d4-45dc-b4f6-06122c87f29b.jpg,"
ALDI,Stonemill Ground Black Pepper,$3.29,,,3 oz,[],Many in stock,"https://www.instacart.com/image-server/197x197/filters:fill(FFF,true):format(jpg)/d2lnr5mha7bycj.cloudfront.net/product-image/file/large_a21f6647-70b5-414b-a769-714d3e59fe28.jpg,"
ALDI,Stonemill Chili Mix Reduced Sodium,$0.79,,,1.25 oz,[],Many in stock,"https://www.instacart.com/image-server/197x197/filters:fill(FFF,true):format(jpg)/d2lnr5mha7bycj.cloudfront.net/product-image/file/large_3ea4cc81-3ef5-429e-862e-ec4952abdeb8.jpg,"
ALDI,Stonemill Brown Gravy Mix,$0.55,,,0.87 oz,[],,"https://www.instacart.com/image-server/197x197/filters:fill(FFF,true):format(jpg)/d2lnr5mha7bycj.cloudfront.net/product-image/file/large_30dd9949-4484-4237-b3fb-689221828c0f.jpg,"
ALDI,Specially Selected Double Chocolate Brownie Mix,$1.75,,,18 oz,[],Many in stock,"https://www.instacart.com/image-server/197x197/filters:fill(FFF,true):format(jpg)/d2lnr5mha7bycj.cloudfront.net/product-image/file/large_6fb4672b-9f08-4111-923d-a3309241b983.jpg,"
ALDI,Specially Selected Pure Maple Syrup,$6.05,,,12.5 fl oz,[],Many in stock,"https://www.instacart.com/image-server/197x197/filters:fill(FFF,true):format(jpg)/d2lnr5mha7bycj.cloudfront.net/product-image/file/large_32886129-7825-4759-b8b3-04210231cfc3.jpg,"
ALDI,Pillsbury Chocolate Chip Cookie Dough Poppins,$5.49,,,7 oz,[],,"https://www.instacart.com/image-server/197x197/filters:fill(FFF,true):format(jpg)/d2lnr5mha7bycj.cloudfront.net/product-image/file/large_b73dfdaa-8726-467b-84ea-4f81820850a4.jpg,"
ALDI,Carlini Canola Oil,$4.19,,,48 fl oz,[],Many in stock,"https://www.instacart.com/image-server/197x197/filters:fill(FFF,true):format(jpg)/d2lnr5mha7bycj.cloudfront.net/product-image/file/large_019ddee8-1f23-4cea-aab8-7ad8be538f1d.jpg,"
ALDI,Betty Crocker OREO Brownie With OREO Cookie Pieces Baking Mix,$3.64,,,13.6 oz,[],,"https://www.instacart.com/image-server/197x197/filters:fill(FFF,true):format(jpg)/d2lnr5mha7bycj.cloudfront.net/product-image/file/large_e63b4275-6add-4b6c-9f54-c2b9c8abb326.jpg,"
ALDI,Baker's Corner Semi Sweet Chocolate Morsels,$1.75,,,12 oz,[],Many in stock,"https://www.instacart.com/image-server/197x197/filters:fill(FFF,true):format(jpg)/d2lnr5mha7bycj.cloudfront.net/product-image/file/large_79daa515-1034-49d2-ac21-bb270ab8a278.jpg,"
ALDI,Baker's Corner Sugar Cookie Mix,$2.45,,,17.5 oz,[],Many in stock,"https://www.instacart.com/image-server/197x197/filters:fill(FFF,true):format(jpg)/d2lnr5mha7bycj.cloudfront.net/product-image/file/large_555f4b00-44e7-439a-93e2-d771aef91edc.jpg,"
ALDI,Stonemill Pure Vanilla Extract,$5.49,,,2 fl oz,['Gluten-Free'],Many in stock,"https://www.instacart.com/image-server/197x197/filters:fill(FFF,true):format(jpg)/d2lnr5mha7bycj.cloudfront.net/product-image/file/large_1de199c4-2451-4747-b751-20df4843b302.jpg,"
ALDI,Stonemill Paprika,$1.09,,,2.12 oz,[],Many in stock,"https://www.instacart.com/image-server/197x197/filters:fill(FFF,true):format(jpg)/d2lnr5mha7bycj.cloudfront.net/product-image/file/large_51de0652-cecf-48bf-80dc-3c11edea5dff.jpg,"
ALDI,Chef's Cupboard Panko Breadcrumbs,$1.99,,,8 oz,[],,"https://www.instacart.com/image-server/197x197/filters:fill(FFF,true):format(jpg)/d2lnr5mha7bycj.cloudfront.net/product-image/file/large_d09ab536-cd0e-4767-a46a-b29cfa3c1515.jpg,"
ALDI,Baker's Corner Semi Sweet Mini Chocolate Morsels,$2.09,,,12 oz,[],Many in stock,"https://www.instacart.com/image-server/197x197/filters:fill(FFF,true):format(jpg)/d2lnr5mha7bycj.cloudfront.net/product-image/file/large_da2b1298-958f-48b6-ae4d-5df99cf9397c.jpg,"
ALDI,Baker's Corner Milk Chocolate Morsels,$2.09,,,11.5 oz,[],Many in stock,"https://www.instacart.com/image-server/197x197/filters:fill(FFF,true):format(jpg)/d2lnr5mha7bycj.cloudfront.net/product-image/file/large_1a01f4d8-a568-46dc-84e8-922b88dd6db2.jpg,"
ALDI,Simply Nature Organic Wildflower Honey,$5.05,,,12 oz,['Organic'],Many in stock,"https://www.instacart.com/image-server/197x197/filters:fill(FFF,true):format(jpg)/d2lnr5mha7bycj.cloudfront.net/product-image/file/large_7dd35dd4-8a80-4610-afd6-1b01540d761c.jpg,"
ALDI,Baker's Corner Instant Vanilla Pudding Mix,$0.85,,,3.4 oz,[],,"https://www.instacart.com/image-server/197x197/filters:fill(FFF,true):format(jpg)/d2lnr5mha7bycj.cloudfront.net/product-image/file/large_9cf978cb-ab4a-4c3b-bd5d-ac20cac58fa7.jpg,"
ALDI,Happy Harvest Cut Green Beans,$0.69,,,14.5 oz,[],Many in stock,"https://www.instacart.com/image-server/197x197/filters:fill(FFF,true):format(jpg)/d2lnr5mha7bycj.cloudfront.net/product-image/file/large_860af42a-b5d3-4d8d-9983-b4950714ad5a.jpg,"
ALDI,Dakota's Pride Black Beans,$0.89,,,15 oz,[],Many in stock,"https://www.instacart.com/image-server/197x197/filters:fill(FFF,true):format(jpg)/d2lnr5mha7bycj.cloudfront.net/product-image/file/large_e6e1c734-5619-4ece-926c-2ec6841e9de5.jpg,"
ALDI,Northern Catch Chunk Light Tuna in Water,$0.85,,,5 oz,[],Many in stock,"https://www.instacart.com/image-server/197x197/filters:fill(FFF,true):format(jpg)/d2lnr5mha7bycj.cloudfront.net/product-image/file/large_aefc6be4-e4f2-4cad-b9c5-d83093b7c859.jpg,"
ALDI,Happy Harvest Tomato Sauce,$0.55,,,8 oz,[],Many in stock,"https://www.instacart.com/image-server/197x197/filters:fill(FFF,true):format(jpg)/d2lnr5mha7bycj.cloudfront.net/product-image/file/large_712d489c-fbcb-4c1e-b2bb-a9c629a211ac.jpg,"
ALDI,Casa Mamita Diced Tomatoes with Green Chilies,$1.05,,,10 oz,[],Many in stock,"https://www.instacart.com/image-server/197x197/filters:fill(FFF,true):format(jpg)/d2lnr5mha7bycj.cloudfront.net/product-image/file/large_b881ae76-1466-498b-bc49-7b1653867687.jpg,"
ALDI,Happy Harvest Diced Tomatoes,$0.99,,,14.5 oz,[],Many in stock,"https://www.instacart.com/image-server/197x197/filters:fill(FFF,true):format(jpg)/d2lnr5mha7bycj.cloudfront.net/product-image/file/large_de54203d-6981-4698-9485-ecd8398ac445.jpg,"
ALDI,Brookdale Chunk Chicken Breast,$3.05,,,12.5 oz,[],Many in stock,"https://www.instacart.com/image-server/197x197/filters:fill(FFF,true):format(jpg)/d2lnr5mha7bycj.cloudfront.net/product-image/file/large_b121cb2a-1ab0-4787-ae10-c98a7f7e66c5.jpg,"
ALDI,Happy Harvest Cream Style Corn,$0.69,,,14.75 oz,[],Many in stock,"https://www.instacart.com/image-server/197x197/filters:fill(FFF,true):format(jpg)/d2lnr5mha7bycj.cloudfront.net/product-image/file/large_f0f5bfc7-b305-4e42-a9e7-977d2a165118.jpg,"
ALDI,Dakota's Pride Dark Red Kidney Beans,$0.89,,,15.5 oz,[],Many in stock,"https://www.instacart.com/image-server/197x197/filters:fill(FFF,true):format(jpg)/d2lnr5mha7bycj.cloudfront.net/product-image/file/large_c4b1f23e-808d-4f54-acb3-970faae45362.jpg,"
ALDI,Happy Harvest Tomato Paste,$0.95,,,6 oz,[],Many in stock,"https://www.instacart.com/image-server/197x197/filters:fill(FFF,true):format(jpg)/d2lnr5mha7bycj.cloudfront.net/product-image/file/large_63618900-d926-4923-8fc1-40721a4eb4cf.jpg,"
ALDI,Brookdale Chili No Beans,$2.39,,,15 oz,[],Many in stock,"https://www.instacart.com/image-server/197x197/filters:fill(FFF,true):format(jpg)/d2lnr5mha7bycj.cloudfront.net/product-image/file/large_e3c5f142-bb12-48c9-8205-1204db576f8a.jpg,"
ALDI,Happy Harvest French Green Beans,$0.69,,,14.5 oz,[],Many in stock,"https://www.instacart.com/image-server/197x197/filters:fill(FFF,true):format(jpg)/d2lnr5mha7bycj.cloudfront.net/product-image/file/large_78efb229-9185-4d8d-b009-04aa30ff59f9.jpg,"
ALDI,Happy Harvest Medium Sweet Peas,$0.75,,,15 oz,[],Many in stock,"https://www.instacart.com/image-server/197x197/filters:fill(FFF,true):format(jpg)/d2lnr5mha7bycj.cloudfront.net/product-image/file/large_abbd8c55-0a32-4489-b681-eae42825895b.jpg,"
ALDI,Dakota's Pride Garbanzo Beans,$0.89,,,15.5 oz,[],Many in stock,"https://www.instacart.com/image-server/197x197/filters:fill(FFF,true):format(jpg)/d2lnr5mha7bycj.cloudfront.net/product-image/file/large_d5509de8-8dfc-47a2-856a-5e4df9c946a0.jpg,"
ALDI,Happy Harvest Sliced Carrots,$1.05,,,14.5 oz,[],Many in stock,"https://www.instacart.com/image-server/197x197/filters:fill(FFF,true):format(jpg)/d2lnr5mha7bycj.cloudfront.net/product-image/file/large_8f4113b6-d9b7-42cb-8931-6acf3a1e269e.jpg,"
ALDI,Casa Mamita Traditional Refried Beans,$1.09,,,16 oz,[],Many in stock,"https://www.instacart.com/image-server/197x197/filters:fill(FFF,true):format(jpg)/d2lnr5mha7bycj.cloudfront.net/product-image/file/large_2f50b92b-e410-4460-bd3d-a02dc5eabca5.jpg,"
ALDI,Bon Italia Spaghetti Rings with Meatballs,$1.09,,,15 oz,[],,"https://www.instacart.com/image-server/197x197/filters:fill(FFF,true):format(jpg)/d2lnr5mha7bycj.cloudfront.net/product-image/file/large_2c37a96c-1a54-4166-9465-7a2f7f3745f7.jpg,"
ALDI,Bookdale Original Chili With Beans,$2.09,,,15 oz,[],Many in stock,"https://www.instacart.com/image-server/197x197/filters:fill(FFF,true):format(jpg)/d2lnr5mha7bycj.cloudfront.net/product-image/file/large_aff80bca-5baf-41d4-a3a2-8392f0d3efbd.jpg,"
ALDI,Lunch Buddies Cinnamon Applesauce Cups,$2.15,,,4 oz,[],Many in stock,"https://www.instacart.com/image-server/197x197/filters:fill(FFF,true):format(jpg)/d2lnr5mha7bycj.cloudfront.net/product-image/file/large_722e7fd3-fae9-4594-80f5-c496f6347442.jpg,"
ALDI,Lunch Buddies Strawberry Applesauce Cups,$2.15,,,6 x 4 oz,[],Many in stock,"https://www.instacart.com/image-server/197x197/filters:fill(FFF,true):format(jpg)/d2lnr5mha7bycj.cloudfront.net/product-image/file/large_5ca184c6-1c73-48c9-b458-9e9532f15529.jpg,"
ALDI,Brookdale Corned Beef,$3.29,,,12 oz,[],Many in stock,"https://www.instacart.com/image-server/197x197/filters:fill(FFF,true):format(jpg)/d2lnr5mha7bycj.cloudfront.net/product-image/file/large_79566f80-045d-4248-94af-98f2058cd1df.jpg,"
ALDI,Sweet Harvest Mandarin Oranges in Light Syrup,$1.45,,,15 oz,[],Many in stock,"https://www.instacart.com/image-server/197x197/filters:fill(FFF,true):format(jpg)/d2lnr5mha7bycj.cloudfront.net/product-image/file/large_7cc398ee-9886-44fd-bb84-a20cb3d4649f.jpg,"
ALDI,Happy Harvest Canned Mushrooms,$1.35,,,6.5 oz,[],Many in stock,"https://www.instacart.com/image-server/197x197/filters:fill(FFF,true):format(jpg)/d2lnr5mha7bycj.cloudfront.net/product-image/file/large_b3649940-2aea-497e-a7d7-fc61afed3642.jpg,"
ALDI,"Happy Harvest Diced Tomatoes with Basil, Garlic and Oregano",$1.05,,,14.5 oz,[],Many in stock,"https://www.instacart.com/image-server/197x197/filters:fill(FFF,true):format(jpg)/d2lnr5mha7bycj.cloudfront.net/product-image/file/large_be398501-b700-402b-91e2-be5d4d93fdd9.jpg,"
ALDI,Simply Nature Organic Black Beans,$1.09,,,15 oz,['Organic'],Many in stock,"https://www.instacart.com/image-server/197x197/filters:fill(FFF,true):format(jpg)/d2lnr5mha7bycj.cloudfront.net/product-image/file/large_846461ca-a235-4349-a3f4-3f3e79787222.jpg,"
ALDI,Dakota's Pride Mild Chili Beans,$0.89,,,15.5 oz,[],Many in stock,"https://www.instacart.com/image-server/197x197/filters:fill(FFF,true):format(jpg)/d2lnr5mha7bycj.cloudfront.net/product-image/file/large_9992dbef-04dd-4576-9885-93ccaff5fc98.jpg,"
ALDI,Happy Harvest Fire Roasted Diced Tomatoes,$1.29,,,14.5 oz,[],Many in stock,"https://www.instacart.com/image-server/197x197/filters:fill(FFF,true):format(jpg)/d2lnr5mha7bycj.cloudfront.net/product-image/file/large_07e41b7c-6eef-497c-8427-44b2cf1ce633.jpg,"
ALDI,Casa Mamita Fat Free Refried Beans,$1.09,,,16 oz,[],Many in stock,"https://www.instacart.com/image-server/197x197/filters:fill(FFF,true):format(jpg)/d2lnr5mha7bycj.cloudfront.net/product-image/file/large_4fec7572-0a6a-4ac8-86dd-7edc5f20fd35.jpg,"
ALDI,Happy Harvest Sliced Potatoes,$1.05,,,15 oz,[],Many in stock,"https://www.instacart.com/image-server/197x197/filters:fill(FFF,true):format(jpg)/d2lnr5mha7bycj.cloudfront.net/product-image/file/large_10ed224f-c05a-4e1c-b066-b8dfc8d24488.jpg,"
ALDI,Pueblo Lindo Chopped Green Chiles,$0.89,,,4 oz,[],,"https://www.instacart.com/image-server/197x197/filters:fill(FFF,true):format(jpg)/d2lnr5mha7bycj.cloudfront.net/product-image/file/large_071a95a8-9e58-4540-938f-2c0db9e8630e.jpg,"
ALDI,Simply Nature Variety Pack Applesauce Squeezies,$6.49,,,3.2 oz,[],Many in stock,"https://www.instacart.com/image-server/197x197/filters:fill(FFF,true):format(jpg)/d2lnr5mha7bycj.cloudfront.net/product-image/file/large_360f8c52-086b-4641-ba89-e8eea0a64b34.jpg,"
ALDI,Dakota's Pride Original Baked Beans,$2.09,,,28 oz,[],Many in stock,"https://www.instacart.com/image-server/197x197/filters:fill(FFF,true):format(jpg)/d2lnr5mha7bycj.cloudfront.net/product-image/file/large_f00d20c4-b164-40d0-831a-31013dd6eaa3.jpg,"
ALDI,Northern Catch MSC Pole & Line Tuna,$1.25,,,5 oz,[],,"https://www.instacart.com/image-server/197x197/filters:fill(FFF,true):format(jpg)/d2lnr5mha7bycj.cloudfront.net/product-image/file/large_0facf429-6084-4839-b24e-fa04e6b86d95.jpg,"
ALDI,Dakota's Pride Great Northern Beans,$0.89,,,15.5 oz,[],Many in stock,"https://www.instacart.com/image-server/197x197/filters:fill(FFF,true):format(jpg)/d2lnr5mha7bycj.cloudfront.net/product-image/file/large_37fce18f-b534-4dcd-ba4f-83ebcf2fae74.jpg,"
ALDI,Happy Harvest Small Peas,$1.05,,,15 oz,[],Many in stock,"https://www.instacart.com/image-server/197x197/filters:fill(FFF,true):format(jpg)/d2lnr5mha7bycj.cloudfront.net/product-image/file/large_11dd1c7e-ce90-4fba-8913-08068733137d.jpg,"
ALDI,Tuscan Garden Banana Peppers,$2.65,,,16 fl oz,[],,"https://www.instacart.com/image-server/197x197/filters:fill(FFF,true):format(jpg)/d2lnr5mha7bycj.cloudfront.net/product-image/file/large_3b7862a9-13f0-4c21-94c8-488ff833a874.jpg,"
ALDI,Sweet Harvest Pineapple Slices in Pineapple Juice,$1.39,,,20 oz,[],,"https://www.instacart.com/image-server/197x197/filters:fill(FFF,true):format(jpg)/d2lnr5mha7bycj.cloudfront.net/product-image/file/large_97482b37-dcaf-48a9-a99c-225737f285aa.jpg,"
ALDI,Happy Harvest Crushed Tomatoes,$1.65,,,28 oz,[],Many in stock,"https://www.instacart.com/image-server/197x197/filters:fill(FFF,true):format(jpg)/d2lnr5mha7bycj.cloudfront.net/product-image/file/large_7bf76748-06a4-4fd6-96dd-f104853ce8ee.jpg,"
ALDI,Tuscan Garden Marinated Artichoke Quarters,$2.85,,,12 oz,[],Many in stock,"https://www.instacart.com/image-server/197x197/filters:fill(FFF,true):format(jpg)/d2lnr5mha7bycj.cloudfront.net/product-image/file/large_02d9579d-9ca2-4315-a8a1-2ffc26419472.jpg,"
ALDI,"Reggano Tomato, Basil and Garlic Pasta Sauce",$1.75,,,24 oz,[],,"https://www.instacart.com/image-server/197x197/filters:fill(FFF,true):format(jpg)/d2lnr5mha7bycj.cloudfront.net/product-image/file/large_182a68d6-61b8-4f13-8e62-cdcaeb955c32.jpg,"
ALDI,Tuscan Garden Ranch Dressing Mix,$0.55,,,1 oz,[],Many in stock,"https://www.instacart.com/image-server/197x197/filters:fill(FFF,true):format(jpg)/d2lnr5mha7bycj.cloudfront.net/product-image/file/large_a3a6082f-03bc-4360-bffc-d20bdccbab0a.jpg,"
ALDI,OH SNAP! Dill Bites Multipack 6 pack,$5.85,,,6 x 3.25 fl oz,[],Many in stock,"https://www.instacart.com/image-server/197x197/filters:fill(FFF,true):format(jpg)/d2lnr5mha7bycj.cloudfront.net/product-image/file/large_d22585d2-17b2-4462-8f12-afadb33a1eaf.jpg,"
ALDI,Burman's Real Mayonnaise,$3.65,,,30 fl oz,[],Many in stock,"https://www.instacart.com/image-server/197x197/filters:fill(FFF,true):format(jpg)/d2lnr5mha7bycj.cloudfront.net/product-image/file/large_d3565732-d039-4f1d-9b39-3552ce58640f.jpg,"
ALDI,Tuscan Garden Ranch Dressing,$2.15,,,16 fl oz,[],Many in stock,"https://www.instacart.com/image-server/197x197/filters:fill(FFF,true):format(jpg)/d2lnr5mha7bycj.cloudfront.net/product-image/file/large_2c49e1c7-1569-45ea-9713-17cf5213c6e1.jpg,"
ALDI,Stonemill Minced Garlic in Water,$2.55,,,8 oz,['Vegan'],,"https://www.instacart.com/image-server/197x197/filters:fill(FFF,true):format(jpg)/d2lnr5mha7bycj.cloudfront.net/product-image/file/large_5b1277e3-cd10-4b21-97f8-97acf6a921c1.jpg,"
ALDI,Tuscan Garden Ranch Dressing and Dip,$3.85,,,36 fl oz,[],,"https://www.instacart.com/image-server/197x197/filters:fill(FFF,true):format(jpg)/d2lnr5mha7bycj.cloudfront.net/product-image/file/large_b2e95072-f6a6-41ec-b0f5-b01369115012.jpg,"
ALDI,Priano Creamy Alfredo Sauce,$1.89,,,15 oz,[],Many in stock,"https://www.instacart.com/image-server/197x197/filters:fill(FFF,true):format(jpg)/d2lnr5mha7bycj.cloudfront.net/product-image/file/large_5bcc22f0-3eeb-4e57-a3ce-faabb41acc94.jpg,"
ALDI,Great Gherkins Kosher Dill Spears,$2.19,,,24 fl oz,[],Many in stock,"https://www.instacart.com/image-server/197x197/filters:fill(FFF,true):format(jpg)/d2lnr5mha7bycj.cloudfront.net/product-image/file/large_ccce28c1-eabb-4b0a-a819-750b83d7fbcc.jpg,"
ALDI,Burman's Yellow Mustard,$1.05,,,20 oz,['Vegan'],Many in stock,"https://www.instacart.com/image-server/197x197/filters:fill(FFF,true):format(jpg)/d2lnr5mha7bycj.cloudfront.net/product-image/file/large_adb6b247-0466-44d2-8526-8d45690c34e4.jpg,"
ALDI,Great Gherkins Hamburger Dill Pickle Chips,$2.59,,,32 fl oz,[],Many in stock,"https://www.instacart.com/image-server/197x197/filters:fill(FFF,true):format(jpg)/d2lnr5mha7bycj.cloudfront.net/product-image/file/large_f37c1b0c-3920-4c40-bc88-f98ee922bd8e.jpg,"
ALDI,Priano Roasted Garlic Alfredo Sauce,$1.89,,,15 oz,[],,"https://www.instacart.com/image-server/197x197/filters:fill(FFF,true):format(jpg)/d2lnr5mha7bycj.cloudfront.net/product-image/file/large_21bb5783-2cfd-46a9-8585-723b063f4ff0.jpg,"
ALDI,Reggano Meat Pasta Sauce,$1.75,,,24 oz,['Gluten-Free'],,"https://www.instacart.com/image-server/197x197/filters:fill(FFF,true):format(jpg)/d2lnr5mha7bycj.cloudfront.net/product-image/file/large_8b55db27-b248-4d9d-8c53-7d9385b33c0f.jpg,"
ALDI,Burman's Hot Sauce,$2.35,,,12 fl oz,[],Many in stock,"https://www.instacart.com/image-server/197x197/filters:fill(FFF,true):format(jpg)/d2lnr5mha7bycj.cloudfront.net/product-image/file/large_7b72b0b2-58f8-43bb-987a-b3d6cef33a8d.jpg,"
ALDI,Reggano Marinara Pasta Sauce,$1.75,,,24 oz,['Gluten-Free'],,"https://www.instacart.com/image-server/197x197/filters:fill(FFF,true):format(jpg)/d2lnr5mha7bycj.cloudfront.net/product-image/file/large_3737f8fa-2a69-46c9-afbc-054074cd34f2.jpg,"
ALDI,Reggano Sauces Traditional Pasta Sauce,$1.75,,,24 oz,['Gluten-Free'],,"https://www.instacart.com/image-server/197x197/filters:fill(FFF,true):format(jpg)/d2lnr5mha7bycj.cloudfront.net/product-image/file/large_e51d4420-28d8-430a-b931-717fef4522cb.jpg,"
ALDI,Tuscan Garden Large Pitted Olives,$1.95,,,6 oz,['Vegan'],Many in stock,"https://www.instacart.com/image-server/197x197/filters:fill(FFF,true):format(jpg)/d2lnr5mha7bycj.cloudfront.net/product-image/file/large_e6761688-dd1a-4653-bb00-36ae37bb6071.jpg,"
ALDI,Priano Four Cheese Alfredo Sauce,$1.89,,,15 oz,[],,"https://www.instacart.com/image-server/197x197/filters:fill(FFF,true):format(jpg)/d2lnr5mha7bycj.cloudfront.net/product-image/file/large_e6167d35-03d2-48b7-8664-ea9a0dcaa235.jpg,"
ALDI,Casa Mamita Salsa Con Queso,$2.19,,,15 oz,[],Many in stock,"https://www.instacart.com/image-server/197x197/filters:fill(FFF,true):format(jpg)/d2lnr5mha7bycj.cloudfront.net/product-image/file/large_74d1e359-c4e5-448d-b9b5-e0f60943414f.jpg,"
ALDI,Casa Mamita Mild Salsa,$2.55,,,24 oz,[],,"https://www.instacart.com/image-server/197x197/filters:fill(FFF,true):format(jpg)/d2lnr5mha7bycj.cloudfront.net/product-image/file/large_424798db-ce90-4ca7-b520-69820e820c73.jpg,"
ALDI,Simply Nature Organic Ketchup,$2.15,,,20 oz,['Organic'],Many in stock,"https://www.instacart.com/image-server/197x197/filters:fill(FFF,true):format(jpg)/d2lnr5mha7bycj.cloudfront.net/product-image/file/large_117e90f7-78e5-4667-8823-718d4b9112b7.jpg,"
ALDI,Great Gherkins Kosher Baby Dill Pickles,$1.95,,,16 fl oz,[],,"https://www.instacart.com/image-server/197x197/filters:fill(FFF,true):format(jpg)/d2lnr5mha7bycj.cloudfront.net/product-image/file/large_4ddd43f5-2a51-4065-bb2b-7cec7596ece4.jpg,"
ALDI,Priano Genovese Pesto,$2.45,,,6.7 oz,[],Many in stock,"https://www.instacart.com/image-server/197x197/filters:fill(FFF,true):format(jpg)/d2lnr5mha7bycj.cloudfront.net/product-image/file/large_b1b79f32-78dc-44c2-96b6-e54d1611ef6a.jpg,"
ALDI,Hellmann's Mayonnaise Real Mayo,$6.59,,,30 fl oz,[],Many in stock,"https://www.instacart.com/image-server/197x197/filters:fill(FFF,true):format(jpg)/d2lnr5mha7bycj.cloudfront.net/product-image/file/large_37ad1b10-3bff-48d1-a1e1-77c8b47dcdcd.jpg,"
ALDI,Priano Four Cheese Pasta Sauce,$2.35,,,24 oz,[],,"https://www.instacart.com/image-server/197x197/filters:fill(FFF,true):format(jpg)/d2lnr5mha7bycj.cloudfront.net/product-image/file/large_f73b16ce-045d-43a3-a4bc-7497e2b1b225.jpg,"
ALDI,Tuscan Garden Pitted Stuffed Olives,$1.75,,,5.75 oz,[],Many in stock,"https://www.instacart.com/image-server/197x197/filters:fill(FFF,true):format(jpg)/d2lnr5mha7bycj.cloudfront.net/product-image/file/large_b1e80799-7d54-4b29-adea-17f54b703ee3.jpg,"
ALDI,Tuscan Garden Buttermilk Ranch Dressing,$2.15,,,16 fl oz,[],Many in stock,"https://www.instacart.com/image-server/197x197/filters:fill(FFF,true):format(jpg)/d2lnr5mha7bycj.cloudfront.net/product-image/file/large_4caa13ce-aa22-436f-98a2-2b2db3e7bdf3.jpg,"
ALDI,Burman's Original BBQ Sauce,$1.65,,,18 oz,[],Many in stock,"https://www.instacart.com/image-server/197x197/filters:fill(FFF,true):format(jpg)/d2lnr5mha7bycj.cloudfront.net/product-image/file/large_d032c181-1db8-44dd-8075-b64e8445ee99.jpg,"
ALDI,Tuscan Garden Restaurant Style Italian Salad Dressing,$2.15,,,16 fl oz,[],Many in stock,"https://www.instacart.com/image-server/197x197/filters:fill(FFF,true):format(jpg)/d2lnr5mha7bycj.cloudfront.net/product-image/file/large_c1dbc444-ddfb-40d8-ac1f-ef058aae5ec7.jpg,"
ALDI,Casa Mamita Medium Salsa,$2.55,,,24 oz,[],Many in stock,"https://www.instacart.com/image-server/197x197/filters:fill(FFF,true):format(jpg)/d2lnr5mha7bycj.cloudfront.net/product-image/file/large_b7ef65cf-32e6-46e2-8d6c-6fdb9774b114.jpg,"
ALDI,Reggano Roasted Garlic Pasta Sauce,$1.75,,,24 oz,[],,"https://www.instacart.com/image-server/197x197/filters:fill(FFF,true):format(jpg)/d2lnr5mha7bycj.cloudfront.net/product-image/file/large_69b5780a-801c-4c88-b365-a5f45e405d1d.jpg,"
ALDI,Sweet Baby Ray's Barbecue Sauce,$3.29,,,28 oz,['Gluten-Free'],Many in stock,"https://www.instacart.com/image-server/197x197/filters:fill(FFF,true):format(jpg)/d2lnr5mha7bycj.cloudfront.net/product-image/file/large_5dc5d76e-6c42-4fff-a57f-cc00b825e8f3.png,"
ALDI,Casa Mamita Restaurant Style Salsa,$2.85,,,16 oz,[],Many in stock,"https://www.instacart.com/image-server/197x197/filters:fill(FFF,true):format(jpg)/d2lnr5mha7bycj.cloudfront.net/product-image/file/large_f8798de1-dcdd-4ba8-a8d9-30bd292fdd5b.jpg,"
ALDI,Rao's Homemade Marinara Sauce,$7.59,,,24 oz,['Vegan'],Many in stock,"https://www.instacart.com/image-server/197x197/filters:fill(FFF,true):format(jpg)/d2lnr5mha7bycj.cloudfront.net/product-image/file/large_aedce7c1-edf8-4407-a36b-d9c1f1f628a4.jpg,"
ALDI,Simply Nature Marinara Pasta Sauce,$2.19,,,25 oz,[],Many in stock,"https://www.instacart.com/image-server/197x197/filters:fill(FFF,true):format(jpg)/d2lnr5mha7bycj.cloudfront.net/product-image/file/large_de655e21-76e7-489f-b884-189aedf18474.jpg,"
ALDI,Simply Nature Tomato Basil Pasta Sauce,$2.19,,,23.5 oz,[],,"https://www.instacart.com/image-server/197x197/filters:fill(FFF,true):format(jpg)/d2lnr5mha7bycj.cloudfront.net/product-image/file/large_01b0c3b1-d12c-4ae3-83f3-4244e5184f64.jpg,"
ALDI,Burman's Teriyaki Sauce,$2.45,,,14.5 oz,[],,"https://www.instacart.com/image-server/197x197/filters:fill(FFF,true):format(jpg)/d2lnr5mha7bycj.cloudfront.net/product-image/file/large_65ed206b-1834-43c9-90d9-12db21549d13.jpg,"
ALDI,Burman's Honey BBQ Sauce,$1.65,,,18 oz,[],,"https://www.instacart.com/image-server/197x197/filters:fill(FFF,true):format(jpg)/d2lnr5mha7bycj.cloudfront.net/product-image/file/large_9497fa5f-f7e3-49f2-9af4-7c31a7f34b9b.jpg,"
ALDI,Burman's Hickory BBQ Sauce,$1.65,,,18 oz,['Gluten-Free'],,"https://www.instacart.com/image-server/197x197/filters:fill(FFF,true):format(jpg)/d2lnr5mha7bycj.cloudfront.net/product-image/file/large_5c66e464-abe6-4405-813b-f6b78c064c88.jpg,"
ALDI,Kirkwood Chicken Fries,$5.65,,,24 oz,[],Many in stock,"https://www.instacart.com/image-server/197x197/filters:fill(FFF,true):format(jpg)/d2lnr5mha7bycj.cloudfront.net/product-image/file/large_96b4148f-1482-4b03-a138-75e389c7b104.jpg,"
ALDI,Season's Choice Crinkle Cut Potatoes,$3.09,,,32 oz,[],Many in stock,"https://www.instacart.com/image-server/197x197/filters:fill(FFF,true):format(jpg)/d2lnr5mha7bycj.cloudfront.net/product-image/file/large_211582ed-a936-42c7-8a8f-94f613a2e5e8.jpg,"
ALDI,Bremer Regular Corn Dogs,$3.75,,,16 oz,[],,"https://www.instacart.com/image-server/197x197/filters:fill(FFF,true):format(jpg)/d2lnr5mha7bycj.cloudfront.net/product-image/file/large_1e080634-3e37-45e6-aecd-4d7711004321.jpg,"
ALDI,Mamma Cozi Pepperoni Pizza Snacks,$6.95,,,45 oz,[],Many in stock,"https://www.instacart.com/image-server/197x197/filters:fill(FFF,true):format(jpg)/d2lnr5mha7bycj.cloudfront.net/product-image/file/large_cc538246-9c78-4724-9000-5400d8b77c7e.jpg,"
ALDI,Season's Choice Potato Puffs/Crispy Tots,$3.75,,,32 oz,[],Many in stock,"https://www.instacart.com/image-server/197x197/filters:fill(FFF,true):format(jpg)/d2lnr5mha7bycj.cloudfront.net/product-image/file/large_63f928bd-8f81-424e-b114-1e58796ba46a.jpg,"
ALDI,Appetitos Mozzarella Sticks,$3.65,,,11 oz,[],,"https://www.instacart.com/image-server/197x197/filters:fill(FFF,true):format(jpg)/d2lnr5mha7bycj.cloudfront.net/product-image/file/large_d2adb813-f896-448b-81df-7cb82f4cc7f4.jpg,"
ALDI,Casa Mamita Chicken & Cheese Taquitos,$5.49,,,20 oz,[],,"https://www.instacart.com/image-server/197x197/filters:fill(FFF,true):format(jpg)/d2lnr5mha7bycj.cloudfront.net/product-image/file/large_89141bc7-bb7e-467b-81de-7597bfbbee7a.jpg,"
ALDI,Fusia Chicken Egg Rolls,$3.25,,,12.55 oz,[],,"https://www.instacart.com/image-server/197x197/filters:fill(FFF,true):format(jpg)/d2lnr5mha7bycj.cloudfront.net/product-image/file/large_5e5e89f8-5edd-4403-90ba-d23cba58bd83.jpg,"
ALDI,Season's Choice Steak Fries,$3.09,,,28 oz,[],,"https://www.instacart.com/image-server/197x197/filters:fill(FFF,true):format(jpg)/d2lnr5mha7bycj.cloudfront.net/product-image/file/large_205ea855-d016-4efa-9409-caf3151a0f22.jpg,"
ALDI,Fusia Pork Potstickers,$4.39,,,16 oz,[],Many in stock,"https://www.instacart.com/image-server/197x197/filters:fill(FFF,true):format(jpg)/d2lnr5mha7bycj.cloudfront.net/product-image/file/large_d03dc8ef-731f-4e8a-ac7d-e378a9f4ce40.jpg,"
ALDI,Mama Cozzi's Pizza Kitchen Three Cheese Mini Pizza Bagels,$6.89,,,28 oz,[],Many in stock,"https://www.instacart.com/image-server/197x197/filters:fill(FFF,true):format(jpg)/d2lnr5mha7bycj.cloudfront.net/product-image/file/large_b62031b2-5fb7-4f45-82ef-efa6e8477857.jpg,"
ALDI,Appetitos Cream Cheese Stuffed Jalapenos,$3.65,,,11 oz,[],,"https://www.instacart.com/image-server/197x197/filters:fill(FFF,true):format(jpg)/d2lnr5mha7bycj.cloudfront.net/product-image/file/large_26e111ba-6c78-40a6-83b4-d3c016501805.jpg,"
ALDI,Fusia Chicken Potstickers,$4.39,,,16 oz,[],,"https://www.instacart.com/image-server/197x197/filters:fill(FFF,true):format(jpg)/d2lnr5mha7bycj.cloudfront.net/product-image/file/large_5bd455cc-6e18-4a4b-99a1-d4a34a442bc6.jpg,"
ALDI,Fusia Pork Egg Rolls,$3.25,,,12.26 oz,[],,"https://www.instacart.com/image-server/197x197/filters:fill(FFF,true):format(jpg)/d2lnr5mha7bycj.cloudfront.net/product-image/file/large_35166c0d-ddcb-4f5d-9d91-fbc50db11175.jpg,"
ALDI,Mama Cozzi's Pizza Kitchen Toasted Cheese Ravioli,$4.39,,,16 oz,[],Many in stock,"https://www.instacart.com/image-server/197x197/filters:fill(FFF,true):format(jpg)/d2lnr5mha7bycj.cloudfront.net/product-image/file/large_a5b7099d-d257-4d23-aa00-a0f61a9a441c.jpg,"
ALDI,Hot Pockets Hot Pocket Pepperoni Pizza,$3.29,,,2 x 4.5 oz,[],Many in stock,"https://www.instacart.com/image-server/197x197/filters:fill(FFF,true):format(jpg)/d2lnr5mha7bycj.cloudfront.net/product-image/file/large_8d933a9b-4b7a-4072-9909-04e96042e264.jpg,"
ALDI,Park Street Deli Chicken Egg Rolls,$3.95,,,13.5 oz,[],,"https://www.instacart.com/image-server/197x197/filters:fill(FFF,true):format(jpg)/d2lnr5mha7bycj.cloudfront.net/product-image/file/large_63eda6e0-62b8-43c2-be59-5bfa8978ffc5.jpg,"
ALDI,Simply Nature Sweet Potato Kids Bites,$4.29,,,12 oz,[],,"https://www.instacart.com/image-server/197x197/filters:fill(FFF,true):format(jpg)/d2lnr5mha7bycj.cloudfront.net/product-image/file/large_2331da5a-6ac7-48ae-9028-e6d708890711.jpg,"
ALDI,"Arby's Curly Fries, Seasoned",$4.72,,,22 oz,[],,"https://www.instacart.com/image-server/197x197/filters:fill(FFF,true):format(jpg)/d2lnr5mha7bycj.cloudfront.net/product-image/file/large_90d292ac-c899-494f-b426-4533a3637696.png,"
ALDI,Simply Nature Broccoli Kids Bites,$4.29,,,12 oz box,[],,"https://www.instacart.com/image-server/197x197/filters:fill(FFF,true):format(jpg)/d2lnr5mha7bycj.cloudfront.net/product-image/file/large_f6c28a31-a68f-4487-ac31-5a0b44539860.jpg,"
ALDI,Millville Buttermilk Pancake Mix,$2.15,,,32 oz,[],,"https://www.instacart.com/image-server/197x197/filters:fill(FFF,true):format(jpg)/d2lnr5mha7bycj.cloudfront.net/product-image/file/large_80faa41b-3861-441d-a9df-8de63494b170.jpg,"
ALDI,"Millville Fruit Rounds Cereal, Sweetened Mulit-Grain Cereal",$1.85,,,12.2 oz,[],Many in stock,"https://www.instacart.com/image-server/197x197/filters:fill(FFF,true):format(jpg)/d2lnr5mha7bycj.cloudfront.net/product-image/file/large_794cdeb7-7bc1-43c7-903e-485d3f864156.jpg,"
ALDI,Cinnamon Toast Crunch Breakfast Cereal,$4.85,,,16.8 oz,['Whole Grain'],Many in stock,"https://www.instacart.com/image-server/197x197/filters:fill(FFF,true):format(jpg)/d2lnr5mha7bycj.cloudfront.net/product-image/file/large_d0b1f918-3bd9-4f0a-ac55-0e5f3da9ce86.jpg,"
ALDI,"Pop-Tarts Toaster Pastries, Frosted S'Mores",$4.35,,,12 ct,[],,"https://www.instacart.com/image-server/197x197/filters:fill(FFF,true):format(jpg)/d2lnr5mha7bycj.cloudfront.net/product-image/file/large_f28338a5-3f09-40a5-a373-dabcbed3d334.jpg,"
ALDI,Millville Protein Pancake Mix,$4.39,,,18.5 oz,[],Many in stock,"https://www.instacart.com/image-server/197x197/filters:fill(FFF,true):format(jpg)/d2lnr5mha7bycj.cloudfront.net/product-image/file/large_3fee657f-ea98-4480-a801-b9d5ef0ae9f1.jpg,"
ALDI,"Post Fruity Pebbles Fruity Pebbles Sweetened Rice Cereal Box, Large Size",$4.55,,,15 oz,['Gluten-Free'],Many in stock,"https://www.instacart.com/image-server/197x197/filters:fill(FFF,true):format(jpg)/d2lnr5mha7bycj.cloudfront.net/product-image/file/large_894dc547-96b6-41b2-bfe0-aa19407cf26e.jpg,"
ALDI,Millville Honey Graham Squares,$2.49,,,12 oz,[],Many in stock,"https://www.instacart.com/image-server/197x197/filters:fill(FFF,true):format(jpg)/d2lnr5mha7bycj.cloudfront.net/product-image/file/large_4220bb46-4a4f-481c-99a7-e192caaf2796.jpg,"
ALDI,"Pop-Tarts Toaster Pastries, Frosted Brown Sugar Cinnamon",$4.35,,,12 ct,[],,"https://www.instacart.com/image-server/197x197/filters:fill(FFF,true):format(jpg)/d2lnr5mha7bycj.cloudfront.net/product-image/file/large_458e8f14-39c2-4282-8479-5b678adfa781.jpg,"
ALDI,Millville Cinnamon Crunch Square,$3.09,,,19.3 oz,[],Many in stock,"https://www.instacart.com/image-server/197x197/filters:fill(FFF,true):format(jpg)/d2lnr5mha7bycj.cloudfront.net/product-image/file/large_72ed585a-1fcf-4cca-a45f-f2087e416209.jpg,"
ALDI,Millville Frosted Shredded Wheat 18oz,$2.35,,,18 oz,[],Many in stock,"https://www.instacart.com/image-server/197x197/filters:fill(FFF,true):format(jpg)/d2lnr5mha7bycj.cloudfront.net/product-image/file/large_85cbe3af-cefa-4774-af61-797f3bb704c1.jpg,"
ALDI,"Millville Honey Nut Flavored Crispy Oats, Family Size",$2.95,,,19.5 oz,[],Many in stock,"https://www.instacart.com/image-server/197x197/filters:fill(FFF,true):format(jpg)/d2lnr5mha7bycj.cloudfront.net/product-image/file/large_e55bdd02-6470-4f10-a5f4-6a97e7d3bef0.jpg,"
ALDI,"Millville Berry Kids Krunch, Sweetened Corn & Oat Cereal",$3.55,,,13 oz,[],Many in stock,"https://www.instacart.com/image-server/197x197/filters:fill(FFF,true):format(jpg)/d2lnr5mha7bycj.cloudfront.net/product-image/file/large_95ad5a2e-385a-4ae0-b047-594a383ac4c2.jpg,"
ALDI,Honey Nut Cheerios Heart Healthy Cereal With Happy Heart Shapes,$5.19,,,15.4 oz,"['Gluten-Free', 'Whole Grain']",,"https://www.instacart.com/image-server/197x197/filters:fill(FFF,true):format(jpg)/d2lnr5mha7bycj.cloudfront.net/product-image/file/large_4ffcbc4c-d3e5-4fb8-ab4e-79cee0fe0c44.jpg,"
ALDI,"Post Cocoa Pebbles Breakfast Cereal Box, Large Size",$4.55,,,15 oz,['Gluten-Free'],Many in stock,"https://www.instacart.com/image-server/197x197/filters:fill(FFF,true):format(jpg)/d2lnr5mha7bycj.cloudfront.net/product-image/file/large_dd9983b4-4a54-4029-83f5-b5c25097436b.jpg,"
ALDI,Millville Instant Oatmeal Variety Pack,$1.95,,,10 ct,[],Many in stock,"https://www.instacart.com/image-server/197x197/filters:fill(FFF,true):format(jpg)/d2lnr5mha7bycj.cloudfront.net/product-image/file/large_7ac91dbb-f83e-4026-b519-0969dc12b38f.jpg,"
ALDI,Millville Crunchy Granola Raisin Bran Crunch,$2.99,,,18.2 oz,[],Many in stock,"https://www.instacart.com/image-server/197x197/filters:fill(FFF,true):format(jpg)/d2lnr5mha7bycj.cloudfront.net/product-image/file/large_3af4abe9-d9ce-4e92-9de4-b961ac83c310.jpg,"
ALDI,Millville Family Size Frosted Flakes,$3.85,,,26.8 oz,[],Many in stock,"https://www.instacart.com/image-server/197x197/filters:fill(FFF,true):format(jpg)/d2lnr5mha7bycj.cloudfront.net/product-image/file/large_f1d9c267-57fd-4a64-a9c9-9f782a381ed2.jpg,"
ALDI,Millville Chocolate Puffs,$2.15,,,11.8 oz,[],Many in stock,"https://www.instacart.com/image-server/197x197/filters:fill(FFF,true):format(jpg)/d2lnr5mha7bycj.cloudfront.net/product-image/file/large_f56f6396-3fed-4cad-a6dd-5caae0828d34.jpg,"
ALDI,Millville Maple and Brown Sugar Instant Oatmeal,$1.95,,,15.1 oz,[],Many in stock,"https://www.instacart.com/image-server/197x197/filters:fill(FFF,true):format(jpg)/d2lnr5mha7bycj.cloudfront.net/product-image/file/large_0d857b99-b119-48cd-be1d-c6ce209f7743.jpg,"
ALDI,"Pop-Tarts Toaster Pastries, Breakfast Foods, Kids Snacks, Frosted Chocolate Fudge",$4.35,,,12 ct,[],Many in stock,"https://www.instacart.com/image-server/197x197/filters:fill(FFF,true):format(jpg)/d2lnr5mha7bycj.cloudfront.net/product-image/file/large_de190db4-d563-4222-af19-859455f00a20.jpg,"
ALDI,Millville Crispy Rice Cereal,$2.15,,,12 oz,['Gluten-Free'],Many in stock,"https://www.instacart.com/image-server/197x197/filters:fill(FFF,true):format(jpg)/d2lnr5mha7bycj.cloudfront.net/product-image/file/large_89d50895-f347-4c36-bbfb-06150e3c3d9f.jpg,"
ALDI,Millville Marshmallow and Stars,$2.15,,,11.5 oz,[],,"https://www.instacart.com/image-server/197x197/filters:fill(FFF,true):format(jpg)/d2lnr5mha7bycj.cloudfront.net/product-image/file/large_4e134c24-348e-4656-8f77-f98d02e15fe0.jpg,"
ALDI,Millville Cocoa Peanut Butter Puffs,$3.15,,,13 oz,[],Many in stock,"https://www.instacart.com/image-server/197x197/filters:fill(FFF,true):format(jpg)/d2lnr5mha7bycj.cloudfront.net/product-image/file/large_5145d8c8-ad67-4bb7-93f1-753f272c92a6.jpg,"
ALDI,Millville Cinnamon Brown Sugar Toaster Tarts,$2.15,,,12 ct,[],,"https://www.instacart.com/image-server/197x197/filters:fill(FFF,true):format(jpg)/d2lnr5mha7bycj.cloudfront.net/product-image/file/large_0ea417e4-5d85-4e38-9875-4321d974cada.jpg,"
ALDI,Millville Honey Crunch 'n Oats Original,$2.85,,,14.5 oz,[],Many in stock,"https://www.instacart.com/image-server/197x197/filters:fill(FFF,true):format(jpg)/d2lnr5mha7bycj.cloudfront.net/product-image/file/large_61faa1b3-34ed-4d4f-a614-e1afdbbe659d.jpg,"
ALDI,Millville Honey Wheat Puffs,$2.35,,,15.3 oz,[],Many in stock,"https://www.instacart.com/image-server/197x197/filters:fill(FFF,true):format(jpg)/d2lnr5mha7bycj.cloudfront.net/product-image/file/large_3ca8b655-1e29-477f-8ae7-a7da9d445949.jpg,"
ALDI,Millville Old Fashioned Oats,$4.35,,,42 oz,[],Many in stock,"https://www.instacart.com/image-server/197x197/filters:fill(FFF,true):format(jpg)/d2lnr5mha7bycj.cloudfront.net/product-image/file/large_2d13b9ed-373e-4c68-94a9-2b3938ded6b6.jpg,"
ALDI,Millville Crispy Oats,$1.85,,,12 oz,[],Many in stock,"https://www.instacart.com/image-server/197x197/filters:fill(FFF,true):format(jpg)/d2lnr5mha7bycj.cloudfront.net/product-image/file/large_2c3467f7-b743-4e95-873d-16a5cafd3691.jpg,"
ALDI,Millville Raisin Bran,$2.45,,,16.6 oz,[],Many in stock,"https://www.instacart.com/image-server/197x197/filters:fill(FFF,true):format(jpg)/d2lnr5mha7bycj.cloudfront.net/product-image/file/large_b98c8570-f663-4256-a98c-bdd0d289da64.jpg,"
ALDI,Millville Rice Squares,$3.05,,,12.8 oz,['Gluten-Free'],Many in stock,"https://www.instacart.com/image-server/197x197/filters:fill(FFF,true):format(jpg)/d2lnr5mha7bycj.cloudfront.net/product-image/file/large_fb09a354-f8e2-4e12-8e0c-d34849196a29.jpg,"
ALDI,Millville Balance Multigrain Squares Cinnamon Flavor,$2.39,,,13 oz,['Multigrain'],,"https://www.instacart.com/image-server/197x197/filters:fill(FFF,true):format(jpg)/d2lnr5mha7bycj.cloudfront.net/product-image/file/large_ffd583c7-bf89-42fc-bc17-7aeaeac73dce.jpg,"
ALDI,Millville Oats & Honey Protein Crunchy Granola,$2.95,,,11 oz,[],,"https://www.instacart.com/image-server/197x197/filters:fill(FFF,true):format(jpg)/d2lnr5mha7bycj.cloudfront.net/product-image/file/large_d10b33d3-2700-4591-a4bc-0089e0f022e0.jpg,"
ALDI,Millville Frosted Strawberry Toaster Tarts,$2.15,,,12 ct,[],Likely out of stock,"https://www.instacart.com/image-server/197x197/filters:fill(FFF,true):format(jpg)/d2lnr5mha7bycj.cloudfront.net/product-image/file/large_37f80b01-8b80-4266-8dd1-4d28b73afa0b.jpg,"
ALDI,Fit & Active Vitality with Red Berries,$2.85,,,11.2 oz,[],Many in stock,"https://www.instacart.com/image-server/197x197/filters:fill(FFF,true):format(jpg)/d2lnr5mha7bycj.cloudfront.net/product-image/file/large_0f15178b-3b80-4ff9-979b-a2f84239e42b.jpg,"
ALDI,Millville Honey Crunch 'n Oats Almond,$2.85,,,14.5 oz,[],,"https://www.instacart.com/image-server/197x197/filters:fill(FFF,true):format(jpg)/d2lnr5mha7bycj.cloudfront.net/product-image/file/large_830a4302-2a44-4b97-b355-405177f5192a.jpg,"
ALDI,Millville Corn Squares,$3.05,,,14 oz,[],Many in stock,"https://www.instacart.com/image-server/197x197/filters:fill(FFF,true):format(jpg)/d2lnr5mha7bycj.cloudfront.net/product-image/file/large_c5881b5a-2ec5-4f49-a394-bca134c5cf48.jpg,"
ALDI,Millville Bran Flakes,$3.05,,,18 oz,[],Many in stock,"https://www.instacart.com/image-server/197x197/filters:fill(FFF,true):format(jpg)/d2lnr5mha7bycj.cloudfront.net/product-image/file/large_f8421a53-4b90-42eb-a057-90476e09f330.jpg,"
ALDI,Millville Quick Oats,$4.35,,,42 oz,[],Many in stock,"https://www.instacart.com/image-server/197x197/filters:fill(FFF,true):format(jpg)/d2lnr5mha7bycj.cloudfront.net/product-image/file/large_2da52fba-2198-47ae-a383-eb9fcace802a.jpg,"
ALDI,Millville Quick Cook Steel Cut Oats,$3.45,,,25 oz,[],Many in stock,"https://www.instacart.com/image-server/197x197/filters:fill(FFF,true):format(jpg)/d2lnr5mha7bycj.cloudfront.net/product-image/file/large_080f2003-eead-467f-a0cb-ae8351c93236.jpg,"
ALDI,Simply Nature Organic Oats & Honey Granola,$3.45,,,12 oz,['Organic'],,"https://www.instacart.com/image-server/197x197/filters:fill(FFF,true):format(jpg)/d2lnr5mha7bycj.cloudfront.net/product-image/file/large_d57155ba-9d43-46f6-944b-f02f6e502340.jpg,"
ALDI,Little Salad Bar Caesar Salad ea,$3.09,,,10.5 oz bag,[],,"https://www.instacart.com/image-server/197x197/filters:fill(FFF,true):format(jpg)/d2lnr5mha7bycj.cloudfront.net/product-image/file/large_aa01e998-7f42-44e3-8ff8-fa666ea601d1.jpg,"
ALDI,Panera Bread Broccoli Cheddar Soup Cup,$3.55,,,10 oz,[],,"https://www.instacart.com/image-server/197x197/filters:fill(FFF,true):format(jpg)/d2lnr5mha7bycj.cloudfront.net/product-image/file/large_a7ceb1ea-1c55-4015-b2da-b3836281f62b.png,"
ALDI,Little Salad Bar Asian Chopped Salad Kit,$3.29,,,12 oz,[],Many in stock,"https://www.instacart.com/image-server/197x197/filters:fill(FFF,true):format(jpg)/d2lnr5mha7bycj.cloudfront.net/product-image/file/large_72537031-6525-46ee-aa79-c0dbaf4d3fdc.jpg,"
ALDI,Happy Farms Garden Vegetable Cream Cheese Snack Pack,$1.65,,,2.25 oz,[],Many in stock,"https://www.instacart.com/image-server/197x197/filters:fill(FFF,true):format(jpg)/d2lnr5mha7bycj.cloudfront.net/product-image/file/large_d6f38635-79f7-48f3-bb76-637a718c30b2.jpg,"
ALDI,Little Salad Bar Caesar Chopped Salad Kit,$3.29,,,10.5 oz,[],,"https://www.instacart.com/image-server/197x197/filters:fill(FFF,true):format(jpg)/d2lnr5mha7bycj.cloudfront.net/product-image/file/large_469b29b6-12fb-4406-ad5f-4ae38a250238.jpg,"
ALDI,Lunchables Pepperoni Pizza Kids Lunch Meal Kit Snack with Capri Sun & Crunch Candy Bar,$3.15,,,4.7 oz,[],,"https://www.instacart.com/image-server/197x197/filters:fill(FFF,true):format(jpg)/d2lnr5mha7bycj.cloudfront.net/product-image/file/large_ddd9924e-b1c6-4c74-991a-86199ba30c7e.jpg,"
ALDI,Little Salad Bar Sunflower Chopped Salad Kit,$3.29,,,11.1 oz,[],,"https://www.instacart.com/image-server/197x197/filters:fill(FFF,true):format(jpg)/d2lnr5mha7bycj.cloudfront.net/product-image/file/large_f656939f-09b9-42fb-9909-28b4a0d6cf72.jpg,"
ALDI,Panera Bread Baked Potato Soup Cup (Gluten Free),$3.55,,,10 oz,[],Many in stock,"https://www.instacart.com/image-server/197x197/filters:fill(FFF,true):format(jpg)/d2lnr5mha7bycj.cloudfront.net/product-image/file/large_937d9410-be5b-4318-ac21-a227c713ee44.png,"
ALDI,Little Salad Bar Southwest Chopped Salad Kit,$3.29,,,12 oz,[],,"https://www.instacart.com/image-server/197x197/filters:fill(FFF,true):format(jpg)/d2lnr5mha7bycj.cloudfront.net/product-image/file/large_ef41b45c-1c2f-462e-83de-572aa01de152.jpg,"
ALDI,Lunchables Ham & American Cheese Cracker Stackers Kids Lunch Snack Meal Kit with Capri Sun,$3.15,,,9.1 oz,[],Many in stock,"https://www.instacart.com/image-server/197x197/filters:fill(FFF,true):format(jpg)/d2lnr5mha7bycj.cloudfront.net/product-image/file/large_1bec5985-08df-460c-bb11-cc061a536a76.jpg,"
ALDI,Happy Farms Party Cheese Tray,$5.39,,,16 oz,[],,"https://www.instacart.com/image-server/197x197/filters:fill(FFF,true):format(jpg)/d2lnr5mha7bycj.cloudfront.net/product-image/file/large_b6f49342-dfcd-49d6-a25f-93ebdc265bf1.jpg,"
ALDI,Giorgio Spinach & Artichoke Stuffed Mushrooms,$4.39,,,8.5 oz,[],,"https://www.instacart.com/image-server/197x197/filters:fill(FFF,true):format(jpg)/d2lnr5mha7bycj.cloudfront.net/product-image/file/large_37825350-2d1d-431b-b6ca-89a1ad5da719.jpg,"
ALDI,Little Salad Bar Sweet Kale Chopped Salad Kit,$3.29,,,12 oz,[],Many in stock,"https://www.instacart.com/image-server/197x197/filters:fill(FFF,true):format(jpg)/d2lnr5mha7bycj.cloudfront.net/product-image/file/large_7b50e4bc-7c48-4c5a-ae1d-0be6725eaf92.jpg,"
ALDI,Chef's Cupboard Homestyle Butter Mashed Potatoes,$1.05,,,4 oz,[],,"https://www.instacart.com/image-server/197x197/filters:fill(FFF,true):format(jpg)/d2lnr5mha7bycj.cloudfront.net/product-image/file/large_a8375c8f-f508-4f8f-93c5-49e765bfb42e.jpg,"
ALDI,Happy Farms Jalapeno Cream Cheese Snack Pack,$1.65,,,2.25 oz,[],Many in stock,"https://www.instacart.com/image-server/197x197/filters:fill(FFF,true):format(jpg)/d2lnr5mha7bycj.cloudfront.net/product-image/file/large_383617b5-5029-4adb-ad53-46e3775635e8.jpg,"
ALDI,Park Street Deli Beef Bites with Mild Cheddar,$3.55,,,4.5 oz,[],Many in stock,"https://www.instacart.com/image-server/197x197/filters:fill(FFF,true):format(jpg)/d2lnr5mha7bycj.cloudfront.net/product-image/file/large_be86c71a-e547-4a5b-932a-587f852cea3d.jpg,"
ALDI,Little Salad Bar Italian Salad,$2.55,,,9 oz bag,[],Many in stock,"https://www.instacart.com/image-server/197x197/filters:fill(FFF,true):format(jpg)/d2lnr5mha7bycj.cloudfront.net/product-image/file/large_4ccd8ebf-e164-4708-9dc7-22afd4f592e1.jpg,"
ALDI,Everything but the Begal Stuffed Mushrooms,$4.39,,,8.5 oz,[],,"https://www.instacart.com/image-server/197x197/filters:fill(FFF,true):format(jpg)/d1s8987jlndkbs.cloudfront.net/assets/missing-item-4bbe82b8555e4d1c12626fd482cb2409713e8e30835645ff3650ef66a725d03c.png,"
ALDI,"Park Street Deli Sharp White Cheddar, Dried Cranberries and Sea Salt Roasted Almonds",$3.09,,,4.5 oz,[],,"https://www.instacart.com/image-server/197x197/filters:fill(FFF,true):format(jpg)/d2lnr5mha7bycj.cloudfront.net/product-image/file/large_bc939ad8-fcc2-428f-981c-636dd67ff6f6.jpg,"
ALDI,Happy Farms Strawberry Cream Cheese Snack Pack,$1.65,,,2.25 oz,[],,"https://www.instacart.com/image-server/197x197/filters:fill(FFF,true):format(jpg)/d2lnr5mha7bycj.cloudfront.net/product-image/file/large_dfd6f947-44c4-4768-997c-abc210e9af47.jpg,"
ALDI,Little Salad Bar Chicken Caesar Salad Bowl,$3.19,,,5.75 oz,[],,"https://www.instacart.com/image-server/197x197/filters:fill(FFF,true):format(jpg)/d2lnr5mha7bycj.cloudfront.net/product-image/file/large_54025c4b-d7df-492e-a779-30cd537ccf76.jpg,"
ALDI,Park Street Deli Macaroni & Cheese,$3.25,,,20 oz,[],,"https://www.instacart.com/image-server/197x197/filters:fill(FFF,true):format(jpg)/d2lnr5mha7bycj.cloudfront.net/product-image/file/large_d7737617-70aa-46db-991b-95bb18beff84.jpg,"
ALDI,Bremer Philly Cheesesteak Sand,$4.49,,,10 oz,[],,"https://www.instacart.com/image-server/197x197/filters:fill(FFF,true):format(jpg)/d2lnr5mha7bycj.cloudfront.net/product-image/file/large_e33ef45e-11db-42dc-b22e-a6cb85c23fd5.jpg,"
ALDI,"Park Street Deli Sharp Yellow Cheddar, Cherry Juice-Infused Dried Cranberries and Sea Salt Roasted Cashew Splits",$3.09,,,3 x 1.5 oz,[],,"https://www.instacart.com/image-server/197x197/filters:fill(FFF,true):format(jpg)/d2lnr5mha7bycj.cloudfront.net/product-image/file/large_ccda3247-2eee-460c-885e-f8b16da58856.jpg,"
ALDI,Park Street Deli Pork Egg Rolls,$3.95,,,13.5 oz,[],,"https://www.instacart.com/image-server/197x197/filters:fill(FFF,true):format(jpg)/d2lnr5mha7bycj.cloudfront.net/product-image/file/large_35f58295-0cc0-4dd0-8c5e-36c5ac25d3c7.jpg,"
ALDI,Priano Fontina Truffle Ravioli,$3.69,,,9 oz,[],,"https://www.instacart.com/image-server/197x197/filters:fill(FFF,true):format(jpg)/d2lnr5mha7bycj.cloudfront.net/product-image/file/large_8c2e0ac6-9688-40c6-8101-a3b3c1e5e46c.jpg,"
ALDI,"Bob Evans Farms Mashed Potatoes, Original",$4.39,,,24 oz,[],,"https://www.instacart.com/image-server/197x197/filters:fill(FFF,true):format(jpg)/d2lnr5mha7bycj.cloudfront.net/product-image/file/large_4b62bf55-4859-489f-ac80-e18e68eb62c1.jpg,"
ALDI,"Park Street Deli Sharp Cheddar, Milk Chocolate, Graham Cookies and Cranberries",$3.09,,,4.5 oz,[],,"https://www.instacart.com/image-server/197x197/filters:fill(FFF,true):format(jpg)/d2lnr5mha7bycj.cloudfront.net/product-image/file/large_dc91d7a7-6fe5-4ca0-b05d-293958421631.jpg,"
ALDI,Park Street Deli Cranberry Almond Chicken Salad,$6.39,,,16 oz,[],,"https://www.instacart.com/image-server/197x197/filters:fill(FFF,true):format(jpg)/d2lnr5mha7bycj.cloudfront.net/product-image/file/large_36b00d80-56df-4229-91ef-d298eb2eaa31.jpg,"
ALDI,brekki Vanilla Cinnamon Overnight Oats,$2.09,,,150 g,[],,"https://www.instacart.com/image-server/197x197/filters:fill(FFF,true):format(jpg)/d2lnr5mha7bycj.cloudfront.net/product-image/file/large_557604e7-ac86-4a51-8ba9-9d6da6d7880d.jpeg,"
ALDI,Park Street Deli Cranberry Almond Chicken Salad Singles,$4.95,,,12 oz,[],,"https://www.instacart.com/image-server/197x197/filters:fill(FFF,true):format(jpg)/d2lnr5mha7bycj.cloudfront.net/product-image/file/large_793fc75e-08cc-4c3f-bff0-06979641f2fb.jpg,"
ALDI,Lunchables Nachos Cheese Dip & Salsa Kids Lunch Snack Meal Kit with Capri Sun & Kit Kat,$3.15,,,10.7 oz,[],Many in stock,"https://www.instacart.com/image-server/197x197/filters:fill(FFF,true):format(jpg)/d2lnr5mha7bycj.cloudfront.net/product-image/file/large_272093f7-7a82-4a1c-b074-58a2c1c75e1c.jpg,"
ALDI,"Park Street Deli Apples, Grapes and Cheese with Crackers Snack Tray",$2.59,,,7 oz,[],,"https://www.instacart.com/image-server/197x197/filters:fill(FFF,true):format(jpg)/d2lnr5mha7bycj.cloudfront.net/product-image/file/large_6e308bf5-773b-4e2b-a2c1-cf4347e14552.jpg,"
ALDI,Mama Cozzi's Pizza Kitchen Buffalo Chicken Calzone,$2.65,,,6 oz,[],,"https://www.instacart.com/image-server/197x197/filters:fill(FFF,true):format(jpg)/d2lnr5mha7bycj.cloudfront.net/product-image/file/large_cc455983-7930-43c6-8177-9d28be08af06.jpg,"
ALDI,Little Salad Bar Chopped Caesar Salad Kit,$3.29,,,11.15 oz,[],,"https://www.instacart.com/image-server/197x197/filters:fill(FFF,true):format(jpg)/d2lnr5mha7bycj.cloudfront.net/product-image/file/large_bea57336-7a56-4243-9493-6cedda94ed5f.jpg,"
ALDI,Priano Three Cheese Tortellini,$6.85,,,20 oz,[],,"https://www.instacart.com/image-server/197x197/filters:fill(FFF,true):format(jpg)/d2lnr5mha7bycj.cloudfront.net/product-image/file/large_b6a93e87-8370-47eb-a8d8-c4fd57b195b2.jpg,"
ALDI,"Pulmuone Beef Udon, Korean BBQ Style",$9.89,,,24.1 oz,[],,"https://www.instacart.com/image-server/197x197/filters:fill(FFF,true):format(jpg)/d2lnr5mha7bycj.cloudfront.net/product-image/file/large_f7326fb5-4442-4c47-85f4-1a2783e65e26.jpg,"
ALDI,"Mama Cozzi's Pizza Kitchen 16"" Supreme Deli Pizza",$8.79,,,45.59 oz,[],,"https://www.instacart.com/image-server/197x197/filters:fill(FFF,true):format(jpg)/d2lnr5mha7bycj.cloudfront.net/product-image/file/large_a77f1c45-7dc9-4781-814b-833556447757.jpg,"
ALDI,Kirkwood Fresh Chicken Tenderloins,$7.98,each (est.),$3.99 / lb,About 2.0 lb each,['Breast'],,"https://www.instacart.com/image-server/197x197/filters:fill(FFF,true):format(jpg)/d2lnr5mha7bycj.cloudfront.net/product-image/file/large_8475b460-c37d-49b0-84b1-81434961e580.jpg,"
ALDI,Kirkwood Fresh Chicken Breasts,$6.11,/pkg (est.),$3.49 / lb,About 1.75 lb / package,['Breast'],,"https://www.instacart.com/image-server/197x197/filters:fill(FFF,true):format(jpg)/d2lnr5mha7bycj.cloudfront.net/product-image/file/large_fd698d69-2cf1-4a7d-b55d-c576781102a2.jpg,"
ALDI,Appleton Farms Turkey Bacon,$3.85,,,12 oz,[],,"https://www.instacart.com/image-server/197x197/filters:fill(FFF,true):format(jpg)/d2lnr5mha7bycj.cloudfront.net/product-image/file/large_44ec8981-0ae2-4f1f-8c79-4c81c206d384.jpg,"
ALDI,Kirkwood Fresh Thin Sliced Chicken Breasts,$5.59,/pkg (est.),$3.99 / lb,About 1.4 lb / package,['Breast'],,"https://www.instacart.com/image-server/197x197/filters:fill(FFF,true):format(jpg)/d2lnr5mha7bycj.cloudfront.net/product-image/file/large_1e59c817-baf4-4fd3-8db1-e3f8c0294ee3.jpg,"
ALDI,Kirkwood Fresh Family Pack Chicken Thighs,$8.19,/pkg (est.),$1.59 / lb,About 5.15 lb / package,['Thigh'],,"https://www.instacart.com/image-server/197x197/filters:fill(FFF,true):format(jpg)/d2lnr5mha7bycj.cloudfront.net/product-image/file/large_a68ad447-8cdd-4fb2-865a-c4bf1ac96d8f.jpg,"
ALDI,Family Pack Antibiotic Free Boneless Skinless Chicken Breasts,$10.82,/pkg (est.),$3.49 / lb,About 3.1 lb / package,['Breast'],,"https://www.instacart.com/image-server/197x197/filters:fill(FFF,true):format(jpg)/d2lnr5mha7bycj.cloudfront.net/product-image/file/large_d9dcb804-0e9c-43f9-a1f7-2854313565f2.jpg,"
ALDI,Kirkwood Fresh Family Pack Chicken Wings,$10.60,/pkg (est.),$2.65 / lb,About 4.0 lb / package,['Wing'],,"https://www.instacart.com/image-server/197x197/filters:fill(FFF,true):format(jpg)/d2lnr5mha7bycj.cloudfront.net/product-image/file/large_3b14d13c-99a9-4ef3-85c1-d35bee39f11b.jpg,"
ALDI,Kirkwood Fresh Chicken Drumsticks,$6.24,/pkg (est.),$1.89 / lb,About 3.3 lb / package,[],,"https://www.instacart.com/image-server/197x197/filters:fill(FFF,true):format(jpg)/d2lnr5mha7bycj.cloudfront.net/product-image/file/large_98a034b0-d435-4be9-9d2b-aec825926399.jpg,"
ALDI,Kirkwood 85/15 Fresh Ground Turkey,$7.69,,,36 oz,[],,"https://www.instacart.com/image-server/197x197/filters:fill(FFF,true):format(jpg)/d2lnr5mha7bycj.cloudfront.net/product-image/file/large_6ccf04bf-44fd-4e39-82dc-97518f9a887a.jpg,"
ALDI,Fresh Teriyaki Seasoned Chicken,$8.68,each (est.),$5.79 / lb,About 1.5 lb each,['Thigh'],,"https://www.instacart.com/image-server/197x197/filters:fill(FFF,true):format(jpg)/d2lnr5mha7bycj.cloudfront.net/product-image/file/large_7cdc07f1-6150-4f86-870d-4e4993ced102.png,"
ALDI,Fresh Family Pack Boneless Skinless Chicken Thighs,$8.22,each (est.),$2.99 / lb,About 2.75 lb each,['Thigh'],,"https://www.instacart.com/image-server/197x197/filters:fill(FFF,true):format(jpg)/d2lnr5mha7bycj.cloudfront.net/product-image/file/large_7cdc07f1-6150-4f86-870d-4e4993ced102.png,"
ALDI,Kirkwood Fresh Chicken Thighs,$6.96,/pkg (est.),$1.99 / lb,About 3.5 lb / package,['Thigh'],,"https://www.instacart.com/image-server/197x197/filters:fill(FFF,true):format(jpg)/d2lnr5mha7bycj.cloudfront.net/product-image/file/large_03008c7a-3014-4a6e-9f48-fe9ddb787e27.jpg,"
ALDI,Kirkwood Fresh Boneless Skinless Chicken Thighs,$5.53,/pkg (est.),$2.99 / lb,About 1.85 lb / package,['Thigh'],,"https://www.instacart.com/image-server/197x197/filters:fill(FFF,true):format(jpg)/d2lnr5mha7bycj.cloudfront.net/product-image/file/large_6320f767-c9d3-44dd-97ff-5fb825653e3d.jpg,"
ALDI,Fresh Sounthwest Seasoned Chicken,$8.68,each (est.),$5.79 / lb,About 1.5 lb each,['Breast'],,"https://www.instacart.com/image-server/197x197/filters:fill(FFF,true):format(jpg)/d2lnr5mha7bycj.cloudfront.net/product-image/file/large_460f60f7-15c4-4b96-b5ae-d9029ed1ae15.png,"
ALDI,Kirkwood Fresh Split Chicken Breasts,$5.10,/pkg (est.),$1.89 / lb,About 2.7 lb / package,['Breast'],,"https://www.instacart.com/image-server/197x197/filters:fill(FFF,true):format(jpg)/d2lnr5mha7bycj.cloudfront.net/product-image/file/large_d78c764c-8843-41b2-bca7-895d0ae9fe7c.jpg,"
ALDI,Perdue Fresh Antibiotic Free Boneless Skinless Chicken Thighs,$7.36,each (est.),$4.09 / lb,About 1.8 lb each,['Thigh'],,"https://www.instacart.com/image-server/197x197/filters:fill(FFF,true):format(jpg)/d2lnr5mha7bycj.cloudfront.net/product-image/file/large_b2311e16-5af8-471f-8dcc-62e4306a164c.jpg,"
ALDI,Perdue Fresh Antibiotic Free Thin Sliced Chicken Breasts,$6.84,/pkg (est.),$6.05 / lb,About 1.13 lb / package,['Breast'],,"https://www.instacart.com/image-server/197x197/filters:fill(FFF,true):format(jpg)/d2lnr5mha7bycj.cloudfront.net/product-image/file/large_36c473eb-3240-4399-9588-5d38b2ebe5c6.jpg,"
ALDI,Perdue Fresh Antibiotic Free ChickenTenderloin,$5.85,/pkg (est.),$5.85 / lb,About 1.0 lb / package,['Breast'],,"https://www.instacart.com/image-server/197x197/filters:fill(FFF,true):format(jpg)/d2lnr5mha7bycj.cloudfront.net/product-image/file/large_540900be-e2c7-4457-872f-50f6a9479fcd.jpg,"
ALDI,Simply Nature Fresh Organic Chicken Breasts,$6.39,/pkg (est.),$6.39 / lb,About 1.0 lb / package,"['Organic', 'Breast']",,"https://www.instacart.com/image-server/197x197/filters:fill(FFF,true):format(jpg)/d2lnr5mha7bycj.cloudfront.net/product-image/file/large_ae74dab8-993a-47fb-9ee0-3a89ac7b1b12.jpg,"
ALDI,Perdue Fresh Antibiotic Free Boneless Skinless Chicken Breasts,$7.60,each (est.),$4.75 / lb,About 1.6 lb each,['Breast'],,"https://www.instacart.com/image-server/197x197/filters:fill(FFF,true):format(jpg)/d2lnr5mha7bycj.cloudfront.net/product-image/file/large_38e87b52-03af-45ef-a3b7-4d8b4aa92e96.jpg,"
ALDI,Kirkwood Fresh Chicken Leg Quarters,$5.95,/pkg (est.),$1.19 / lb,About 5.0 lb / package,['Leg'],,"https://www.instacart.com/image-server/197x197/filters:fill(FFF,true):format(jpg)/d2lnr5mha7bycj.cloudfront.net/product-image/file/large_a05d1eaf-9ea9-40cc-9dda-5982fbb4be45.jpg,"
ALDI,Simply Nature Organic Thin Sliced Chicken Breasts,$9.11,each (est.),$7.29 / lb,About 1.25 lb each,"['Organic', 'Breast']",,"https://www.instacart.com/image-server/197x197/filters:fill(FFF,true):format(jpg)/d2lnr5mha7bycj.cloudfront.net/product-image/file/large_a0c3411c-4f31-47f7-a8e6-e5bf2ec0ed1a.jpg,"
ALDI,Perdue RESERVE Whole Young Chicken,$6.89,,,3.75 lb,['Whole'],,"https://www.instacart.com/image-server/197x197/filters:fill(FFF,true):format(jpg)/d2lnr5mha7bycj.cloudfront.net/product-image/file/large_c88c23ba-2fb6-4ab0-855c-fd0e1b718340.jpg,"
ALDI,Simply Nature Fresh Organic Young Bird,$14.51,/pkg (est.),$2.79 / lb,About 5.2 lb / package,"['Organic', 'Whole']",,"https://www.instacart.com/image-server/197x197/filters:fill(FFF,true):format(jpg)/d2lnr5mha7bycj.cloudfront.net/product-image/file/large_19221bcd-6a46-484d-83d4-29c7355ba069.jpg,"
ALDI,Kirkwood 99% Lean Ground Turkey,$5.49,,,16 oz,[],Likely out of stock,"https://www.instacart.com/image-server/197x197/filters:fill(FFF,true):format(jpg)/d2lnr5mha7bycj.cloudfront.net/product-image/file/large_8d2bea6b-4536-4adc-a32c-05d368cd518a.jpg,"
ALDI,Perdue Fresh Ground Chicken,$3.79,,,1 lb,[],Likely out of stock,"https://www.instacart.com/image-server/197x197/filters:fill(FFF,true):format(jpg)/d2lnr5mha7bycj.cloudfront.net/product-image/file/large_01f0fa0c-d60a-4610-b1b9-452c8978c4ee.jpg,"
ALDI,Friendly Farms 2% Milk,$2.89,,,1 gal,[],Many in stock,"https://www.instacart.com/image-server/197x197/filters:fill(FFF,true):format(jpg)/d2lnr5mha7bycj.cloudfront.net/product-image/file/large_8cab9ae7-24e7-450a-869e-ea1e47acb593.jpg,"
ALDI,Friendly Farms 2% Milk,$1.75,,,0.5 gal,[],Many in stock,"https://www.instacart.com/image-server/197x197/filters:fill(FFF,true):format(jpg)/d2lnr5mha7bycj.cloudfront.net/product-image/file/large_eb4145ad-1160-4c3e-aca2-944750d6eead.jpg,"
ALDI,"fairlife 2% Reduced Fat Ultra-Filtered Milk, Lactose Free",$4.95,,,52 fl oz,[],,"https://www.instacart.com/image-server/197x197/filters:fill(FFF,true):format(jpg)/d2lnr5mha7bycj.cloudfront.net/product-image/file/large_4ec4e45e-4dce-4854-878e-d1369b46cff4.jpg,"
ALDI,Friendly Farms Chocolate Milk,$1.65,,,0.5 gal,[],Many in stock,"https://www.instacart.com/image-server/197x197/filters:fill(FFF,true):format(jpg)/d2lnr5mha7bycj.cloudfront.net/product-image/file/large_c26ddd44-3619-4bf2-a23b-cf5fba93d167.jpg,"
ALDI,Friendly Farms Whole Milk,$1.75,,,0.5 gal,[],,"https://www.instacart.com/image-server/197x197/filters:fill(FFF,true):format(jpg)/d2lnr5mha7bycj.cloudfront.net/product-image/file/large_8ac0e7b7-9611-473a-9149-0761be8edf88.jpg,"
ALDI,Friendly Farms 1% Milk,$2.89,,,1 gal,[],Many in stock,"https://www.instacart.com/image-server/197x197/filters:fill(FFF,true):format(jpg)/d2lnr5mha7bycj.cloudfront.net/product-image/file/large_ad55b9ef-d830-49c8-a827-27962e32f99f.jpg,"
ALDI,Simply Nature Organic Whole Milk,$4.19,,,64 fl oz,['Organic'],Many in stock,"https://www.instacart.com/image-server/197x197/filters:fill(FFF,true):format(jpg)/d2lnr5mha7bycj.cloudfront.net/product-image/file/large_b01db7ff-a935-4b55-b6a8-5c947cfd457b.jpg,"
ALDI,Simply Nature Organic 2% Milk,$4.19,,,64 fl oz,['Organic'],Many in stock,"https://www.instacart.com/image-server/197x197/filters:fill(FFF,true):format(jpg)/d2lnr5mha7bycj.cloudfront.net/product-image/file/large_aeb26f49-0a3e-4958-bf81-dbe931e97c64.jpg,"
ALDI,Friendly Farms Skim Milk,$1.75,,,0.5 gal,[],Many in stock,"https://www.instacart.com/image-server/197x197/filters:fill(FFF,true):format(jpg)/d2lnr5mha7bycj.cloudfront.net/product-image/file/large_0a0dc61e-8933-477f-88f8-e75c752f235e.jpg,"
ALDI,Friendly Farms Lactose Free 2% Milk,$3.55,,,64 fl oz,[],Many in stock,"https://www.instacart.com/image-server/197x197/filters:fill(FFF,true):format(jpg)/d2lnr5mha7bycj.cloudfront.net/product-image/file/large_d52b854a-b3f1-4faa-a00b-57e40e30737a.jpg,"
ALDI,Simply Nature Whole Omega-3 Milk,$4.29,,,64 fl oz,['Organic'],,"https://www.instacart.com/image-server/197x197/filters:fill(FFF,true):format(jpg)/d2lnr5mha7bycj.cloudfront.net/product-image/file/large_6164a9ce-c25e-4da9-a89e-4c573b81984a.jpg,"
ALDI,Friendly Farms Original Unsweetened Almondmilk,$2.59,,,64 fl oz,[],Many in stock,"https://www.instacart.com/image-server/197x197/filters:fill(FFF,true):format(jpg)/d2lnr5mha7bycj.cloudfront.net/product-image/file/large_df755474-1356-4ea6-9fc8-bdbe67492024.jpg,"
ALDI,Friendly Farms 1% Milk,$1.75,,,0.5 gal,[],,"https://www.instacart.com/image-server/197x197/filters:fill(FFF,true):format(jpg)/d2lnr5mha7bycj.cloudfront.net/product-image/file/large_12465fe5-9647-481e-a08b-e1f7500a5484.jpg,"
ALDI,Friendly Farms Original Oatmmilk,$3.85,,,64 fl oz,[],Many in stock,"https://www.instacart.com/image-server/197x197/filters:fill(FFF,true):format(jpg)/d2lnr5mha7bycj.cloudfront.net/product-image/file/large_5730971d-27c4-4540-a42b-d5bd2326b452.jpg,"
ALDI,Friendly Farms Vanilla Unsweetened Almondmilk,$2.59,,,64 fl oz,[],Many in stock,"https://www.instacart.com/image-server/197x197/filters:fill(FFF,true):format(jpg)/d2lnr5mha7bycj.cloudfront.net/product-image/file/large_3aae4ec3-8f77-45d6-8775-628431b0c0ef.jpg,"
ALDI,Friendly Farms Lactose Free Whole Milk,$3.55,,,64 fl oz,[],,"https://www.instacart.com/image-server/197x197/filters:fill(FFF,true):format(jpg)/d2lnr5mha7bycj.cloudfront.net/product-image/file/large_b92ddd2c-afe1-40bf-86cc-c4455b2a013c.jpg,"
ALDI,Friendly Farms Original Coconutmilk,$3.29,,,64 fl oz,[],Many in stock,"https://www.instacart.com/image-server/197x197/filters:fill(FFF,true):format(jpg)/d2lnr5mha7bycj.cloudfront.net/product-image/file/large_a6a02216-5c1f-4851-a072-b2f722029f4e.jpg,"
ALDI,Friendly Farms Lactose Free Fat Free Milk,$3.55,,,64 fl oz,[],,"https://www.instacart.com/image-server/197x197/filters:fill(FFF,true):format(jpg)/d2lnr5mha7bycj.cloudfront.net/product-image/file/large_66dc2a93-c331-4be5-b641-760fb39b49d7.jpg,"
ALDI,Friendly Farms Chocolate Almondmilk,$2.59,,,64 fl oz,[],Many in stock,"https://www.instacart.com/image-server/197x197/filters:fill(FFF,true):format(jpg)/d2lnr5mha7bycj.cloudfront.net/product-image/file/large_1de83e16-787c-4c70-980f-7fe530cd00f6.jpg,"
ALDI,Simply Nature Organic Original Unsweetened Almondmilk,$3.55,,,64 fl oz,['Organic'],Many in stock,"https://www.instacart.com/image-server/197x197/filters:fill(FFF,true):format(jpg)/d2lnr5mha7bycj.cloudfront.net/product-image/file/large_2cd953f6-b0e2-406e-839f-1012d7e8bb6c.jpg,"
ALDI,Friendly Farms Original Sweetened Almondmilk,$2.59,,,64 fl oz,[],Many in stock,"https://www.instacart.com/image-server/197x197/filters:fill(FFF,true):format(jpg)/d2lnr5mha7bycj.cloudfront.net/product-image/file/large_227880ba-9f62-45ac-bb22-a8a4dbe99037.jpg,"
ALDI,Friendly Farms Vanilla Sweetened Almondmilk,$2.59,,,64 fl oz,[],,"https://www.instacart.com/image-server/197x197/filters:fill(FFF,true):format(jpg)/d2lnr5mha7bycj.cloudfront.net/product-image/file/large_448bb5c9-4517-4fce-950b-1091a47d4f24.jpg,"
ALDI,Simply Nature Organic Original Soymilk,$2.75,,,64 fl oz,['Organic'],Many in stock,"https://www.instacart.com/image-server/197x197/filters:fill(FFF,true):format(jpg)/d2lnr5mha7bycj.cloudfront.net/product-image/file/large_2bb1f5ba-5ee7-412c-9b43-f59f790ef4a3.jpg,"
ALDI,Friendly Farms Moo Tubes Strawberry and Blueberry Yogurt,$1.95,,,2 oz,[],,"https://www.instacart.com/image-server/197x197/filters:fill(FFF,true):format(jpg)/d2lnr5mha7bycj.cloudfront.net/product-image/file/large_7b853e2e-4273-4acb-9d8e-62248d5a0161.jpg,"
ALDI,Friendly Farms Moo Tubes Cotton Candy and Melonberry Yogurt,$1.95,,,2 oz,[],,"https://www.instacart.com/image-server/197x197/filters:fill(FFF,true):format(jpg)/d2lnr5mha7bycj.cloudfront.net/product-image/file/large_817530ee-9da0-49e1-9118-0344392010d0.jpg,"
ALDI,Friendly Farms Nonfat Plain Greek Yogurt,$3.85,,,32 oz,[],Many in stock,"https://www.instacart.com/image-server/197x197/filters:fill(FFF,true):format(jpg)/d2lnr5mha7bycj.cloudfront.net/product-image/file/large_b53f6f8b-5963-4e04-b07e-f3c7d240dedf.jpg,"
ALDI,Friendly Farms Nonfat Vanilla Blended Greek Yogurt,$3.85,,,32 oz,[],Many in stock,"https://www.instacart.com/image-server/197x197/filters:fill(FFF,true):format(jpg)/d2lnr5mha7bycj.cloudfront.net/product-image/file/large_e3cc4918-0a7f-4283-b2de-b2d946b8919b.jpg,"
ALDI,YoCrunch Vanilla Low Fat Yogurt Cups with OREO(R) Cookie Pieces and Mini M&M'S(R),$7.85,,,8 x 6 oz,[],Many in stock,"https://www.instacart.com/image-server/197x197/filters:fill(FFF,true):format(jpg)/d2lnr5mha7bycj.cloudfront.net/product-image/file/large_5b927bb7-24f5-492b-aeca-f821ebe13c1a.jpg,"
ALDI,Little Journey Apple Banana Peach Yogurt,$0.95,,,4 oz,['Organic'],Many in stock,"https://www.instacart.com/image-server/197x197/filters:fill(FFF,true):format(jpg)/d2lnr5mha7bycj.cloudfront.net/product-image/file/large_f45ba741-3347-440e-bd1c-61ab50a128be.jpg,"
ALDI,Danimals Strawberry Explosion Dairy Drink Multi-Pack Smoothie Bottles,$3.65,,,6 x 3.1 fl oz,[],Many in stock,"https://www.instacart.com/image-server/197x197/filters:fill(FFF,true):format(jpg)/d2lnr5mha7bycj.cloudfront.net/product-image/file/large_2829539a-bb99-4fdd-bb2a-80a6f2d32d53.jpg,"
ALDI,Friendly Farms Plain Whole Milk Greek Yogurt,$3.85,,,32 oz,[],Many in stock,"https://www.instacart.com/image-server/197x197/filters:fill(FFF,true):format(jpg)/d2lnr5mha7bycj.cloudfront.net/product-image/file/large_cb7138e3-667e-43e8-acc9-7711c0667d3a.jpg,"
ALDI,Friendly Farms Protein Vanilla Greek Yogurt 4-pack,$3.95,,,5.3 oz,[],,"https://www.instacart.com/image-server/197x197/filters:fill(FFF,true):format(jpg)/d2lnr5mha7bycj.cloudfront.net/product-image/file/large_095111c5-2028-4bfd-ba69-3b903e6d526c.jpg,"
ALDI,Friendly Farms Lowfat Strawberry Yogurt,$0.65,,,6 oz,[],Many in stock,"https://www.instacart.com/image-server/197x197/filters:fill(FFF,true):format(jpg)/d2lnr5mha7bycj.cloudfront.net/product-image/file/large_bcdb6a50-babd-4c53-a823-576b0d0314a9.jpg,"
ALDI,"Chobani Yogurt Drink, Lowfat, Greek, Mixed Berry",$1.99,,,7 fl oz,[],,"https://www.instacart.com/image-server/197x197/filters:fill(FFF,true):format(jpg)/d2lnr5mha7bycj.cloudfront.net/product-image/file/large_2e9d49f6-ba6e-48f2-8472-821c1f2e3679.jpg,"
ALDI,Friendly Farms Lowfat Peach Yogurt,$0.65,,,6 oz,[],Many in stock,"https://www.instacart.com/image-server/197x197/filters:fill(FFF,true):format(jpg)/d2lnr5mha7bycj.cloudfront.net/product-image/file/large_f2ff65bf-df21-4558-88da-b5c5e05dbb47.jpg,"
ALDI,Friendly Farms Lowfat Strawberry Banana Yogurt,$0.65,,,6 oz,[],,"https://www.instacart.com/image-server/197x197/filters:fill(FFF,true):format(jpg)/d2lnr5mha7bycj.cloudfront.net/product-image/file/large_ba2f2c7c-847d-41e7-bec0-1945bf5d3939.jpg,"
ALDI,Friendly Farms Nonfat Black Cherry on the Bottom Greek Yogurt,$0.69,,,5.3 oz,[],Many in stock,"https://www.instacart.com/image-server/197x197/filters:fill(FFF,true):format(jpg)/d2lnr5mha7bycj.cloudfront.net/product-image/file/large_8ae0b464-72d9-46e7-8697-a2c88470d28f.jpg,"
ALDI,Friendly Farms Whole Milk Key Lime Greek Yogurt,$0.69,,,5.3 oz,[],Many in stock,"https://www.instacart.com/image-server/197x197/filters:fill(FFF,true):format(jpg)/d2lnr5mha7bycj.cloudfront.net/product-image/file/large_4b93deb9-7393-4669-b498-451cd8b5ccf9.jpg,"
ALDI,Friendly Farms Protein Mixed Berry Greek Yogurt 4-pack,$3.95,,,4 x 5.3 oz,[],,"https://www.instacart.com/image-server/197x197/filters:fill(FFF,true):format(jpg)/d2lnr5mha7bycj.cloudfront.net/product-image/file/large_2792ec40-f251-4099-929b-5625c07f5e42.jpg,"
ALDI,Friendly Farms Lowfat Blueberry Yogurt,$0.65,,,6 oz,[],Many in stock,"https://www.instacart.com/image-server/197x197/filters:fill(FFF,true):format(jpg)/d2lnr5mha7bycj.cloudfront.net/product-image/file/large_2bce7768-0ed9-4e05-b442-0ebd7aa11e40.jpg,"
ALDI,Friendly Farms Whole Milk Toasted Coconut Vanilla Greek Yogurt,$0.69,,,5.3 oz,[],Many in stock,"https://www.instacart.com/image-server/197x197/filters:fill(FFF,true):format(jpg)/d2lnr5mha7bycj.cloudfront.net/product-image/file/large_9c6476b8-9078-4259-a735-1850cb9d8e98.jpg,"
ALDI,"Chobani Yogurt Drink, Greek, Lowfat, Strawberry Banana",$1.99,,,7 fl oz,[],,"https://www.instacart.com/image-server/197x197/filters:fill(FFF,true):format(jpg)/d2lnr5mha7bycj.cloudfront.net/product-image/file/large_8a58a115-ab26-4f24-a41e-583b65b72dea.jpg,"
ALDI,Friendly Farms Nonfat Strawberry on the Bottom Greek Yogurt,$0.69,,,5.3 oz,[],,"https://www.instacart.com/image-server/197x197/filters:fill(FFF,true):format(jpg)/d2lnr5mha7bycj.cloudfront.net/product-image/file/large_c85fb27f-e38b-4277-9542-98b0c4b12ac6.jpg,"
ALDI,Friendly Farms Nonfat Blueberry on the Bottom Greek Yogurt,$0.69,,,5.3 oz,[],,"https://www.instacart.com/image-server/197x197/filters:fill(FFF,true):format(jpg)/d2lnr5mha7bycj.cloudfront.net/product-image/file/large_db9aab7e-fe9a-44e7-9c01-a94fc4897f97.jpg,"
ALDI,Friendly Farms 100 Calorie Blueberry Greek Yogurt,$0.69,,,5.3 oz,[],Many in stock,"https://www.instacart.com/image-server/197x197/filters:fill(FFF,true):format(jpg)/d2lnr5mha7bycj.cloudfront.net/product-image/file/large_dbf63ff1-0ebc-4923-a68f-2eb369509c11.jpg,"
ALDI,Friendly Farms Lowfat Cherry Yogurt,$0.65,,,6 oz,[],,"https://www.instacart.com/image-server/197x197/filters:fill(FFF,true):format(jpg)/d2lnr5mha7bycj.cloudfront.net/product-image/file/large_34ef78d4-3ade-4c75-bccb-009ef341ea82.jpg,"
ALDI,Friendly Farms Nonfat Raspberry on the Bottom Greek Yogurt,$0.69,,,5.3 oz,[],,"https://www.instacart.com/image-server/197x197/filters:fill(FFF,true):format(jpg)/d2lnr5mha7bycj.cloudfront.net/product-image/file/large_0e1db175-2664-43ee-a007-1d24d2116d72.jpg,"
ALDI,Friendly Farms Nonfat Strawberry Greek Yogurt,$3.85,,,32 oz,[],,"https://www.instacart.com/image-server/197x197/filters:fill(FFF,true):format(jpg)/d2lnr5mha7bycj.cloudfront.net/product-image/file/large_8a32a3c0-ad88-4d79-ad0f-5ebde4c96083.jpg,"
ALDI,Friendly Farms Nonfat Vanilla Yogurt,$2.49,,,32 oz,[],,"https://www.instacart.com/image-server/197x197/filters:fill(FFF,true):format(jpg)/d2lnr5mha7bycj.cloudfront.net/product-image/file/large_24d7f52c-cf10-4fc6-9c0f-a03b27ccf4db.jpg,"
ALDI,Simply Nature Organic Whole Milk Vanilla Yogurt,$4.19,,,32 oz,['Organic'],Many in stock,"https://www.instacart.com/image-server/197x197/filters:fill(FFF,true):format(jpg)/d2lnr5mha7bycj.cloudfront.net/product-image/file/large_4bcd0736-e0aa-4dc6-8292-12890d42b163.jpg,"
ALDI,Friendly Farms 100 Calorie Strawberry Greek Yogurt,$0.69,,,5.3 oz,[],,"https://www.instacart.com/image-server/197x197/filters:fill(FFF,true):format(jpg)/d2lnr5mha7bycj.cloudfront.net/product-image/file/large_d16e175c-2102-43e3-be2b-ef84cae6cb33.jpg,"
ALDI,Friendly Farms Low Sugar Vanilla Greek Yogurt 4 pk,$4.15,,,5.3 oz,[],Many in stock,"https://www.instacart.com/image-server/197x197/filters:fill(FFF,true):format(jpg)/d2lnr5mha7bycj.cloudfront.net/product-image/file/large_cc927270-ed6f-4fa4-b19c-4eacefa9cd5b.jpg,"
ALDI,Specially Selected Honey Vanilla Indulgent Greek Yogurt,$4.15,,,32 oz,[],Many in stock,"https://www.instacart.com/image-server/197x197/filters:fill(FFF,true):format(jpg)/d2lnr5mha7bycj.cloudfront.net/product-image/file/large_2a353d77-e03d-4c4e-a25b-d9cf8d9d411d.jpg,"
ALDI,Friendly Farms Nonfat Blueberry Yogurt,$0.65,,,6 oz,[],Many in stock,"https://www.instacart.com/image-server/197x197/filters:fill(FFF,true):format(jpg)/d2lnr5mha7bycj.cloudfront.net/product-image/file/large_b656a880-f2e0-4fd4-aaa7-4b55d9a5b362.jpg,"
ALDI,Friendly Farms Lowfat Raspberry Yogurt,$0.65,,,6 oz,[],,"https://www.instacart.com/image-server/197x197/filters:fill(FFF,true):format(jpg)/d2lnr5mha7bycj.cloudfront.net/product-image/file/large_176ce948-4cae-41f3-b754-3aee72b598cd.jpg,"
ALDI,Friendly Farms Low Sugar Strawberry Greek Yogurt 4 pk,$4.15,,,5.3 oz,[],,"https://www.instacart.com/image-server/197x197/filters:fill(FFF,true):format(jpg)/d2lnr5mha7bycj.cloudfront.net/product-image/file/large_79ec25f8-eea8-4109-b6db-966e12331f25.jpg,"
ALDI,Friendly Farms Nonfat Plain Yogurt,$2.49,,,32 oz,[],,"https://www.instacart.com/image-server/197x197/filters:fill(FFF,true):format(jpg)/d2lnr5mha7bycj.cloudfront.net/product-image/file/large_75ba96e2-6159-4825-9e15-575f7e962008.jpg,"
ALDI,"Pillars Drinkable Greek Yogurt, Pre & Probiotics, Mixed Berry",$2.79,,,12 fl oz,['Grass-Fed'],,"https://www.instacart.com/image-server/197x197/filters:fill(FFF,true):format(jpg)/d2lnr5mha7bycj.cloudfront.net/product-image/file/large_fd111e34-4213-4319-824f-00b5def99f41.jpg,"
ALDI,"Pillars Yogurt, Greek, Drinkable, Peach",$2.79,,,12 oz,['Grass-Fed'],,"https://www.instacart.com/image-server/197x197/filters:fill(FFF,true):format(jpg)/d2lnr5mha7bycj.cloudfront.net/product-image/file/large_e6d459b4-1e41-46b6-9811-53356fc96236.jpg,"
ALDI,Friendly Farms Nonfat Peach Yogurt,$0.65,,,6 oz,[],,"https://www.instacart.com/image-server/197x197/filters:fill(FFF,true):format(jpg)/d2lnr5mha7bycj.cloudfront.net/product-image/file/large_5e3b0498-b2e8-490a-8067-fbc4b3aaf3ac.jpg,"
ALDI,Simply Nature Organic Whole Milk Plain Yogurt,$4.19,,,32 oz,['Organic'],,"https://www.instacart.com/image-server/197x197/filters:fill(FFF,true):format(jpg)/d2lnr5mha7bycj.cloudfront.net/product-image/file/large_9a7c63e2-e081-489c-8afe-a9f2a2c1bb37.jpg,"
ALDI,Friendly Farms 100 Calorie Mixed Berry Greek Yogurt,$0.69,,,5.3 oz,[],,"https://www.instacart.com/image-server/197x197/filters:fill(FFF,true):format(jpg)/d2lnr5mha7bycj.cloudfront.net/product-image/file/large_1506ef57-3761-4508-9770-4a23378ee752.jpg,"
ALDI,Lifeway Lowfat Blueberry Kefir,$3.65,,,32 fl oz,[],,"https://www.instacart.com/image-server/197x197/filters:fill(FFF,true):format(jpg)/d2lnr5mha7bycj.cloudfront.net/product-image/file/large_6ff80040-5d3f-4bc2-b3e4-402d1e1131ea.jpg,"
ALDI,80% Lean Ground Beef,$8.18,/pkg (est.),$4.09 / lb,About 2.0 lb / package,[],,"https://www.instacart.com/image-server/197x197/filters:fill(FFF,true):format(jpg)/d2lnr5mha7bycj.cloudfront.net/product-image/file/large_9a45de1a-ed76-466f-be8d-9fe39192823c.jpg,"
ALDI,85% Lean Ground Beef Chub,$4.65,,,16 oz,[],,"https://www.instacart.com/image-server/197x197/filters:fill(FFF,true):format(jpg)/d2lnr5mha7bycj.cloudfront.net/product-image/file/large_578c7695-8612-44ed-948e-c966e955cccf.jpg,"
ALDI,Simply Nature Organic Grass Fed 85/15 Ground Beef,$5.19,,,1 lb,"['Organic', 'Grass-Fed']",,"https://www.instacart.com/image-server/197x197/filters:fill(FFF,true):format(jpg)/d2lnr5mha7bycj.cloudfront.net/product-image/file/large_c33b8d98-d1a3-4bba-bf35-7567207532d9.jpg,"
ALDI,93% Ground Beef,$5.89,/pkg (est.),$5.89 / lb,About 1.0 lb / package,[],,"https://www.instacart.com/image-server/197x197/filters:fill(FFF,true):format(jpg)/d2lnr5mha7bycj.cloudfront.net/product-image/file/large_e843b44d-318a-4a3f-a291-23ed9f855813.jpg,"
ALDI,96% Ground Beef,$6.19,/pkg (est.),$6.19 / lb,About 1.0 lb / package,[],,"https://www.instacart.com/image-server/197x197/filters:fill(FFF,true):format(jpg)/d2lnr5mha7bycj.cloudfront.net/product-image/file/large_032e5618-3327-426f-927a-d893f695dfaa.jpg,"
ALDI,85% Ground Beef,$10.78,each (est.),$4.79 / lb,About 2.25 lb each,[],,"https://www.instacart.com/image-server/197x197/filters:fill(FFF,true):format(jpg)/d2lnr5mha7bycj.cloudfront.net/product-image/file/large_00b8a0a0-53af-4a07-a1e9-04a13b90f0e2.jpg,"
ALDI,90% Ground Sirloin,$10.98,/pkg (est.),$5.49 / lb,About 2.0 lb / package,[],,"https://www.instacart.com/image-server/197x197/filters:fill(FFF,true):format(jpg)/d2lnr5mha7bycj.cloudfront.net/product-image/file/large_9b6633cb-2ebe-4f41-a478-b49fc0f53221.jpg,"
ALDI,Black Angus Choice Beef Stew Meat,$9.16,/pkg (est.),$7.05 / lb,About 1.3 lb / package,[],,"https://www.instacart.com/image-server/197x197/filters:fill(FFF,true):format(jpg)/d2lnr5mha7bycj.cloudfront.net/product-image/file/large_0b36327c-449f-4828-b311-274953b921b2.jpg,"
ALDI,73% Ground Beef,$16.95,/pkg (est.),$3.39 / lb,About 5.0 lb / package,[],,"https://www.instacart.com/image-server/197x197/filters:fill(FFF,true):format(jpg)/d2lnr5mha7bycj.cloudfront.net/product-image/file/large_8ad9e052-0ce4-4477-b317-318c71da49b9.jpg,"
ALDI,Usda Choice Black Angus Choice Chuck Roast,$15.58,/pkg (est.),$6.49 / lb,About 2.4 lb / package,['Roast'],,"https://www.instacart.com/image-server/197x197/filters:fill(FFF,true):format(jpg)/d2lnr5mha7bycj.cloudfront.net/product-image/file/large_b565a6ea-91de-4751-879d-41aa9bea40e0.jpg,"
ALDI,85% Lean 15% Fat Ground Beef Patties,$13.19,,,3 lb,[],Many in stock,"https://www.instacart.com/image-server/197x197/filters:fill(FFF,true):format(jpg)/d2lnr5mha7bycj.cloudfront.net/product-image/file/large_edafdc5a-141b-40f0-8347-cc41b638060d.jpg,"
ALDI,Thin Sliced Ribeye Steak,$15.73,each (est.),$8.99 / lb,About 1.75 lb each,[],,"https://www.instacart.com/image-server/197x197/filters:fill(FFF,true):format(jpg)/d2lnr5mha7bycj.cloudfront.net/product-image/file/large_36548f7d-672d-4e35-8294-dcdacdfac5b6.jpg,"
ALDI,Usda Choice Black Angus USDA Choice Beef Eye of Round Steak,$6.39,/pkg (est.),$6.39 / lb,About 1.0 lb / package,['Round Steak'],,"https://www.instacart.com/image-server/197x197/filters:fill(FFF,true):format(jpg)/d2lnr5mha7bycj.cloudfront.net/product-image/file/large_2580b2da-aead-4810-b5bd-b9a8835d37c5.jpg,"
ALDI,80% Ground Beef Patties,$6.37,/pkg (est.),$4.79 / lb,About 1.33 lb / package,[],,"https://www.instacart.com/image-server/197x197/filters:fill(FFF,true):format(jpg)/d2lnr5mha7bycj.cloudfront.net/product-image/file/large_51276c15-d2d4-43a0-ad9f-81a5ab92b566.jpg,"
ALDI,Black Angus Choice Top Round Steak,$5.66,/pkg (est.),$6.29 / lb,About 0.9 lb / package,['Round Steak'],,"https://www.instacart.com/image-server/197x197/filters:fill(FFF,true):format(jpg)/d2lnr5mha7bycj.cloudfront.net/product-image/file/large_9946c7de-bc5d-490a-aa67-dd320cb76049.jpg,"
ALDI,Old Neighborhood Beef Shaved Steak,$6.05,,,14 oz,['Skirt Steak'],,"https://www.instacart.com/image-server/197x197/filters:fill(FFF,true):format(jpg)/d2lnr5mha7bycj.cloudfront.net/product-image/file/large_b32baaff-9574-4d6c-834c-9ce404d7de5d.png,"
ALDI,Black Angus Choice Beef Top Sirloin Steak,$15.28,/pkg (est.),$8.49 / lb,About 1.8 lb / package,['Sirloin'],,"https://www.instacart.com/image-server/197x197/filters:fill(FFF,true):format(jpg)/d2lnr5mha7bycj.cloudfront.net/product-image/file/large_64e1ed18-e559-4f3b-ac70-79d5113eaa52.jpg,"
ALDI,Black Angus Choice Beef Petite Sirloin Steaks,$11.04,each (est.),$8.49 / lb,About 1.3 lb each,[],,"https://www.instacart.com/image-server/197x197/filters:fill(FFF,true):format(jpg)/d1s8987jlndkbs.cloudfront.net/assets/missing-item-4bbe82b8555e4d1c12626fd482cb2409713e8e30835645ff3650ef66a725d03c.png,"
ALDI,Usda Choice Black Angus Skirt Steak,$14.24,/pkg (est.),$9.49 / lb,About 1.5 lb / package,['Skirt Steak'],,"https://www.instacart.com/image-server/197x197/filters:fill(FFF,true):format(jpg)/d2lnr5mha7bycj.cloudfront.net/product-image/file/large_bb91d9e6-fa9a-4244-a761-cade4f0a73d9.jpg,"
ALDI,75% Lean 25% Fat Ground Beef Patties,$12.09,,,3 lb,[],,"https://www.instacart.com/image-server/197x197/filters:fill(FFF,true):format(jpg)/d2lnr5mha7bycj.cloudfront.net/product-image/file/large_7e7027f6-dc6c-4da2-a12f-6dfc4cce25dd.jpg,"
ALDI,Grass Fed New York Strip Steaks,$17.92,each (est.),$11.49 / lb,About 1.56 lb each,"['Strip Steak', 'Grass-Fed']",,"https://www.instacart.com/image-server/197x197/filters:fill(FFF,true):format(jpg)/d2lnr5mha7bycj.cloudfront.net/product-image/file/large_ebe40d00-8713-43a3-9934-ba88eaf9a709.jpg,"
ALDI,Mild Italian Style Meatballs,$4.39,,,16 oz,[],,"https://www.instacart.com/image-server/197x197/filters:fill(FFF,true):format(jpg)/d2lnr5mha7bycj.cloudfront.net/product-image/file/large_9aa2e4de-cb7f-47a5-8f6c-afb73b13c3a1.jpg,"
ALDI,Simply Nature Organic Grass Fed 93/07 Ground Beef,$6.85,,,1 lb,"['Organic', 'Grass-Fed']",,"https://www.instacart.com/image-server/197x197/filters:fill(FFF,true):format(jpg)/d2lnr5mha7bycj.cloudfront.net/product-image/file/large_80c6db5b-6556-4ad8-b728-038694da75d7.jpg,"
ALDI,USDA Choice Seasoned Chuck Roast,$14.22,each (est.),$6.05 / lb,About 2.35 lb each,['Roast'],,"https://www.instacart.com/image-server/197x197/filters:fill(FFF,true):format(jpg)/d1s8987jlndkbs.cloudfront.net/assets/missing-item-4bbe82b8555e4d1c12626fd482cb2409713e8e30835645ff3650ef66a725d03c.png,"
ALDI,Cattlemen's Ranch Bacon Cheddar Beef Burger Patties,$9.35,,,2 lb,[],Many in stock,"https://www.instacart.com/image-server/197x197/filters:fill(FFF,true):format(jpg)/d2lnr5mha7bycj.cloudfront.net/product-image/file/large_b63924ef-9b57-48b9-823b-977f3e5077f7.jpg,"
ALDI,Cattlemen's Ranch Bacon Wrapped Beef Chuck Tender Filet Twin Pack,$7.15,,,10 oz,[],,"https://www.instacart.com/image-server/197x197/filters:fill(FFF,true):format(jpg)/d1s8987jlndkbs.cloudfront.net/assets/missing-item-4bbe82b8555e4d1c12626fd482cb2409713e8e30835645ff3650ef66a725d03c.png,"
ALDI,Cattlemen's Ranch Choice Flat Cut Corned Beef Brisket,$11.97,/pkg (est.),$3.99 / lb,About 3.0 lb / package,['Roast'],,"https://www.instacart.com/image-server/197x197/filters:fill(FFF,true):format(jpg)/d2lnr5mha7bycj.cloudfront.net/product-image/file/large_e8afd922-8abf-4e00-b598-590dd6e78e60.jpg,"
ALDI,Usda Choice Black Angus Choice Ribeye Steak,$12.94,/pkg (est.),$13.99 / lb,About 0.93 lb / package,[],,"https://www.instacart.com/image-server/197x197/filters:fill(FFF,true):format(jpg)/d2lnr5mha7bycj.cloudfront.net/product-image/file/large_954ebff5-0a3f-48a2-8ce4-e7737019fbe7.jpg,"
ALDI,Usda Choice Black Angus Choice Beef Strip Steak,$9.59,/pkg (est.),$11.99 / lb,About 0.8 lb / package,['Strip Steak'],,"https://www.instacart.com/image-server/197x197/filters:fill(FFF,true):format(jpg)/d2lnr5mha7bycj.cloudfront.net/product-image/file/large_2b7e5063-43ba-4b50-8652-5f24f77cbe42.jpg,"
ALDI,Black Angus Choice Beef Cubed Steak,$9.30,/pkg (est.),$6.99 / lb,About 1.33 lb / package,[],,"https://www.instacart.com/image-server/197x197/filters:fill(FFF,true):format(jpg)/d2lnr5mha7bycj.cloudfront.net/product-image/file/large_b45e2bef-de43-4438-94bc-90ce7f0edac7.jpg,"
ALDI,Kirkwood Rotisserie Turkey Tenderloin,$7.69,,,30 oz,['Roast'],Likely out of stock,"https://www.instacart.com/image-server/197x197/filters:fill(FFF,true):format(jpg)/d2lnr5mha7bycj.cloudfront.net/product-image/file/large_0142e099-7387-45b9-9d08-6c3ff4fa4474.jpg,"
ALDI,Bremer Chicken Pot Pie,$1.09,,,7 oz,[],Many in stock,"https://www.instacart.com/image-server/197x197/filters:fill(FFF,true):format(jpg)/d2lnr5mha7bycj.cloudfront.net/product-image/file/large_2592441f-e74b-4f61-9875-bce100be9a3f.jpg,"
ALDI,Mama Cozzi's Pizza Kitchen Pepperoni French Bread Pizza,$3.29,,,11.25 oz,[],Many in stock,"https://www.instacart.com/image-server/197x197/filters:fill(FFF,true):format(jpg)/d2lnr5mha7bycj.cloudfront.net/product-image/file/large_167180d3-a39b-4958-8a10-0ed546ce101e.jpg,"
ALDI,Casa Mamita Beef and Bean Burritos,$4.19,,,32 oz,[],Many in stock,"https://www.instacart.com/image-server/197x197/filters:fill(FFF,true):format(jpg)/d2lnr5mha7bycj.cloudfront.net/product-image/file/large_8a157932-8085-4520-9318-d01990cb7a5d.jpg,"
ALDI,"Bremer Garlic Chicken Pasta In A Garlic Sauce With Broccoli, Carrots, Corn And Seasoned White Meat Chicken",$4.65,,,21 oz,[],,"https://www.instacart.com/image-server/197x197/filters:fill(FFF,true):format(jpg)/d2lnr5mha7bycj.cloudfront.net/product-image/file/large_06c53ff4-99b8-4c15-aa78-116c9c8fd74a.jpg,"
ALDI,Bremer Potato And Cheddar Pierogies,$2.99,,,16 oz,[],,"https://www.instacart.com/image-server/197x197/filters:fill(FFF,true):format(jpg)/d2lnr5mha7bycj.cloudfront.net/product-image/file/large_d56b5dd5-2d4a-49ec-afd0-c7edb06d78e2.jpg,"
ALDI,Whole & Simple Mediterranean Chicken Quinoa Bowl,$3.45,,,10.5 oz,[],Many in stock,"https://www.instacart.com/image-server/197x197/filters:fill(FFF,true):format(jpg)/d2lnr5mha7bycj.cloudfront.net/product-image/file/large_5e508241-8a96-47f6-aa26-a4424f58e75e.jpg,"
ALDI,Whole & Simple Southwestern Style Chicken Quinoa Bowl,$3.45,,,10.5 oz,[],Many in stock,"https://www.instacart.com/image-server/197x197/filters:fill(FFF,true):format(jpg)/d2lnr5mha7bycj.cloudfront.net/product-image/file/large_764e0799-d6bf-46bc-b721-455593288a6a.jpg,"
ALDI,Bremer Lasagna with Meat Sauce,$7.15,,,38 oz,[],Many in stock,"https://www.instacart.com/image-server/197x197/filters:fill(FFF,true):format(jpg)/d2lnr5mha7bycj.cloudfront.net/product-image/file/large_19a3d6d8-973d-4e5e-9aa3-2489e92b91ab.jpg,"
ALDI,Bremer Chicken Pita Melt,$5.49,,,15 oz,[],,"https://www.instacart.com/image-server/197x197/filters:fill(FFF,true):format(jpg)/d2lnr5mha7bycj.cloudfront.net/product-image/file/large_d5f5d0d4-1269-482d-b715-bc28e9031981.jpg,"
ALDI,Bremer Alfredo Chicken Skillet,$4.65,,,21 oz,[],,"https://www.instacart.com/image-server/197x197/filters:fill(FFF,true):format(jpg)/d2lnr5mha7bycj.cloudfront.net/product-image/file/large_ebb203f8-d034-4e29-85d4-aa98c0071267.jpg,"
ALDI,Mama Cozzi's Pizza Kitchen Original Thin Crust Cheese Pizza,$3.25,,,13.8 oz,[],,"https://www.instacart.com/image-server/197x197/filters:fill(FFF,true):format(jpg)/d2lnr5mha7bycj.cloudfront.net/product-image/file/large_a6815e79-a7e5-4eff-818f-9cdcdfa20006.jpg,"
ALDI,Casa Mamita Beef Chimichangas,$1.35,,,5 oz,[],Many in stock,"https://www.instacart.com/image-server/197x197/filters:fill(FFF,true):format(jpg)/d2lnr5mha7bycj.cloudfront.net/product-image/file/large_4d0f0e4c-18f6-47a3-876a-574b41f6983c.jpg,"
ALDI,Fusia Chicken Fried Rice,$5.95,,,22 oz,[],Many in stock,"https://www.instacart.com/image-server/197x197/filters:fill(FFF,true):format(jpg)/d2lnr5mha7bycj.cloudfront.net/product-image/file/large_e3cd53d3-2625-41eb-b08d-4ed415ab01d8.jpg,"
ALDI,Whole & Simple Chicken Cilantro Lime Burritos,$8.25,,,16 oz,[],,"https://www.instacart.com/image-server/197x197/filters:fill(FFF,true):format(jpg)/d2lnr5mha7bycj.cloudfront.net/product-image/file/large_832a0c73-f602-4000-a879-1d27fbdf7007.jpg,"
ALDI,Fusia Chicken Lo Mein,$5.95,,,20 oz,[],,"https://www.instacart.com/image-server/197x197/filters:fill(FFF,true):format(jpg)/d2lnr5mha7bycj.cloudfront.net/product-image/file/large_f6e78f01-2ae6-40f0-953c-f625df61be26.jpg,"
ALDI,"White Castle Sliders, Classic Cheese",$15.65,,,16 ct,[],Many in stock,"https://www.instacart.com/image-server/197x197/filters:fill(FFF,true):format(jpg)/d2lnr5mha7bycj.cloudfront.net/product-image/file/large_28cefa2b-09eb-45c6-bb2a-32c95c6c0059.jpg,"
ALDI,Mama Cozzi's Pizza Kitchen Original Thin Crust Supreme Pizza,$3.25,,,15.8 oz,[],,"https://www.instacart.com/image-server/197x197/filters:fill(FFF,true):format(jpg)/d2lnr5mha7bycj.cloudfront.net/product-image/file/large_6d2820ca-64cb-461e-b890-cc6622925acd.jpg,"
ALDI,Mama Cozzi's Pizza Kitchen Pepperoni Pizza Bagels,$6.89,,,28 oz,[],,"https://www.instacart.com/image-server/197x197/filters:fill(FFF,true):format(jpg)/d2lnr5mha7bycj.cloudfront.net/product-image/file/large_12b0a768-5076-48d4-b456-fa8baa83484a.jpg,"
ALDI,Season's Choice Broccoli Bake,$1.95,,,24 oz,[],,"https://www.instacart.com/image-server/197x197/filters:fill(FFF,true):format(jpg)/d2lnr5mha7bycj.cloudfront.net/product-image/file/large_483d69e0-c5c5-41d8-84ef-c12814532250.jpg,"
ALDI,Priano Spinach & Cheese Manicotti,$5.49,,,19 oz,[],,"https://www.instacart.com/image-server/197x197/filters:fill(FFF,true):format(jpg)/d2lnr5mha7bycj.cloudfront.net/product-image/file/large_8845be90-2d55-42d3-b3f2-4d41931e14c5.jpg,"
ALDI,Mama Cozzi's Pizza Kitchen Original Thin Meat Lover's Pizza,$3.25,,,14.4 oz,[],,"https://www.instacart.com/image-server/197x197/filters:fill(FFF,true):format(jpg)/d2lnr5mha7bycj.cloudfront.net/product-image/file/large_96411b8f-1eaa-4ee4-83d7-e4d6a250e919.jpg,"
ALDI,Mama Cozzi's Pizza Kitchen Pepperoni Cheese Stuffed Crust Pizza,$7.69,,,31.9 oz,[],,"https://www.instacart.com/image-server/197x197/filters:fill(FFF,true):format(jpg)/d2lnr5mha7bycj.cloudfront.net/product-image/file/large_846eb059-ceb0-46bf-9df9-d9ef74455349.jpg,"
ALDI,Mama Cozzi's Pizza Kitchen Original Thin Crust Sausage,$3.25,,,14.9 oz,[],,"https://www.instacart.com/image-server/197x197/filters:fill(FFF,true):format(jpg)/d2lnr5mha7bycj.cloudfront.net/product-image/file/large_6e288d58-07cb-483b-bd67-047adf7fba02.jpg,"
ALDI,Mama Cozzi's Pizza Kitchen Stuffed Crust Chicken Bacon Ranch Pizza,$7.69,,,30.25 oz,[],,"https://www.instacart.com/image-server/197x197/filters:fill(FFF,true):format(jpg)/d2lnr5mha7bycj.cloudfront.net/product-image/file/large_87f4aa60-5fea-4f9b-b60a-50c46f18d8cd.jpg,"
ALDI,"Mama Cozzi's Pizza Kitchen Three Meat Pepperoni, Sausage, Beef Topping Pepperoni Made With Pork, Chicken & Beef, Sausage Made With Pork & Chicken Cheese Stuffed Crust Pizza",$7.69,,,31.9 oz,[],,"https://www.instacart.com/image-server/197x197/filters:fill(FFF,true):format(jpg)/d2lnr5mha7bycj.cloudfront.net/product-image/file/large_81263494-fc92-465b-b35a-a809608738e6.jpg,"
ALDI,Mama Cozzi's Pizza Kitchen Cheese Rising Crust Pizza,$4.85,,,27.85 oz,[],Many in stock,"https://www.instacart.com/image-server/197x197/filters:fill(FFF,true):format(jpg)/d2lnr5mha7bycj.cloudfront.net/product-image/file/large_2284254a-5e23-4576-999c-2ebbdad2d311.jpg,"
ALDI,Fusia Shrimp & Avocado Roll,$5.49,,,11.5 oz,[],,"https://www.instacart.com/image-server/197x197/filters:fill(FFF,true):format(jpg)/d1s8987jlndkbs.cloudfront.net/assets/missing-item-4bbe82b8555e4d1c12626fd482cb2409713e8e30835645ff3650ef66a725d03c.png,"
ALDI,"Mama Cozzi's Pizza Kitchen Three Cheese Cauliflower Crust Pizza With Tomato Sauce, Oregano & Garlic",$5.95,,,11.64 oz,['Gluten-Free'],Many in stock,"https://www.instacart.com/image-server/197x197/filters:fill(FFF,true):format(jpg)/d2lnr5mha7bycj.cloudfront.net/product-image/file/large_cec095d1-dd3e-48d5-848a-689dea11db45.jpg,"
ALDI,Mama Cozzi's Pizza Kitchen Pepperoni Rising Crust Pizza,$4.85,,,29.75 oz,[],,"https://www.instacart.com/image-server/197x197/filters:fill(FFF,true):format(jpg)/d2lnr5mha7bycj.cloudfront.net/product-image/file/large_a22f1e80-d8fc-463b-b7ab-082f52adceb6.jpg,"
ALDI,Fusia Cream Cheese Wontons,$3.69,,,6 oz,[],,"https://www.instacart.com/image-server/197x197/filters:fill(FFF,true):format(jpg)/d2lnr5mha7bycj.cloudfront.net/product-image/file/large_5b4a901a-67e5-400f-a080-bc44303d7173.jpg,"
ALDI,Mama Cozzi's Pizza Kitchen Stuffed Crust Cheese Pizza,$7.69,,,30.4 oz,[],,"https://www.instacart.com/image-server/197x197/filters:fill(FFF,true):format(jpg)/d2lnr5mha7bycj.cloudfront.net/product-image/file/large_d9a07882-4141-41db-b848-3d72c0bbcb56.jpg,"
ALDI,"Mama Cozzi's Pizza Kitchen 12"" Cauliflower Crust Deli Pepperoni Pizza",$8.79,,,17 oz,[],,"https://www.instacart.com/image-server/197x197/filters:fill(FFF,true):format(jpg)/d2lnr5mha7bycj.cloudfront.net/product-image/file/large_cbdb7bba-6ea1-4c3e-9ac9-8add96df15cd.jpg,"
ALDI,Casa Mamita Bean and Cheese Burritos,$4.19,,,32 oz,[],,"https://www.instacart.com/image-server/197x197/filters:fill(FFF,true):format(jpg)/d2lnr5mha7bycj.cloudfront.net/product-image/file/large_85e0690f-a3bf-43f7-ba10-9232e04f0c2f.jpg,"
ALDI,Mama Cozzi's Pizza Kitchen Cheese Deli Pizza,$6.79,,,16 in,[],,"https://www.instacart.com/image-server/197x197/filters:fill(FFF,true):format(jpg)/d1s8987jlndkbs.cloudfront.net/assets/missing-item-4bbe82b8555e4d1c12626fd482cb2409713e8e30835645ff3650ef66a725d03c.png,"
ALDI,"Mama Cozzi's Pizza Kitchen 12"" Veggie Cauliflower Crust Deli Pizza",$8.79,,,17.6 oz,[],,"https://www.instacart.com/image-server/197x197/filters:fill(FFF,true):format(jpg)/d2lnr5mha7bycj.cloudfront.net/product-image/file/large_541d1502-d302-4ba3-b149-f4ca73e2e363.jpg,"
ALDI,Giovanni Rana Signature Meal Kit Chicken Alfredo,$15.39,,,39 oz,[],,"https://www.instacart.com/image-server/197x197/filters:fill(FFF,true):format(jpg)/d2lnr5mha7bycj.cloudfront.net/product-image/file/large_ededdcd1-a8c1-4439-a194-f7f21378b2e4.jpg,"
ALDI,Mama Cozzi's Pizza Kitchen Pepperoni Deli Calzone,$2.65,,,7 oz,[],,"https://www.instacart.com/image-server/197x197/filters:fill(FFF,true):format(jpg)/d2lnr5mha7bycj.cloudfront.net/product-image/file/large_f1900960-7106-433d-963f-8179799901d7.jpg,"
ALDI,Mama Cozzi's Pizza Kitchen Knuckle Docked Pepperoni Pizza,$4.89,,,21.71 oz,[],,"https://www.instacart.com/image-server/197x197/filters:fill(FFF,true):format(jpg)/d2lnr5mha7bycj.cloudfront.net/product-image/file/large_670195a4-72b1-420d-be2d-0134d10b6f8c.jpg,"
ALDI,Mama Cozzi's Pizza Kitchen Pepperoni & Mozzarella Flatbread,$5.25,,,13.1 oz,[],,"https://www.instacart.com/image-server/197x197/filters:fill(FFF,true):format(jpg)/d2lnr5mha7bycj.cloudfront.net/product-image/file/large_54e150f8-c02d-4f4b-af73-e2454222885f.jpg,"
