Store,Item Name,Price,Units,Unit Price,Amount,Tags,In Stock,Image
BJsWholesaleClub,Banana,$1.89,,,3 lb bunch,[],,"https://www.instacart.com/image-server/197x197/filters:fill(FFF,true):format(jpg)/d2lnr5mha7bycj.cloudfront.net/product-image/file/large_d931d80b-3a93-48bb-976a-4c7bbe65c6cf.jpeg,"
BJsWholesaleClub,"Wellsley Farms Purified Water, 40 pk./16.9 oz.",$5.09,,,40 x 16.9 fl oz,[],Many in stock,"https://www.instacart.com/image-server/197x197/filters:fill(FFF,true):format(jpg)/d2lnr5mha7bycj.cloudfront.net/product-image/file/large_795b05a5-666c-48a9-8f91-31bdeab53a20.jpeg,"
BJsWholesaleClub,Wellsley Farms Grade A Extra Large White Eggs,$11.49,,,2 ct,[],Many in stock,"https://www.instacart.com/image-server/197x197/filters:fill(FFF,true):format(jpg)/d2lnr5mha7bycj.cloudfront.net/product-image/file/large_7fd876e4-131e-451c-9cab-f847e8072acf.jpeg,"
BJsWholesaleClub,"Freshpet Dog Food, Slice & Serve Roll, Tender Chicken Recipe",$20.39,,,6 lb,[],,"https://www.instacart.com/image-server/197x197/filters:fill(FFF,true):format(jpg)/d2lnr5mha7bycj.cloudfront.net/product-image/file/large_5a556fb9-471b-45d3-b7a0-613eeed8300d.jpeg,"
BJsWholesaleClub,"Downy Light Laundry Scent Booster Beads for Washer, Ocean Mist, No Heavy Perfumes",$22.89,,,34 oz,['Ocean'],Many in stock,"https://www.instacart.com/image-server/197x197/filters:fill(FFF,true):format(jpg)/d2lnr5mha7bycj.cloudfront.net/product-image/file/large_a9293c23-3e67-4f37-ba28-ae76799c1582.jpeg,"
BJsWholesaleClub,"Wellsley Farms Farms Whole Milk,",$4.09,,,1 gal,[],,"https://www.instacart.com/image-server/197x197/filters:fill(FFF,true):format(jpg)/d2lnr5mha7bycj.cloudfront.net/product-image/file/large_61c5b81c-2cf0-44e9-a9bc-52b414818873.jpeg,"
BJsWholesaleClub,Berkley Jensen Strong And Absorbent Towels Big Rolls,$20.39,,,12 each,[],Many in stock,"https://www.instacart.com/image-server/197x197/filters:fill(FFF,true):format(jpg)/d2lnr5mha7bycj.cloudfront.net/product-image/file/large_e7f0bc47-0f73-40e3-b276-786d3474eace.jpeg,"
BJsWholesaleClub,Wellsley Farms Cinnamon French Toast Sticks,$12.69,,,56 oz,[],Many in stock,"https://www.instacart.com/image-server/197x197/filters:fill(FFF,true):format(jpg)/d2lnr5mha7bycj.cloudfront.net/product-image/file/large_5265cba5-888a-43ec-b1bf-eedb720803a5.jpeg,"
BJsWholesaleClub,"Nabisco Cookies, 60 Packs",$20.39,,,60 each,[],Many in stock,"https://www.instacart.com/image-server/197x197/filters:fill(FFF,true):format(jpg)/d2lnr5mha7bycj.cloudfront.net/product-image/file/large_980ce51e-037b-4bd6-979d-e2060efae61f.jpeg,"
BJsWholesaleClub,"Crest 3D White Ultra Teeth Whitening Toothpaste, Vivid Mint",$20.39,,,26 oz,['Whitening'],,"https://www.instacart.com/image-server/197x197/filters:fill(FFF,true):format(jpg)/d2lnr5mha7bycj.cloudfront.net/product-image/file/large_effb4dc2-ed13-49ef-9c46-7bc1775e1556.jpeg,"
BJsWholesaleClub,"Wellsley Farms Chocolate Chunk Cookies, 37 oz.",$12.69,,,24 x 1.5 oz,[],,"https://www.instacart.com/image-server/197x197/filters:fill(FFF,true):format(jpg)/d2lnr5mha7bycj.cloudfront.net/product-image/file/large_b2735a19-ee00-4913-8706-c5d8b0e49ff7.jpeg,"
BJsWholesaleClub,King's Hawaiian Original Hawaiian Sweet Rolls,$8.39,,,2 x 16 oz,[],,"https://www.instacart.com/image-server/197x197/filters:fill(FFF,true):format(jpg)/d2lnr5mha7bycj.cloudfront.net/product-image/file/large_ba141fee-6a2d-462e-bf6e-f6ff1bc7c697.jpeg,"
BJsWholesaleClub,"Frito Lay Classic Mix, Variety Pack",$26.69,,,50 each,[],Many in stock,"https://www.instacart.com/image-server/197x197/filters:fill(FFF,true):format(jpg)/d2lnr5mha7bycj.cloudfront.net/product-image/file/large_6712696c-c534-4db9-aa73-fe9a90e08ccd.jpeg,"
BJsWholesaleClub,"Downy Ultra Concentrated Liquid Fabric Conditioner (Fabric Softener), April Fresh",$17.79,,,170 fl oz,['Fresh'],,"https://www.instacart.com/image-server/197x197/filters:fill(FFF,true):format(jpg)/d2lnr5mha7bycj.cloudfront.net/product-image/file/large_2b73b196-7418-4163-8ed6-1d11348e04c6.jpeg,"
BJsWholesaleClub,smartwater Vapor Distilled Premium Water Bottles,$24.19,,,15 x 33.8 fl oz,[],,"https://www.instacart.com/image-server/197x197/filters:fill(FFF,true):format(jpg)/d2lnr5mha7bycj.cloudfront.net/product-image/file/large_a10f1f7d-270f-4a89-9e7b-d94f6b1a897f.jpeg,"
BJsWholesaleClub,Wellsley Farms All Natural Salted Butter,$17.79,,,1 lb,[],Many in stock,"https://www.instacart.com/image-server/197x197/filters:fill(FFF,true):format(jpg)/d2lnr5mha7bycj.cloudfront.net/product-image/file/large_9ab2fa62-7ac0-4844-b861-768708f7c1d2.jpeg,"
BJsWholesaleClub,Berkley Jensen Red Plastic Cups 18 Ounce,$14.59,,,240,[],Many in stock,"https://www.instacart.com/image-server/197x197/filters:fill(FFF,true):format(jpg)/d2lnr5mha7bycj.cloudfront.net/product-image/file/large_262a447b-2e32-4f30-8c47-593df374117d.jpeg,"
BJsWholesaleClub,Wellsley Farms Large Butter Croissant 12 PK,$7.69,,,1 ct,[],,"https://www.instacart.com/image-server/197x197/filters:fill(FFF,true):format(jpg)/d2lnr5mha7bycj.cloudfront.net/product-image/file/large_afdbde87-dc7e-4515-b1b4-88d1fd3a2f31.jpeg,"
BJsWholesaleClub,Pampers Swaddlers Diaper Size 6,$62.29,,,112 ct,['Size 6'],,"https://www.instacart.com/image-server/197x197/filters:fill(FFF,true):format(jpg)/d2lnr5mha7bycj.cloudfront.net/product-image/file/large_aa4afb4f-8540-4723-afcf-054068863a7c.jpeg,"
BJsWholesaleClub,"Oral-B Cross Action Supeior Clean + Whitening Manual Toothbrushes, Soft",$21.59,,,8 ct,[],,"https://www.instacart.com/image-server/197x197/filters:fill(FFF,true):format(jpg)/d2lnr5mha7bycj.cloudfront.net/product-image/file/large_a6b88515-9ca4-4bd4-9a34-966c01e6b3f6.jpeg,"
BJsWholesaleClub,Berkley Jensen Half Size Steam Table Pans,$13.39,,,30 ct,[],Many in stock,"https://www.instacart.com/image-server/197x197/filters:fill(FFF,true):format(jpg)/d2lnr5mha7bycj.cloudfront.net/product-image/file/large_066e625b-dc63-4736-a561-a13998a057b6.jpeg,"
BJsWholesaleClub,"Dawn Platinum Dishwashing Liquid Dish Soap, Refreshing Rain Scent",$15.29,,,90 fl oz,[],,"https://www.instacart.com/image-server/197x197/filters:fill(FFF,true):format(jpg)/d2lnr5mha7bycj.cloudfront.net/product-image/file/large_680df1c6-bf5a-4761-bd11-3929a8fa3fd5.jpeg,"
BJsWholesaleClub,Wellsley Farms Heavy Whipping Cream,$6.39,,,1 qt,[],,"https://www.instacart.com/image-server/197x197/filters:fill(FFF,true):format(jpg)/d2lnr5mha7bycj.cloudfront.net/product-image/file/large_47dc70f7-751a-45c9-a469-5120845c908b.jpeg,"
BJsWholesaleClub,Stonyfield Organic Kids Lowfat Yogurt Variety Pack,$13.99,,,8 x 3.5 oz,['Organic'],Many in stock,"https://www.instacart.com/image-server/197x197/filters:fill(FFF,true):format(jpg)/d2lnr5mha7bycj.cloudfront.net/product-image/file/large_e14e98d9-9a82-4a93-ad54-eb7c30b671c1.jpeg,"
BJsWholesaleClub,Hellmann's Mayonnaise Real Mayonnaise,$12.69,,,2 x 25 fl oz,[],Many in stock,"https://www.instacart.com/image-server/197x197/filters:fill(FFF,true):format(jpg)/d2lnr5mha7bycj.cloudfront.net/product-image/file/large_8525c5ba-af39-4318-acef-82f22cb44817.jpeg,"
BJsWholesaleClub,Coca-Cola Soda,$23.89,,,35 x 12 fl oz • 3 options,[],,"https://www.instacart.com/image-server/197x197/filters:fill(FFF,true):format(jpg)/d2lnr5mha7bycj.cloudfront.net/product-image/file/large_1c14b7ab-4aad-4ef9-ba1e-c6b8cbe1dbaf.jpeg,"
BJsWholesaleClub,Island Way Sorbet Hand Made Fruit Sorbet Variety Pack,$16.49,,,10 ct,[],Many in stock,"https://www.instacart.com/image-server/197x197/filters:fill(FFF,true):format(jpg)/d2lnr5mha7bycj.cloudfront.net/product-image/file/large_820d27fc-6765-4da4-bc41-58add2881da2.jpeg,"
BJsWholesaleClub,Wellsley Farms Green Peppers,$4.49,,,26 oz,[],Many in stock,"https://www.instacart.com/image-server/197x197/filters:fill(FFF,true):format(jpg)/d2lnr5mha7bycj.cloudfront.net/product-image/file/large_f93b1620-85ee-48cd-a9ed-81c8a004c22a.jpeg,"
BJsWholesaleClub,"Cascade Complete Gel + Oxi, Dishwasher Detergent",$14.59,,,125 oz,[],,"https://www.instacart.com/image-server/197x197/filters:fill(FFF,true):format(jpg)/d2lnr5mha7bycj.cloudfront.net/product-image/file/large_7f52cfb5-9bca-4f4d-8396-a676c3bacdcc.jpeg,"
BJsWholesaleClub,Wellsley Farms Granulated Pure Cane Sugar,$9.69,,,10 lb,['Gluten-Free'],Many in stock,"https://www.instacart.com/image-server/197x197/filters:fill(FFF,true):format(jpg)/d2lnr5mha7bycj.cloudfront.net/product-image/file/large_01b4bbe7-d2c7-4d0d-a27c-df3e3aed146a.jpeg,"
BJsWholesaleClub,Berkley Jensen Ultra Strong Paper Towel,$25.39,,,12 ct,[],Many in stock,"https://www.instacart.com/image-server/197x197/filters:fill(FFF,true):format(jpg)/d2lnr5mha7bycj.cloudfront.net/product-image/file/large_69b60193-3d59-491e-87bb-d3e311ec1403.jpeg,"
BJsWholesaleClub,Wellsley Farms Chicken Nuggets,$15.89,,,80 oz,[],Many in stock,"https://www.instacart.com/image-server/197x197/filters:fill(FFF,true):format(jpg)/d2lnr5mha7bycj.cloudfront.net/product-image/file/large_97770783-75f2-486a-b8de-47aa5a451df2.jpeg,"
BJsWholesaleClub,SKIPPY Creamy Peanut Butter Twin-Pack,$13.99,,,2 x 48 oz,[],Many in stock,"https://www.instacart.com/image-server/197x197/filters:fill(FFF,true):format(jpg)/d2lnr5mha7bycj.cloudfront.net/product-image/file/large_b3807218-a0c0-4a4b-83b3-5cbb8227ad1c.jpeg,"
BJsWholesaleClub,Meiji Chocolate Crème Center with a Crunchy Cookie Shell,$13.99,,,30 x 0.75 oz,[],,"https://www.instacart.com/image-server/197x197/filters:fill(FFF,true):format(jpg)/d2lnr5mha7bycj.cloudfront.net/product-image/file/large_5b787d5e-85b1-427f-9b43-7959eeb2896d.jpg,"
BJsWholesaleClub,Smucker's Uncrustables Uncrustables Peanut Butter & Grape Jelly Sandwich,$17.79,,,18 ct,[],,"https://www.instacart.com/image-server/197x197/filters:fill(FFF,true):format(jpg)/d2lnr5mha7bycj.cloudfront.net/product-image/file/large_9b2d36e0-0097-4800-8411-550ffe5d4ae4.jpeg,"
BJsWholesaleClub,"Scott 1100 Toilet Paper, Septic-Safe, Toilet Tissue",$34.29,,,36 ct,[],Many in stock,"https://www.instacart.com/image-server/197x197/filters:fill(FFF,true):format(jpg)/d2lnr5mha7bycj.cloudfront.net/product-image/file/large_873a269e-c553-446d-9e3b-5261f4e3abf9.jpeg,"
BJsWholesaleClub,Cinnamon Toast Crunch Breakfast Cereal,$10.19,,,49.5 oz,['Whole Grain'],,"https://www.instacart.com/image-server/197x197/filters:fill(FFF,true):format(jpg)/d2lnr5mha7bycj.cloudfront.net/product-image/file/large_7586c19e-52a8-4663-bd7b-407fc9ea0b86.jpeg,"
BJsWholesaleClub,"Vita Coco Coconut Water, Pure",$26.69,,,18 x 11.1 fl oz,[],,"https://www.instacart.com/image-server/197x197/filters:fill(FFF,true):format(jpg)/d2lnr5mha7bycj.cloudfront.net/product-image/file/large_cf676104-858a-4331-ae63-f5654c632be6.jpeg,"
BJsWholesaleClub,Yoplait Go-GURT Strawberry & Berry Kids Yogurt Tubes,$8.29,,,64 oz,[],,"https://www.instacart.com/image-server/197x197/filters:fill(FFF,true):format(jpg)/d2lnr5mha7bycj.cloudfront.net/product-image/file/large_a52a91c7-20d0-4e28-81e9-6f311d63d020.jpeg,"
BJsWholesaleClub,Canada Dry Ginger Ale,$13.99,,,24 x 12 fl oz • 3 options,[],,"https://www.instacart.com/image-server/197x197/filters:fill(FFF,true):format(jpg)/d2lnr5mha7bycj.cloudfront.net/product-image/file/large_e221f44b-dd17-48f1-a94a-de4825c14baa.jpeg,"
BJsWholesaleClub,"Clorox Disinfecting Wipes Value Pack, Bleach Free Cleaning Wipes",$24.19,,,5 ct,[],,"https://www.instacart.com/image-server/197x197/filters:fill(FFF,true):format(jpg)/d2lnr5mha7bycj.cloudfront.net/product-image/file/large_0b0e3956-9b53-428e-b93e-d9a1e7730d8a.jpeg,"
BJsWholesaleClub,Wellsley Farms Half & Half,$2.59,,,32 fl oz,[],Many in stock,"https://www.instacart.com/image-server/197x197/filters:fill(FFF,true):format(jpg)/d2lnr5mha7bycj.cloudfront.net/product-image/file/large_12a5c3ca-f9f5-41b0-aa1a-af849d433d35.jpeg,"
BJsWholesaleClub,Butterball All Natural 93% Lean/7% Fat Ground Turkey,$12.69,,,2.5 lb,[],Many in stock,"https://www.instacart.com/image-server/197x197/filters:fill(FFF,true):format(jpg)/d2lnr5mha7bycj.cloudfront.net/product-image/file/large_900527d6-ba9a-40d7-b57c-a0163ea2afb1.jpeg,"
BJsWholesaleClub,Oikos Triple Zero Variety Pack Greek Yogurt,$17.79,,,18 x 5.3 oz,[],,"https://www.instacart.com/image-server/197x197/filters:fill(FFF,true):format(jpg)/d2lnr5mha7bycj.cloudfront.net/product-image/file/large_a647ea67-bc5d-4bf7-bb17-dc6a63695e14.jpeg,"
BJsWholesaleClub,"Wellsley Farms Mozzarella Shredded Cheese, 2 ct./24 oz.",$10.69,,,3 lb,[],Many in stock,"https://www.instacart.com/image-server/197x197/filters:fill(FFF,true):format(jpg)/d2lnr5mha7bycj.cloudfront.net/product-image/file/large_0aa24fda-adad-442e-8481-f1e3c667e3e7.jpeg,"
BJsWholesaleClub,Heinz Tomato Ketchup,$13.99,,,3 x 44 fl oz,[],,"https://www.instacart.com/image-server/197x197/filters:fill(FFF,true):format(jpg)/d2lnr5mha7bycj.cloudfront.net/product-image/file/large_afddfd1f-de6c-4e8b-bb80-9713da374bcd.jpeg,"
BJsWholesaleClub,"Fabuloso Multi-purpose Cleaner, Lavender",$12.69,,,210 fl oz,[],,"https://www.instacart.com/image-server/197x197/filters:fill(FFF,true):format(jpg)/d2lnr5mha7bycj.cloudfront.net/product-image/file/large_6f1821c6-8d5f-41ca-a60e-4a9da041114f.jpeg,"
BJsWholesaleClub,"Gain Liquid Laundry Detergent, Original Scent",$25.39,,,208 fl oz,['Original'],,"https://www.instacart.com/image-server/197x197/filters:fill(FFF,true):format(jpg)/d2lnr5mha7bycj.cloudfront.net/product-image/file/large_b094d916-67ab-4460-93e5-88868344b7eb.jpeg,"
BJsWholesaleClub,Ling Ling Chicken & Vegetable Potstickers Frozen Asian Appetizers,$13.99,,,56 oz,[],Many in stock,"https://www.instacart.com/image-server/197x197/filters:fill(FFF,true):format(jpg)/d2lnr5mha7bycj.cloudfront.net/product-image/file/large_4d8c0f5c-9018-4726-a4dd-8a88f698d5e6.jpeg,"
BJsWholesaleClub,"Cascade Platinum Plus Dishwasher Detergent Pods, Fresh",$29.89,,,81 ct,[],,"https://www.instacart.com/image-server/197x197/filters:fill(FFF,true):format(jpg)/d2lnr5mha7bycj.cloudfront.net/product-image/file/large_1fcbde1b-4996-4642-bfaf-fa4730b3a687.jpeg,"
BJsWholesaleClub,"Kellogg’s Nutri-Grain Soft Baked Breakfast Bars, Made with Whole Grains, Kids Snacks, Variety Pack",$17.19,,,48 x 62.4 oz,[],Many in stock,"https://www.instacart.com/image-server/197x197/filters:fill(FFF,true):format(jpg)/d2lnr5mha7bycj.cloudfront.net/product-image/file/large_a820158b-10ca-4621-a343-52126d4c449b.jpeg,"
BJsWholesaleClub,"Vital Proteins Collagen Peptides 20g/serving Dietary Supplement Powder, Unflavored",$40.69,,,24 oz,[],,"https://www.instacart.com/image-server/197x197/filters:fill(FFF,true):format(jpg)/d2lnr5mha7bycj.cloudfront.net/product-image/file/large_61e4aeeb-1fd9-4f45-bdd3-087169679e84.jpeg,"
BJsWholesaleClub,"White Castle Sliders, Classic Cheese",$16.49,,,9 ct,[],Many in stock,"https://www.instacart.com/image-server/197x197/filters:fill(FFF,true):format(jpg)/d2lnr5mha7bycj.cloudfront.net/product-image/file/large_46a64a02-d12a-4cdd-932b-c770a05347b3.jpeg,"
BJsWholesaleClub,"fairlife 2% Chocolate Ultra-Filtered Milk, Lactose Free",$5.49,,,52 fl oz,[],,"https://www.instacart.com/image-server/197x197/filters:fill(FFF,true):format(jpg)/d2lnr5mha7bycj.cloudfront.net/product-image/file/large_e40fa78e-5af2-4c50-aa2d-cbe46bfdb1d0.jpeg,"
BJsWholesaleClub,"Bounce Outdoor Fresh Scented Fabric Softener Dryer Sheets, Outdoor Fresh",$13.99,,,2 ct,[],,"https://www.instacart.com/image-server/197x197/filters:fill(FFF,true):format(jpg)/d2lnr5mha7bycj.cloudfront.net/product-image/file/large_165fdab7-a170-4715-8d0b-cbf4c96d565a.jpeg,"
BJsWholesaleClub,"Celsius Vibe Variety Pack, Peach Vibe, Tropical Vibe, Arctic Vibe",$31.79,,,18 x 12 fl oz,[],Many in stock,"https://www.instacart.com/image-server/197x197/filters:fill(FFF,true):format(jpg)/d2lnr5mha7bycj.cloudfront.net/product-image/file/large_f50869b7-4c5d-4919-ada6-572193197703.jpg,"
BJsWholesaleClub,SunButter Jammies Sunflower Butter & Grape Jelly Sandwich,$19.09,,,12 ct,[],Many in stock,"https://www.instacart.com/image-server/197x197/filters:fill(FFF,true):format(jpg)/d2lnr5mha7bycj.cloudfront.net/product-image/file/large_336f9040-9360-45db-9648-fe364b36c2d8.jpeg,"
BJsWholesaleClub,"Planters Variety Pack Salted Cashews, Salted Peanuts, Honey Roasted Peanuts",$13.99,,,2.53 lb,[],,"https://www.instacart.com/image-server/197x197/filters:fill(FFF,true):format(jpg)/d2lnr5mha7bycj.cloudfront.net/product-image/file/large_6c55d145-26ae-417c-97c1-fe86bfad590c.jpeg,"
BJsWholesaleClub,Kit Kat Cone Variety Mp(16X4.6Floz),$14.39,,,16 each,[],Many in stock,"https://www.instacart.com/image-server/197x197/filters:fill(FFF,true):format(jpg)/d2lnr5mha7bycj.cloudfront.net/product-image/file/large_b83a81c7-fa7a-41d7-bb96-9e17d2949341.jpeg,"
BJsWholesaleClub,"Pop-Tarts Toaster Pastries, Breakfast Foods, Kids Snacks, Variety Pack",$14.59,,,48 x 81.2 oz,[],Many in stock,"https://www.instacart.com/image-server/197x197/filters:fill(FFF,true):format(jpg)/d2lnr5mha7bycj.cloudfront.net/product-image/file/large_4b020b58-babd-4afc-8c88-1113c6cd171f.jpeg,"
BJsWholesaleClub,Louis Kemp Crab Delights Flake Style Crab Delights 3 Count,$13.99,,,48 oz,[],Many in stock,"https://www.instacart.com/image-server/197x197/filters:fill(FFF,true):format(jpg)/d2lnr5mha7bycj.cloudfront.net/product-image/file/large_a40c67ca-8bf6-4e09-8772-d57a79797e7b.jpeg,"
BJsWholesaleClub,"Purina Friskies Pate Wet Cat Food Variety Pack, Salmon, Whitefish & Tuna, Mixed Grill and Turkey",$43.59,,,48 x 5.5 oz,[],,"https://www.instacart.com/image-server/197x197/filters:fill(FFF,true):format(jpg)/d2lnr5mha7bycj.cloudfront.net/product-image/file/large_58c9df73-b2dc-46df-889d-06bf6f62d6de.jpeg,"
BJsWholesaleClub,"Naked Juice, Mango Orange",$10.19,,,64 fl oz,['No Sugar Added'],Many in stock,"https://www.instacart.com/image-server/197x197/filters:fill(FFF,true):format(jpg)/d2lnr5mha7bycj.cloudfront.net/product-image/file/large_178d1f05-16b3-4d6b-92a9-e9c01d4bfe49.jpeg,"
BJsWholesaleClub,"Kellogg’s Eggo Pancakes, Frozen Breakfast, Buttermilk",$18.49,,,64 x 79 oz,[],,"https://www.instacart.com/image-server/197x197/filters:fill(FFF,true):format(jpg)/d2lnr5mha7bycj.cloudfront.net/product-image/file/large_666700bd-ef58-442a-8fce-09a4dc89b226.jpeg,"
BJsWholesaleClub,Almond Breeze Unsweetened Original Almondmilk,$6.09,,,96 fl oz,[],,"https://www.instacart.com/image-server/197x197/filters:fill(FFF,true):format(jpg)/d2lnr5mha7bycj.cloudfront.net/product-image/file/large_aab90946-6a5b-49d3-8a09-fef662861fa0.jpeg,"
BJsWholesaleClub,"Kellogg’s Eggo Frozen Waffles, Frozen Breakfast, Breakfast Food, Original",$15.29,,,72 ct,[],,"https://www.instacart.com/image-server/197x197/filters:fill(FFF,true):format(jpg)/d2lnr5mha7bycj.cloudfront.net/product-image/file/large_839bb31c-17a7-4378-a4c8-1b75f2d83a25.jpeg,"
BJsWholesaleClub,"PopCorners Popped-Corn Snacks, Assorted",$16.49,,,28 x 1 oz,[],Many in stock,"https://www.instacart.com/image-server/197x197/filters:fill(FFF,true):format(jpg)/d2lnr5mha7bycj.cloudfront.net/product-image/file/large_d3bad026-5ddd-4689-8152-d942917ca30c.jpeg,"
BJsWholesaleClub,Pantene Pro-V Daily Moisture Renewal Shampoo,$11.49,,,36.2 fl oz,[],Many in stock,"https://www.instacart.com/image-server/197x197/filters:fill(FFF,true):format(jpg)/d2lnr5mha7bycj.cloudfront.net/product-image/file/large_e62b35ec-5948-49b7-bf5e-542ce8695814.jpeg,"
BJsWholesaleClub,Hormel Pepperoni Original,$12.69,,,1.5 lb,[],Many in stock,"https://www.instacart.com/image-server/197x197/filters:fill(FFF,true):format(jpg)/d2lnr5mha7bycj.cloudfront.net/product-image/file/large_c0c3be32-8c57-4ad6-be58-d142423f7588.jpeg,"
BJsWholesaleClub,Entenmann's Little Bites Fudge Brownie Mini Muffins 20 pouches,$14.99,,,20 x 1.95 oz,[],Many in stock,"https://www.instacart.com/image-server/197x197/filters:fill(FFF,true):format(jpg)/d2lnr5mha7bycj.cloudfront.net/product-image/file/large_f21d2764-2231-442e-bc58-725066d8a68f.jpeg,"
BJsWholesaleClub,Essentia Bottled Water,$29.19,,,50.7 fl oz,[],,"https://www.instacart.com/image-server/197x197/filters:fill(FFF,true):format(jpg)/d2lnr5mha7bycj.cloudfront.net/product-image/file/large_62597089-0312-4660-ae9f-ef1189d56437.jpeg,"
BJsWholesaleClub,Sunbelle Blueberries Package,$7.69,,,1 lb container,[],Many in stock,"https://www.instacart.com/image-server/197x197/filters:fill(FFF,true):format(jpg)/d2lnr5mha7bycj.cloudfront.net/product-image/file/large_794ea6ad-8345-44cd-b6c7-70afc0437b1e.jpeg,"
BJsWholesaleClub,"Wellsley Farms Lemons, 2 lbs.",$3.29,,,2 lb bag,[],Many in stock,"https://www.instacart.com/image-server/197x197/filters:fill(FFF,true):format(jpg)/d2lnr5mha7bycj.cloudfront.net/product-image/file/large_f8a6b0a9-5a08-48e7-8a90-2575b9aee604.jpeg,"
BJsWholesaleClub,"Blueberries, Organic",$7.29,,,1 pint container,"['Organic', 'Non-GMO']",,"https://www.instacart.com/image-server/197x197/filters:fill(FFF,true):format(jpg)/d2lnr5mha7bycj.cloudfront.net/product-image/file/large_f6d8f84c-19ff-4469-baa4-fa8bd5a41daf.jpeg,"
BJsWholesaleClub,Wellsley Farms Hass Avocados,$7.69,,,5 each,[],,"https://www.instacart.com/image-server/197x197/filters:fill(FFF,true):format(jpg)/d2lnr5mha7bycj.cloudfront.net/product-image/file/large_b9befb14-6143-40aa-93b1-903132cf9fa2.jpeg,"
BJsWholesaleClub,Mandarin Clementine,$8.89,,,5 lb bag,[],Many in stock,"https://www.instacart.com/image-server/197x197/filters:fill(FFF,true):format(jpg)/d2lnr5mha7bycj.cloudfront.net/product-image/file/large_6ced185e-1bd1-4325-b26e-1b931265e796.jpeg,"
BJsWholesaleClub,Del Monte Watermelon Spears,$6.99,,,24 oz,[],,"https://www.instacart.com/image-server/197x197/filters:fill(FFF,true):format(jpg)/d2lnr5mha7bycj.cloudfront.net/product-image/file/large_c7b5a1b5-baf8-4d30-8553-89bd0cdb0049.jpg,"
BJsWholesaleClub,Blackberries Package,$5.79,,,12 oz package,[],Many in stock,"https://www.instacart.com/image-server/197x197/filters:fill(FFF,true):format(jpg)/d2lnr5mha7bycj.cloudfront.net/product-image/file/large_08f3b6f4-b81a-41d7-bf4c-d401739fd35a.jpeg,"
BJsWholesaleClub,Wellsley Farms Limes,$4.99,,,2 lb,[],Many in stock,"https://www.instacart.com/image-server/197x197/filters:fill(FFF,true):format(jpg)/d2lnr5mha7bycj.cloudfront.net/product-image/file/large_fb2f1185-3abe-474d-84dc-9313743c04ca.jpeg,"
BJsWholesaleClub,Driscoll's Raspberries,$7.69,,,12 oz,[],,"https://www.instacart.com/image-server/197x197/filters:fill(FFF,true):format(jpg)/d2lnr5mha7bycj.cloudfront.net/product-image/file/large_2b5c16d3-92fb-4ab3-a831-cd7676900e6e.jpg,"
BJsWholesaleClub,Organic Strawberries Bag,$13.99,,,4 lb,"['Organic', 'Non-GMO']",Many in stock,"https://www.instacart.com/image-server/197x197/filters:fill(FFF,true):format(jpg)/d2lnr5mha7bycj.cloudfront.net/product-image/file/large_fd12a1ac-0484-4d15-9e62-9a0a82191f7c.jpeg,"
BJsWholesaleClub,Pineapple Spears,$6.99,,,24 oz container,[],,"https://www.instacart.com/image-server/197x197/filters:fill(FFF,true):format(jpg)/d2lnr5mha7bycj.cloudfront.net/product-image/file/large_49f3873c-5ed8-41bf-b874-500aff942155.jpeg,"
BJsWholesaleClub,Wellsley Farms Gala Apple Bag,$7.39,,,5 lb bag,[],Many in stock,"https://www.instacart.com/image-server/197x197/filters:fill(FFF,true):format(jpg)/d2lnr5mha7bycj.cloudfront.net/product-image/file/large_e768ae00-ed5e-438c-a638-e162099c1118.jpeg,"
BJsWholesaleClub,Red Seedless Grapes,$8.89,,,3 lb bag,[],,"https://www.instacart.com/image-server/197x197/filters:fill(FFF,true):format(jpg)/d2lnr5mha7bycj.cloudfront.net/product-image/file/large_9f3672a4-1ff8-4d40-a272-7b96883e6ac3.jpg,"
BJsWholesaleClub,Wellsley Farms California Plums,$12.09,,,44 oz,[],,"https://www.instacart.com/image-server/197x197/filters:fill(FFF,true):format(jpg)/d2lnr5mha7bycj.cloudfront.net/product-image/file/large_bf30c54f-6a1c-4600-a52a-5346dd6d174d.jpeg,"
BJsWholesaleClub,"Tropicana Tropicals Pineapples, Gold",$3.19,,,1 each,[],Many in stock,"https://www.instacart.com/image-server/197x197/filters:fill(FFF,true):format(jpg)/d2lnr5mha7bycj.cloudfront.net/product-image/file/large_26e48f14-058a-4ddc-9f76-389c8092290d.jpeg,"
BJsWholesaleClub,Del Monte Sliced Mango,$8.29,,,16 oz container,[],,"https://www.instacart.com/image-server/197x197/filters:fill(FFF,true):format(jpg)/d2lnr5mha7bycj.cloudfront.net/product-image/file/large_2968f4c9-8d59-48a8-8a39-8548a1328d1d.jpg,"
BJsWholesaleClub,Del Monte Seasonal Blend,$8.89,,,32 oz,[],Many in stock,"https://www.instacart.com/image-server/197x197/filters:fill(FFF,true):format(jpg)/d2lnr5mha7bycj.cloudfront.net/product-image/file/large_9886cfd7-5b3d-4aed-8e88-cb065f8319e3.jpeg,"
BJsWholesaleClub,Plantain,$0.69,,,,[],Many in stock,"https://www.instacart.com/image-server/197x197/filters:fill(FFF,true):format(jpg)/d2lnr5mha7bycj.cloudfront.net/product-image/file/large_564da5c1-83a4-4986-8d41-1e1439ced328.jpeg,"
BJsWholesaleClub,Mini Watermelon,$5.09,,,1 ct,[],,"https://www.instacart.com/image-server/197x197/filters:fill(FFF,true):format(jpg)/d2lnr5mha7bycj.cloudfront.net/product-image/file/large_2843d47f-600b-464d-a725-8fceea99c625.jpeg,"
BJsWholesaleClub,Organic Cherries Bag,$20.39,,,3 lb,"['Organic', 'Non-GMO']",Many in stock,"https://www.instacart.com/image-server/197x197/filters:fill(FFF,true):format(jpg)/d2lnr5mha7bycj.cloudfront.net/product-image/file/large_1f818eba-c567-4845-bd1b-e17d71c08820.jpeg,"
BJsWholesaleClub,Wellsley Farms Oranges,$11.49,,,8 lb,[],Many in stock,"https://www.instacart.com/image-server/197x197/filters:fill(FFF,true):format(jpg)/d2lnr5mha7bycj.cloudfront.net/product-image/file/large_ec65f424-f299-42c0-a1a1-1bc46f4ee24c.jpeg,"
BJsWholesaleClub,Minneola Tangelo,$8.89,,,5 lb container,[],Many in stock,"https://www.instacart.com/image-server/197x197/filters:fill(FFF,true):format(jpg)/d2lnr5mha7bycj.cloudfront.net/product-image/file/large_ce690886-5f83-4883-b815-5aa445aeb295.jpeg,"
BJsWholesaleClub,Organic Green Banana,$1.89,,,2 lb,"['Organic', 'Non-GMO']",,"https://www.instacart.com/image-server/197x197/filters:fill(FFF,true):format(jpg)/d2lnr5mha7bycj.cloudfront.net/product-image/file/large_625d468f-9544-4363-b1e9-d0df5dba54c7.jpeg,"
BJsWholesaleClub,Organic Bartlett Pears,$8.89,,,4 lb,"['Organic', 'Non-GMO']",,"https://www.instacart.com/image-server/197x197/filters:fill(FFF,true):format(jpg)/d2lnr5mha7bycj.cloudfront.net/product-image/file/large_be72a812-b13e-4f75-a08c-46aa21d0295f.jpeg,"
BJsWholesaleClub,Original price: $25.39,$20.39,,,40 lb,[],,"https://www.instacart.com/image-server/197x197/filters:fill(FFF,true):format(jpg)/d2lnr5mha7bycj.cloudfront.net/product-image/file/large_6758b591-445c-49aa-89af-42ffa2347a06.jpeg,"
BJsWholesaleClub,Black Grapes,$8.69,,,3 lb bunch,[],,"https://www.instacart.com/image-server/197x197/filters:fill(FFF,true):format(jpg)/d2lnr5mha7bycj.cloudfront.net/product-image/file/large_f516a2c0-d8a5-4e6a-b5ff-c8927ec77c76.jpeg,"
BJsWholesaleClub,Kiwi,$8.89,,,3 lb container,[],Many in stock,"https://www.instacart.com/image-server/197x197/filters:fill(FFF,true):format(jpg)/d2lnr5mha7bycj.cloudfront.net/product-image/file/large_fa25822b-a055-430c-83d2-6f1ea4ec6002.jpeg,"
BJsWholesaleClub,Honeydew Melon,$5.79,,,1 ct,[],Many in stock,"https://www.instacart.com/image-server/197x197/filters:fill(FFF,true):format(jpg)/d2lnr5mha7bycj.cloudfront.net/product-image/file/large_3ae12095-c23a-4c11-8a56-08f26b27e810.jpeg,"
BJsWholesaleClub,"Mott's Apples, Organic, Sliced Red, 6 Pack",$5.79,,,12 oz container,['Organic'],Many in stock,"https://www.instacart.com/image-server/197x197/filters:fill(FFF,true):format(jpg)/d2lnr5mha7bycj.cloudfront.net/product-image/file/large_42ad9d02-f29b-4874-ab0c-0b8cd0eb3c4f.jpeg,"
BJsWholesaleClub,Wellsey Farms Organic Pink Lady 8/5 Lb,$10.19,,,5 lb,['Organic'],,"https://www.instacart.com/image-server/197x197/filters:fill(FFF,true):format(jpg)/d2lnr5mha7bycj.cloudfront.net/product-image/file/large_5f02a423-fda6-45b5-a6fa-e13e223f9ada.jpeg,"
BJsWholesaleClub,Wellsley Farms Red Delicious 5LB,$7.69,,,5 lb bag,[],Many in stock,"https://www.instacart.com/image-server/197x197/filters:fill(FFF,true):format(jpg)/d2lnr5mha7bycj.cloudfront.net/product-image/file/large_288cc276-3fa9-4036-adec-5cba098dbf95.jpeg,"
BJsWholesaleClub,Wellsley Farms Organic Granny Smith 5 Lb,$10.19,,,5 lb,['Organic'],Many in stock,"https://www.instacart.com/image-server/197x197/filters:fill(FFF,true):format(jpg)/d2lnr5mha7bycj.cloudfront.net/product-image/file/large_c1e4e97b-7c19-4a33-bf74-00b4a281a3cf.jpeg,"
BJsWholesaleClub,WELLSLEY FARMS HONEYCRISP APPLES 5LB,$10.59,/lb,,/lb,[],,"https://www.instacart.com/image-server/197x197/filters:fill(FFF,true):format(jpg)/d2lnr5mha7bycj.cloudfront.net/product-image/file/large_4658cd11-f32f-46c3-a12c-4d5bf7e83585.jpeg,"
BJsWholesaleClub,Ayco Galia Melon,$3.79,,,1 each,[],,"https://www.instacart.com/image-server/197x197/filters:fill(FFF,true):format(jpg)/d2lnr5mha7bycj.cloudfront.net/product-image/file/large_167dd4ca-0eee-43ab-939c-a346665aef46.jpeg,"
BJsWholesaleClub,MOTT'S D'ANJOU PEARS 5 LB,$10.19,,,5 lb bag,[],Many in stock,"https://www.instacart.com/image-server/197x197/filters:fill(FFF,true):format(jpg)/d2lnr5mha7bycj.cloudfront.net/product-image/file/large_d4926287-972b-4a70-ba1e-a80ef009fba7.jpeg,"
BJsWholesaleClub,Cosmic Crisp Apples,$7.69,,,4 lb,[],,"https://www.instacart.com/image-server/197x197/filters:fill(FFF,true):format(jpg)/d2lnr5mha7bycj.cloudfront.net/product-image/file/large_ab4d1f50-1341-4a52-a81d-df83da1bc852.jpeg,"
BJsWholesaleClub,Suntreat Oranges Box,$10.79,,,1 each,[],Many in stock,"https://www.instacart.com/image-server/197x197/filters:fill(FFF,true):format(jpg)/d2lnr5mha7bycj.cloudfront.net/product-image/file/large_47f90f51-3533-4cf9-a175-acfc34005d3c.jpeg,"
BJsWholesaleClub,RubyFrost 4lb Pouch - Apples,$6.39,,,4 lb,[],,"https://www.instacart.com/image-server/197x197/filters:fill(FFF,true):format(jpg)/d2lnr5mha7bycj.cloudfront.net/product-image/file/large_4f64cbe5-2b5e-4960-8dec-e49fa08e75ab.png,"
BJsWholesaleClub,Orange,$2.78,each (est.),$9.59 / lb,About 0.29 lb each,[],,"https://www.instacart.com/image-server/197x197/filters:fill(FFF,true):format(jpg)/d2lnr5mha7bycj.cloudfront.net/product-image/file/large_0fb587b2-f272-4dd2-a8c0-ccb4542003b0.jpeg,"
BJsWholesaleClub,Jumbo Cantaloupes,$3.59,,,1 ct,[],,"https://www.instacart.com/image-server/197x197/filters:fill(FFF,true):format(jpg)/d2lnr5mha7bycj.cloudfront.net/product-image/file/large_9668d244-bc9a-42dc-868c-013025753eed.jpeg,"
BJsWholesaleClub,Wellsley Farms Yellow Onions 3 LB.,$3.19,,,3 lb bag,[],Many in stock,"https://www.instacart.com/image-server/197x197/filters:fill(FFF,true):format(jpg)/d2lnr5mha7bycj.cloudfront.net/product-image/file/large_b5b26f71-d571-479d-89c1-27a28eaad2f7.jpeg,"
BJsWholesaleClub,Green Giant Broccoli Florets,$4.59,,,32 oz,[],Many in stock,"https://www.instacart.com/image-server/197x197/filters:fill(FFF,true):format(jpg)/d2lnr5mha7bycj.cloudfront.net/product-image/file/large_a1b60ecb-b4c5-4806-81cc-00a13a5a97c6.jpeg,"
BJsWholesaleClub,Wellsley Farms Organic Sweet Potato,$2.99,,,3 lb,"['Organic', 'Non-GMO']",Many in stock,"https://www.instacart.com/image-server/197x197/filters:fill(FFF,true):format(jpg)/d2lnr5mha7bycj.cloudfront.net/product-image/file/large_96a4489d-b3c6-41b7-9f11-f0d24fe223c7.jpeg,"
BJsWholesaleClub,"The Little Potato Company Potatoes, Yellow Creamer, Little Charmers",$6.39,,,3 lb,[],Many in stock,"https://www.instacart.com/image-server/197x197/filters:fill(FFF,true):format(jpg)/d2lnr5mha7bycj.cloudfront.net/product-image/file/large_70ddbbb3-396a-4dfe-b419-db9bd39e3430.jpeg,"
BJsWholesaleClub,TOMATO ON VINE 8/2 LB,$5.79,,,2 lb,[],Many in stock,"https://www.instacart.com/image-server/197x197/filters:fill(FFF,true):format(jpg)/d2lnr5mha7bycj.cloudfront.net/product-image/file/large_79372316-a696-4429-a92c-5e2d3acfa7bb.jpeg,"
BJsWholesaleClub,Wellsley Farms Organic Baby Spinach,$5.49,,,16 oz bag,"['In season', 'Organic']",Many in stock,"https://www.instacart.com/image-server/197x197/filters:fill(FFF,true):format(jpg)/d2lnr5mha7bycj.cloudfront.net/product-image/file/large_29b7bdaf-504d-4827-88e8-dd26d90f0a09.jpeg,"
BJsWholesaleClub,Wellsley Farms Asparagus,$6.39,,,28 oz bag,['In season'],Many in stock,"https://www.instacart.com/image-server/197x197/filters:fill(FFF,true):format(jpg)/d2lnr5mha7bycj.cloudfront.net/product-image/file/large_0f998e22-3c6c-4207-97c8-6dc845b3f457.jpeg,"
BJsWholesaleClub,"The Little Potato Company Potatoes, Red, Little Charmers",$6.39,,,3 lb,[],Many in stock,"https://www.instacart.com/image-server/197x197/filters:fill(FFF,true):format(jpg)/d2lnr5mha7bycj.cloudfront.net/product-image/file/large_23d5fe2d-8fa0-40d3-89c8-e02c48731f9f.jpeg,"
BJsWholesaleClub,Wellsley Farms Organic Baby Carrots,$3.59,,,2 lb,['Organic'],Many in stock,"https://www.instacart.com/image-server/197x197/filters:fill(FFF,true):format(jpg)/d2lnr5mha7bycj.cloudfront.net/product-image/file/large_182a316d-1039-42d0-b6b6-aca3ea1964a8.jpeg,"
BJsWholesaleClub,Wellsley Farms Red Onions,$5.79,,,3 lb,[],Many in stock,"https://www.instacart.com/image-server/197x197/filters:fill(FFF,true):format(jpg)/d2lnr5mha7bycj.cloudfront.net/product-image/file/large_61b6571d-28e1-42cc-bac0-2466ef89c17f.jpeg,"
BJsWholesaleClub,Sunset Sweet Bell Peppers,$5.79,,,4 count bag,['Non-GMO'],,"https://www.instacart.com/image-server/197x197/filters:fill(FFF,true):format(jpg)/d2lnr5mha7bycj.cloudfront.net/product-image/file/large_0ae2815f-ac8a-4121-a219-7422aba01666.jpeg,"
BJsWholesaleClub,Organic Ginger Root,$10.19,,,1.75 lb,['Organic'],Many in stock,"https://www.instacart.com/image-server/197x197/filters:fill(FFF,true):format(jpg)/d2lnr5mha7bycj.cloudfront.net/product-image/file/large_c99ca84d-7fd8-4478-aceb-7fc2c615c7ba.jpeg,"
BJsWholesaleClub,Wellsley Farms WF IDAHO POTATO 10/5LB,$4.99,,,5 lb,[],Many in stock,"https://www.instacart.com/image-server/197x197/filters:fill(FFF,true):format(jpg)/d2lnr5mha7bycj.cloudfront.net/product-image/file/large_89e8663c-c5c6-44be-904d-92779255dd13.jpeg,"
BJsWholesaleClub,Wellsley Farms Corn Tray,$7.69,,,20 oz,[],Many in stock,"https://www.instacart.com/image-server/197x197/filters:fill(FFF,true):format(jpg)/d2lnr5mha7bycj.cloudfront.net/product-image/file/large_5ec1dc16-0eba-404f-825e-0644d3a2e5b9.jpeg,"
BJsWholesaleClub,"Love Beets Cooked Beets, 4 Packs",$9.59,,,4 each,['Non-GMO'],Many in stock,"https://www.instacart.com/image-server/197x197/filters:fill(FFF,true):format(jpg)/d2lnr5mha7bycj.cloudfront.net/product-image/file/large_bfadef56-623e-4c57-9230-656456c8e285.jpeg,"
BJsWholesaleClub,WELLSLEY FARMS MINI CUCUMBERS 8CT,$2.99,,,14 oz Package,[],,"https://www.instacart.com/image-server/197x197/filters:fill(FFF,true):format(jpg)/d2lnr5mha7bycj.cloudfront.net/product-image/file/large_b491841c-7c6b-4ddd-8338-dc3a90ef905e.jpeg,"
BJsWholesaleClub,Wellsley Farms English Seedless Cucumber,$3.19,,,2 ct,[],,"https://www.instacart.com/image-server/197x197/filters:fill(FFF,true):format(jpg)/d2lnr5mha7bycj.cloudfront.net/product-image/file/large_ba18c585-2759-4640-a4cd-6a4c6d6e306a.jpeg,"
BJsWholesaleClub,Cabbage,$2.59,,,,[],Many in stock,"https://www.instacart.com/image-server/197x197/filters:fill(FFF,true):format(jpg)/d2lnr5mha7bycj.cloudfront.net/product-image/file/large_534e7506-1f21-403d-b164-5901e23a8cd0.jpeg,"
BJsWholesaleClub,Wellsley Farms Organic Russet Potato,$4.49,,,48 oz,"['Organic', 'Non-GMO']",Many in stock,"https://www.instacart.com/image-server/197x197/filters:fill(FFF,true):format(jpg)/d2lnr5mha7bycj.cloudfront.net/product-image/file/large_5320ce89-d2b4-4582-b3a5-06aad9f753c6.jpeg,"
BJsWholesaleClub,Wellsley Farms Wellsley Farms Celery Sticks 2.5 Lb,$5.79,,,2.5 lb bag,[],Many in stock,"https://www.instacart.com/image-server/197x197/filters:fill(FFF,true):format(jpg)/d2lnr5mha7bycj.cloudfront.net/product-image/file/large_440ac0e5-edba-4016-9369-1e5f7247b086.jpeg,"
BJsWholesaleClub,Yellow Potato Bag,$6.39,,,10 lb bag,[],Many in stock,"https://www.instacart.com/image-server/197x197/filters:fill(FFF,true):format(jpg)/d2lnr5mha7bycj.cloudfront.net/product-image/file/large_95cde316-b39b-4a6e-bbc1-fb91011d7d86.jpeg,"
BJsWholesaleClub,French Green Beans,$6.39,,,2 lb,[],Many in stock,"https://www.instacart.com/image-server/197x197/filters:fill(FFF,true):format(jpg)/d2lnr5mha7bycj.cloudfront.net/product-image/file/large_f5592c87-9452-4791-a241-9d399be4217f.jpeg,"
BJsWholesaleClub,Peeled Garlic,$5.09,,,1 lb bag,[],Many in stock,"https://www.instacart.com/image-server/197x197/filters:fill(FFF,true):format(jpg)/d2lnr5mha7bycj.cloudfront.net/product-image/file/large_113d6564-245a-4103-9d21-bc90c44080be.jpeg,"
BJsWholesaleClub,Sunset Wild Wonders Tomatoes,$6.39,,,24 oz,['Non-GMO'],Many in stock,"https://www.instacart.com/image-server/197x197/filters:fill(FFF,true):format(jpg)/d2lnr5mha7bycj.cloudfront.net/product-image/file/large_bac8c46d-7d63-4106-8985-a67718aa8436.jpg,"
BJsWholesaleClub,Wellsley Farms Cucumbers,$3.59,,,24 oz bag,[],Many in stock,"https://www.instacart.com/image-server/197x197/filters:fill(FFF,true):format(jpg)/d2lnr5mha7bycj.cloudfront.net/product-image/file/large_c9855966-673f-4698-8fa3-37bf38e61be5.jpeg,"
BJsWholesaleClub,Wellsley Farms Spring Mix Organic A Delicious Blend Of Baby Lettuces & Greens,$5.49,,,16 oz,['Organic'],Many in stock,"https://www.instacart.com/image-server/197x197/filters:fill(FFF,true):format(jpg)/d2lnr5mha7bycj.cloudfront.net/product-image/file/large_c6f9c2ee-77da-49b6-a8ae-2a0402454282.jpeg,"
BJsWholesaleClub,Fresh Express Spinach,$8.29,,,1 lb bunch,['In season'],Many in stock,"https://www.instacart.com/image-server/197x197/filters:fill(FFF,true):format(jpg)/d2lnr5mha7bycj.cloudfront.net/product-image/file/large_5bf14e19-304b-4b7d-bf22-8e3d18356e1d.jpeg,"
BJsWholesaleClub,Wellsley Farms Brussel Sprouts,$6.39,,,2 lb bag,[],Many in stock,"https://www.instacart.com/image-server/197x197/filters:fill(FFF,true):format(jpg)/d2lnr5mha7bycj.cloudfront.net/product-image/file/large_b1d67e7d-face-448f-a066-bc1ce7d7a15e.jpeg,"
BJsWholesaleClub,"Dole Carrots, Mini Cut",$2.99,,,32 oz,[],Many in stock,"https://www.instacart.com/image-server/197x197/filters:fill(FFF,true):format(jpg)/d2lnr5mha7bycj.cloudfront.net/product-image/file/large_57de9178-c6dc-4942-aec2-4d0ca4b11835.jpeg,"
BJsWholesaleClub,The Little Potato Co Potato Bag,$6.39,,,3 lb bag,[],,"https://www.instacart.com/image-server/197x197/filters:fill(FFF,true):format(jpg)/d2lnr5mha7bycj.cloudfront.net/product-image/file/large_dbf5ee1b-ddb9-4ee0-8cb1-a33573bf2503.jpeg,"
BJsWholesaleClub,NewStar Green Onions,$2.59,,,1 lb bag,[],,"https://www.instacart.com/image-server/197x197/filters:fill(FFF,true):format(jpg)/d2lnr5mha7bycj.cloudfront.net/product-image/file/large_f6007768-b168-4928-9e63-b0bdb5c37710.jpeg,"
BJsWholesaleClub,"Foxy Organic Romaine, Hearts",$4.59,,,12 oz bag,['Organic'],,"https://www.instacart.com/image-server/197x197/filters:fill(FFF,true):format(jpg)/d2lnr5mha7bycj.cloudfront.net/product-image/file/large_b09f3d78-1ef7-4f77-8eb6-d43f41df5fd7.jpeg,"
BJsWholesaleClub,"Pero Family Farms Organic Green Beans, Snipped",$7.69,,,24 oz bag,"['Organic', 'Non-GMO']",Many in stock,"https://www.instacart.com/image-server/197x197/filters:fill(FFF,true):format(jpg)/d2lnr5mha7bycj.cloudfront.net/product-image/file/large_cbe81128-1c7a-4660-b5d8-2c2a186e5158.jpg,"
BJsWholesaleClub,White Mushroom,$4.99,,,1.5 lb package,['In season'],Many in stock,"https://www.instacart.com/image-server/197x197/filters:fill(FFF,true):format(jpg)/d2lnr5mha7bycj.cloudfront.net/product-image/file/large_80b7f9ea-0504-414d-a4a0-3023a88d966b.jpeg,"
BJsWholesaleClub,Wellsley Farms RUSSET POTATO 10LB,$5.99,,,10 lb bag,[],Many in stock,"https://www.instacart.com/image-server/197x197/filters:fill(FFF,true):format(jpg)/d2lnr5mha7bycj.cloudfront.net/product-image/file/large_6497e4c1-75d7-48df-b7fc-792b52b6abe7.jpeg,"
BJsWholesaleClub,Sunset Angel Sweet Tomatoes,$5.59,,,24 oz,['Non-GMO'],,"https://www.instacart.com/image-server/197x197/filters:fill(FFF,true):format(jpg)/d2lnr5mha7bycj.cloudfront.net/product-image/file/large_14829864-3c84-4556-8e54-0f1d1478da56.jpg,"
BJsWholesaleClub,Sunset Beefsteak Tomatoes,$8.29,,,6 count container,[],Many in stock,"https://www.instacart.com/image-server/197x197/filters:fill(FFF,true):format(jpg)/d2lnr5mha7bycj.cloudfront.net/product-image/file/large_eaa6954c-cece-4165-95c8-b9fae60953c5.jpeg,"
BJsWholesaleClub,Wellsley Farms ZUCCHINI SQUASH,$6.99,,,24 oz bag,[],Many in stock,"https://www.instacart.com/image-server/197x197/filters:fill(FFF,true):format(jpg)/d2lnr5mha7bycj.cloudfront.net/product-image/file/large_54f9317e-46b5-40a0-8bc7-1ca0dedeef0e.jpeg,"
BJsWholesaleClub,Wellsley Farms Organic Arugula,$3.79,,,5 oz container,"['Organic', 'Non-GMO']",,"https://www.instacart.com/image-server/197x197/filters:fill(FFF,true):format(jpg)/d2lnr5mha7bycj.cloudfront.net/product-image/file/large_6f1d1bab-6ab6-428b-94cf-bb39d488c5e9.jpeg,"
BJsWholesaleClub,Organic Grape Tomatoes,$7.69,,,1.5 lb,"['Organic', 'Non-GMO']",Many in stock,"https://www.instacart.com/image-server/197x197/filters:fill(FFF,true):format(jpg)/d2lnr5mha7bycj.cloudfront.net/product-image/file/large_d6ba5ae1-b2f8-48cc-80d2-022b641cb14c.jpeg,"
BJsWholesaleClub,Romaine Lettuce Hearts,$7.69,,,,[],,"https://www.instacart.com/image-server/197x197/filters:fill(FFF,true):format(jpg)/d2lnr5mha7bycj.cloudfront.net/product-image/file/large_16c9bef4-1303-4f5e-bade-2fc2b8afefdb.jpeg,"
BJsWholesaleClub,Fresh Express Chopped Romaine Salad,$6.09,,,32 oz bag,['Non-GMO'],Many in stock,"https://www.instacart.com/image-server/197x197/filters:fill(FFF,true):format(jpg)/d2lnr5mha7bycj.cloudfront.net/product-image/file/large_2ff63052-97bb-49c2-b2c0-a118af72cef5.jpeg,"
BJsWholesaleClub,Sunset Cherry Tomatoes,$10.19,,,1.75 lb,['Non-GMO'],Many in stock,"https://www.instacart.com/image-server/197x197/filters:fill(FFF,true):format(jpg)/d2lnr5mha7bycj.cloudfront.net/product-image/file/large_f1792d7c-38d8-41bc-8071-5c484f7bf0e8.jpeg,"
BJsWholesaleClub,Simply Orange Pulp Free Orange Juice,$8.89,,,2 x 52 fl oz,[],,"https://www.instacart.com/image-server/197x197/filters:fill(FFF,true):format(jpg)/d2lnr5mha7bycj.cloudfront.net/product-image/file/large_a47b0f87-19dc-4ebb-8bf1-a630259396ce.jpeg,"
BJsWholesaleClub,"Kool-Aid Jammers Cherry, Grape, Tropical Punch & Strawberry Kiwi Artificially Flavored Kids Soft Drink Pouches Variety Pack",$10.59,,,40 x 6 fl oz,[],,"https://www.instacart.com/image-server/197x197/filters:fill(FFF,true):format(jpg)/d2lnr5mha7bycj.cloudfront.net/product-image/file/large_23bb800e-48bf-4720-867a-67213cdc047b.jpeg,"
BJsWholesaleClub,"Tropicana 100% Juice, Orange, Original, No Pulp",$10.59,,,128 fl oz,[],Many in stock,"https://www.instacart.com/image-server/197x197/filters:fill(FFF,true):format(jpg)/d2lnr5mha7bycj.cloudfront.net/product-image/file/large_b3b09627-2806-4997-b0c1-da50a31f7daa.jpeg,"
BJsWholesaleClub,"Naked Juice, Strawberry Banana",$10.19,,,64 fl oz,['No Sugar Added'],Many in stock,"https://www.instacart.com/image-server/197x197/filters:fill(FFF,true):format(jpg)/d2lnr5mha7bycj.cloudfront.net/product-image/file/large_d8d01a66-bf51-4ba5-97f8-bc100df834d4.jpeg,"
BJsWholesaleClub,"Welch's Juice Drink, Fruit Punch/Orange/Pineapple Grape",$19.09,,,24 x 10 fl oz,[],Many in stock,"https://www.instacart.com/image-server/197x197/filters:fill(FFF,true):format(jpg)/d2lnr5mha7bycj.cloudfront.net/product-image/file/large_3ecf93a0-9cad-4a75-9e05-5d0e8c14793c.jpeg,"
BJsWholesaleClub,"Capri Sun Fruit Punch, Strawberry Kiwi & Pacific Cooler Kids Juice Pouches Variety Pack",$12.69,,,40 x 6 fl oz,[],,"https://www.instacart.com/image-server/197x197/filters:fill(FFF,true):format(jpg)/d2lnr5mha7bycj.cloudfront.net/product-image/file/large_2ba4adca-409d-4efb-8969-ee57f18e028b.jpeg,"
BJsWholesaleClub,"Simply Lemonade, All Natural Non-Gmo",$9.59,,,3 x 52 fl oz,[],,"https://www.instacart.com/image-server/197x197/filters:fill(FFF,true):format(jpg)/d2lnr5mha7bycj.cloudfront.net/product-image/file/large_cd5be20c-1548-4eb7-b0d8-3ae3f445aa7d.jpeg,"
BJsWholesaleClub,Simply Fruit Punch Bottles,$9.59,,,3 x 52 fl oz,[],,"https://www.instacart.com/image-server/197x197/filters:fill(FFF,true):format(jpg)/d2lnr5mha7bycj.cloudfront.net/product-image/file/large_38459da9-63d4-4cd1-901c-ef3ee7814e5d.jpeg,"
BJsWholesaleClub,Ocean Spray Tropical Juice Drink Blend Variety Pack,$21.59,,,24 x 10 fl oz,[],Many in stock,"https://www.instacart.com/image-server/197x197/filters:fill(FFF,true):format(jpg)/d2lnr5mha7bycj.cloudfront.net/product-image/file/large_a7e84e43-f97c-42b7-9882-d8bd374c42f7.jpeg,"
BJsWholesaleClub,Wellsley Farms Honeycrisp Style Organic Apple Juice,$12.69,,,2 x 96 fl oz,['Organic'],Many in stock,"https://www.instacart.com/image-server/197x197/filters:fill(FFF,true):format(jpg)/d2lnr5mha7bycj.cloudfront.net/product-image/file/large_e1501190-341a-47c4-8671-cc110b276d0c.jpeg,"
BJsWholesaleClub,Mott's 100% Original Apple Juice,$12.69,,,2 x 1 gal • 3 options,['No Sugar Added'],,"https://www.instacart.com/image-server/197x197/filters:fill(FFF,true):format(jpg)/d2lnr5mha7bycj.cloudfront.net/product-image/file/large_4e1bb3a0-5fed-48fb-b1f7-3e376c66852d.jpeg,"
BJsWholesaleClub,Wellsley Farms Apple Juice,$7.39,,,2 x 96 fl oz,[],Many in stock,"https://www.instacart.com/image-server/197x197/filters:fill(FFF,true):format(jpg)/d2lnr5mha7bycj.cloudfront.net/product-image/file/large_b2507ecc-e294-4610-b3af-b613f8dc657c.jpeg,"
BJsWholesaleClub,Wellsley Farms Organic Lemonade,$12.69,,,2 x 96 fl oz,['Organic'],Many in stock,"https://www.instacart.com/image-server/197x197/filters:fill(FFF,true):format(jpg)/d2lnr5mha7bycj.cloudfront.net/product-image/file/large_3e4bc4b9-f149-48e4-b27d-b2d1b7fe8e8f.jpeg,"
BJsWholesaleClub,Ocean Spray Cranberry Apple-Nonround,$9.39,,,2 x 96 fl oz,[],,"https://www.instacart.com/image-server/197x197/filters:fill(FFF,true):format(jpg)/d2lnr5mha7bycj.cloudfront.net/product-image/file/large_00ff10d7-a2a8-4a19-9aa8-694904c7df77.jpeg,"
BJsWholesaleClub,Wellsley Farms Orange Peach Mango Organic Juice,$10.19,,,128 fl oz,['Organic'],Many in stock,"https://www.instacart.com/image-server/197x197/filters:fill(FFF,true):format(jpg)/d2lnr5mha7bycj.cloudfront.net/product-image/file/large_8e3a32a9-7331-422b-8954-5b0284148922.jpeg,"
BJsWholesaleClub,Wellsley Farms Mango Passion Fruit Organic Juice Blend,$12.09,,,2 x 96 fl oz,['Organic'],Many in stock,"https://www.instacart.com/image-server/197x197/filters:fill(FFF,true):format(jpg)/d2lnr5mha7bycj.cloudfront.net/product-image/file/large_e715aecd-24d8-467e-a76c-63a4d231a699.jpeg,"
BJsWholesaleClub,"Tropicana Orange Juice, Pure Premium",$10.59,,,128 fl oz,[],Many in stock,"https://www.instacart.com/image-server/197x197/filters:fill(FFF,true):format(jpg)/d2lnr5mha7bycj.cloudfront.net/product-image/file/large_aff0cd37-5aa8-4983-8f9f-14225ff3fc79.jpeg,"
BJsWholesaleClub,Mott's 100% Original Apple Juice,$17.79,,,24 x 8 fl oz • 3 options,['No Sugar Added'],,"https://www.instacart.com/image-server/197x197/filters:fill(FFF,true):format(jpg)/d2lnr5mha7bycj.cloudfront.net/product-image/file/large_3d419d44-d191-46a6-b7d2-25547e721112.jpeg,"
BJsWholesaleClub,Dole Pineapple Juice,$19.09,,,24 x 8 fl oz,[],Many in stock,"https://www.instacart.com/image-server/197x197/filters:fill(FFF,true):format(jpg)/d2lnr5mha7bycj.cloudfront.net/product-image/file/large_d096dc53-f35b-4f7c-bbb5-562b4b42d656.jpeg,"
BJsWholesaleClub,Ocean Spray Original Cranberry Juice Cocktail,$9.39,,,2 x 96 fl oz • 2 options,[],,"https://www.instacart.com/image-server/197x197/filters:fill(FFF,true):format(jpg)/d2lnr5mha7bycj.cloudfront.net/product-image/file/large_ea28f56e-e3c9-49c6-97a6-0dbfcdea26eb.jpeg,"
BJsWholesaleClub,Tropicana No Pulp with Calcium & Vitamin D 100% Orange Juice,$10.59,,,128 fl oz,[],,"https://www.instacart.com/image-server/197x197/filters:fill(FFF,true):format(jpg)/d2lnr5mha7bycj.cloudfront.net/product-image/file/large_16f30ddc-7a66-4571-8949-5d484fff1427.jpeg,"
BJsWholesaleClub,SunnyD Tangy Original Shelf Stable Orange Juice Drinks,$18.49,,,30 x 11.3 oz,[],,"https://www.instacart.com/image-server/197x197/filters:fill(FFF,true):format(jpg)/d2lnr5mha7bycj.cloudfront.net/product-image/file/large_f1e8f690-15a0-465a-9854-17893ff71c58.jpeg,"
BJsWholesaleClub,Sambazon Original Açaí Juice,$12.69,,,64 fl oz,['Organic'],,"https://www.instacart.com/image-server/197x197/filters:fill(FFF,true):format(jpg)/d2lnr5mha7bycj.cloudfront.net/product-image/file/large_a16f2884-d005-4a76-977d-b79228f3d2eb.jpg,"
BJsWholesaleClub,Bolthouse Farms Berry Boost®,$7.69,,,52 fl oz,[],Many in stock,"https://www.instacart.com/image-server/197x197/filters:fill(FFF,true):format(jpg)/d2lnr5mha7bycj.cloudfront.net/product-image/file/large_03379640-5d24-4d7f-903f-5d2b0a6b8546.jpeg,"
BJsWholesaleClub,"Tropicana 100% Juice, Orange, 12 Pack",$20.69,,,12 x 15.2 fl oz • 3 options,[],Many in stock,"https://www.instacart.com/image-server/197x197/filters:fill(FFF,true):format(jpg)/d2lnr5mha7bycj.cloudfront.net/product-image/file/large_6bc6ac6d-ddc4-4dd5-8137-d0527bdc9e1c.jpeg,"
BJsWholesaleClub,Ocean Spray Loose Cjc Club Pack 48Cs Plt,$22.89,,,24 x 10 fl oz • 2 options,[],,"https://www.instacart.com/image-server/197x197/filters:fill(FFF,true):format(jpg)/d2lnr5mha7bycj.cloudfront.net/product-image/file/large_68560dab-be5c-4f20-899a-f7a43fa177b6.jpeg,"
BJsWholesaleClub,Ocean Spray Cranberry Juice,$10.69,,,2 x 96 fl oz,[],,"https://www.instacart.com/image-server/197x197/filters:fill(FFF,true):format(jpg)/d2lnr5mha7bycj.cloudfront.net/product-image/file/large_0c9f131c-145e-45aa-838c-fc1d1947b41a.jpeg,"
BJsWholesaleClub,Mayer Brothers Mb Blood Orange Lemonade,$3.19,,,52 oz,[],,"https://www.instacart.com/image-server/197x197/filters:fill(FFF,true):format(jpg)/d2lnr5mha7bycj.cloudfront.net/product-image/file/large_9fb8a6bb-d150-4f62-a4b3-158ca6555760.jpeg,"
BJsWholesaleClub,V8 Tropical Blend Flavored Juice Beverage,$8.19,,,96 fl oz,[],,"https://www.instacart.com/image-server/197x197/filters:fill(FFF,true):format(jpg)/d2lnr5mha7bycj.cloudfront.net/product-image/file/large_101043df-b4f6-4f22-bb93-4e41c067ad14.jpeg,"
BJsWholesaleClub,Bolthouse Farms Watermelon Mint Lemonade,$7.39,,,52 fl oz,[],,"https://www.instacart.com/image-server/197x197/filters:fill(FFF,true):format(jpg)/d2lnr5mha7bycj.cloudfront.net/product-image/file/large_3d2060cd-a61e-423b-a170-40b553880e8c.jpeg,"
BJsWholesaleClub,Dean's Garelick Farms Orchard Pure 100% Orange Juice,$8.89,,,1 gal,[],Many in stock,"https://www.instacart.com/image-server/197x197/filters:fill(FFF,true):format(jpg)/d2lnr5mha7bycj.cloudfront.net/product-image/file/large_18aed1e5-7dc7-409f-b1a7-3e1be5b509db.jpeg,"
BJsWholesaleClub,Mayer Brothers Original Lemonade,$3.19,,,59 fl oz,[],,"https://www.instacart.com/image-server/197x197/filters:fill(FFF,true):format(jpg)/d2lnr5mha7bycj.cloudfront.net/product-image/file/large_4350a0e1-3eac-4115-9a84-82abe57bcb21.jpeg,"
BJsWholesaleClub,Bolthouse Farms Golden Goodness,$7.69,,,52 fl oz,[],,"https://www.instacart.com/image-server/197x197/filters:fill(FFF,true):format(jpg)/d2lnr5mha7bycj.cloudfront.net/product-image/file/large_fe861124-988a-450f-a757-2f41675bb3b1.jpeg,"
BJsWholesaleClub,Sunberry Farms Mango Organic Nectar,$17.79,,,2 x 128 fl oz,['Organic'],,"https://www.instacart.com/image-server/197x197/filters:fill(FFF,true):format(jpg)/d2lnr5mha7bycj.cloudfront.net/product-image/file/large_32241c59-6283-4d30-a8b1-e3eebdf66d5a.jpeg,"
BJsWholesaleClub,Ocean Spray Cran-tropical Flavored Juice Drink With 3 Juices From Concentrate,$6.99,,,2 x 96 fl oz,[],,"https://www.instacart.com/image-server/197x197/filters:fill(FFF,true):format(jpg)/d2lnr5mha7bycj.cloudfront.net/product-image/file/large_dc36e725-aa8a-47f2-aebd-b736c21af95b.jpeg,"
BJsWholesaleClub,Good 2 Grow 100% Apple Juice,$7.59,,,6 x 6 fl oz,[],,"https://www.instacart.com/image-server/197x197/filters:fill(FFF,true):format(jpg)/d2lnr5mha7bycj.cloudfront.net/product-image/file/large_0330f40d-6454-45c5-ae41-5cbe3e4f8e2a.jpeg,"
BJsWholesaleClub,Mayer Brothers Pink Lemonade Fine Beverages,$3.19,,,59 fl oz,[],,"https://www.instacart.com/image-server/197x197/filters:fill(FFF,true):format(jpg)/d2lnr5mha7bycj.cloudfront.net/product-image/file/large_7a6588ab-e6b3-4b58-b4e8-af4d54d68c28.jpeg,"
BJsWholesaleClub,Sunberry Farms Passion Fruit Nectar,$19.09,,,128 fl oz,[],Many in stock,"https://www.instacart.com/image-server/197x197/filters:fill(FFF,true):format(jpg)/d2lnr5mha7bycj.cloudfront.net/product-image/file/large_11f9b1f7-07f9-41de-9c47-e4c48ca1cb21.jpeg,"
BJsWholesaleClub,"Welch's Flavored Juice Drink, Strawberry Kiwi/Passion Fruit/Mango Pineapple, 24 Pack",$19.09,,,24 x 10 fl oz,[],,"https://www.instacart.com/image-server/197x197/filters:fill(FFF,true):format(jpg)/d2lnr5mha7bycj.cloudfront.net/product-image/file/large_878ea8e9-70aa-440b-9413-fd3092ebdfa5.png,"
BJsWholesaleClub,Ocean Spray Cranberry Mango Flavored Juice Drink,$9.39,,,2 x 96 fl oz,[],,"https://www.instacart.com/image-server/197x197/filters:fill(FFF,true):format(jpg)/d2lnr5mha7bycj.cloudfront.net/product-image/file/large_ca53be85-123d-48cc-b45e-6fe753e51a4e.jpeg,"
BJsWholesaleClub,Ocean Spray Cranberry Grape,$16.49,,,15.2 fl oz,[],,"https://www.instacart.com/image-server/197x197/filters:fill(FFF,true):format(jpg)/d2lnr5mha7bycj.cloudfront.net/product-image/file/large_f03af9af-7dc2-4f79-94a8-dc959a40177e.jpeg,"
BJsWholesaleClub,Wellsley Farms Premium Chunk Chicken Breast In Water,$15.29,,,6 x 12.5 oz,[],Many in stock,"https://www.instacart.com/image-server/197x197/filters:fill(FFF,true):format(jpg)/d2lnr5mha7bycj.cloudfront.net/product-image/file/large_43a137c3-e0e3-4a42-afd6-663d2b213300.jpeg,"
BJsWholesaleClub,Wellsley Farms Sliced Mushrooms,$5.79,,,20 oz container,[],Many in stock,"https://www.instacart.com/image-server/197x197/filters:fill(FFF,true):format(jpg)/d2lnr5mha7bycj.cloudfront.net/product-image/file/large_abaff8af-1c90-4631-9523-dea035462077.jpeg,"
BJsWholesaleClub,Bumble Bee Solid White Tuna in Water,$16.49,,,2 lb,[],Many in stock,"https://www.instacart.com/image-server/197x197/filters:fill(FFF,true):format(jpg)/d2lnr5mha7bycj.cloudfront.net/product-image/file/large_6af10192-9327-4791-8862-acb0d24eefbe.jpeg,"
BJsWholesaleClub,Del Monte Fresh Cut Sweet Peas,$12.69,,,8 x 15 oz,[],Many in stock,"https://www.instacart.com/image-server/197x197/filters:fill(FFF,true):format(jpg)/d2lnr5mha7bycj.cloudfront.net/product-image/file/large_59f38a29-98a0-47d5-af7f-af16bb09aaff.jpeg,"
BJsWholesaleClub,Del Monte Golden Sweet Whole Kernel Corn,$15.29,,,12 x 15.25 oz,[],Many in stock,"https://www.instacart.com/image-server/197x197/filters:fill(FFF,true):format(jpg)/d2lnr5mha7bycj.cloudfront.net/product-image/file/large_ed9bd5a5-3ed4-43f2-8dca-05dffa4a2778.jpeg,"
BJsWholesaleClub,"Bumble Bee Tuna, Light, Chunk",$12.69,,,10 x 5 oz,[],Many in stock,"https://www.instacart.com/image-server/197x197/filters:fill(FFF,true):format(jpg)/d2lnr5mha7bycj.cloudfront.net/product-image/file/large_da0d83c3-b5c6-4e28-b3cb-91115d870ed3.jpeg,"
BJsWholesaleClub,Chef Boyardee Club Variety Pack,$15.89,,,90 oz,[],Many in stock,"https://www.instacart.com/image-server/197x197/filters:fill(FFF,true):format(jpg)/d2lnr5mha7bycj.cloudfront.net/product-image/file/large_e97e75cf-61d3-4eb2-8939-98b3e79bcf0d.jpeg,"
BJsWholesaleClub,Genova Yellowfin Tuna in Olive Oil,$20.39,,,40 oz,[],Many in stock,"https://www.instacart.com/image-server/197x197/filters:fill(FFF,true):format(jpg)/d2lnr5mha7bycj.cloudfront.net/product-image/file/large_ee1fdd78-9620-4d77-afb2-b190a1ea31df.jpeg,"
BJsWholesaleClub,Wellsley Farms Organic Applesauce Pouches,$13.79,,,24 x 3.2 oz,['Organic'],Many in stock,"https://www.instacart.com/image-server/197x197/filters:fill(FFF,true):format(jpg)/d2lnr5mha7bycj.cloudfront.net/product-image/file/large_6ef39b50-41bf-487e-950b-e3ef97fa9b26.jpeg,"
BJsWholesaleClub,Del Monte Blue Lake Cut Green Beans,$15.29,,,12 x 14.5 oz,[],Many in stock,"https://www.instacart.com/image-server/197x197/filters:fill(FFF,true):format(jpg)/d2lnr5mha7bycj.cloudfront.net/product-image/file/large_6b437879-ac84-4ad3-88c4-29165382ad31.jpeg,"
BJsWholesaleClub,Goya Premium Black Beans,$10.19,,,8 x 15.5 oz,[],Many in stock,"https://www.instacart.com/image-server/197x197/filters:fill(FFF,true):format(jpg)/d2lnr5mha7bycj.cloudfront.net/product-image/file/large_37b5521e-8996-4fd0-b9ef-850df9caaf11.jpg,"
BJsWholesaleClub,King Oscar Sardines 2-Layer in Olive Oil Cluster Pack 4,$12.69,,,3.75 oz,[],Many in stock,"https://www.instacart.com/image-server/197x197/filters:fill(FFF,true):format(jpg)/d2lnr5mha7bycj.cloudfront.net/product-image/file/large_5c78e9c3-d34c-462c-b7c2-7ae500230566.jpeg,"
BJsWholesaleClub,"Mott's Applesauce, Assorted, Variety Pack",$16.49,,,36 x 3.9 oz,[],Many in stock,"https://www.instacart.com/image-server/197x197/filters:fill(FFF,true):format(jpg)/d2lnr5mha7bycj.cloudfront.net/product-image/file/large_6ff18018-54e1-4827-ba91-30fd2928a0aa.jpeg,"
BJsWholesaleClub,Bumble Bee Chunk Light Tuna in Vegetable Oil,$12.69,,,50 oz,[],Many in stock,"https://www.instacart.com/image-server/197x197/filters:fill(FFF,true):format(jpg)/d2lnr5mha7bycj.cloudfront.net/product-image/file/large_10dfa438-94aa-4997-a444-d1bd819d6a79.jpeg,"
BJsWholesaleClub,Chef Boyardee Beef Ravioli,$16.49,,,12 x 15 oz,[],,"https://www.instacart.com/image-server/197x197/filters:fill(FFF,true):format(jpg)/d2lnr5mha7bycj.cloudfront.net/product-image/file/large_fcef73b8-2956-4679-9f13-336d47c00012.jpeg,"
BJsWholesaleClub,"Bumble Bee Albacore Chunk White in Water, Tuna",$14.99,,,8 x 5 oz,[],Many in stock,"https://www.instacart.com/image-server/197x197/filters:fill(FFF,true):format(jpg)/d2lnr5mha7bycj.cloudfront.net/product-image/file/large_1c6d8489-315a-4dc9-a1c5-4773474597eb.jpeg,"
BJsWholesaleClub,Wellsley Farms Premium Chunk Chicken Breast In Water,$13.99,,,4 x 10 oz,[],Many in stock,"https://www.instacart.com/image-server/197x197/filters:fill(FFF,true):format(jpg)/d2lnr5mha7bycj.cloudfront.net/product-image/file/large_e83f29b0-73b6-460e-8cc7-5d3725942a2b.jpeg,"
BJsWholesaleClub,"Del Monte Green Beans, Blue Lake, French Style",$12.69,,,8 x 14.5 oz,[],Many in stock,"https://www.instacart.com/image-server/197x197/filters:fill(FFF,true):format(jpg)/d2lnr5mha7bycj.cloudfront.net/product-image/file/large_d06b9be4-466a-429d-886c-7c9a2618e19f.jpeg,"
BJsWholesaleClub,Mott's Original Applesauce,$12.09,,,3 x 48 oz,[],,"https://www.instacart.com/image-server/197x197/filters:fill(FFF,true):format(jpg)/d2lnr5mha7bycj.cloudfront.net/product-image/file/large_42a7953f-1d81-4476-8c40-054fb944f288.jpeg,"
BJsWholesaleClub,StarKist® Chunk Light Tuna in Water (10-Pack),$14.59,,,10 x 2.6 oz,[],Many in stock,"https://www.instacart.com/image-server/197x197/filters:fill(FFF,true):format(jpg)/d2lnr5mha7bycj.cloudfront.net/product-image/file/large_82c6ae21-0dd2-4ab4-809c-3ccaa893d559.jpeg,"
BJsWholesaleClub,"Bumble Bee Light Tuna, in Water, 10 Pouch Value Pack",$13.79,,,10 each,[],Many in stock,"https://www.instacart.com/image-server/197x197/filters:fill(FFF,true):format(jpg)/d2lnr5mha7bycj.cloudfront.net/product-image/file/large_5a49d9b5-7883-4607-8d60-e5d7b0e6aa55.jpeg,"
BJsWholesaleClub,Chef Boyardee Variety Pack Spaghetti And Meatballs Mini Ravioli,$16.49,,,6 x 15 oz,[],Many in stock,"https://www.instacart.com/image-server/197x197/filters:fill(FFF,true):format(jpg)/d2lnr5mha7bycj.cloudfront.net/product-image/file/large_de8a54d3-62ea-4f00-8125-21e3cd68f7ca.jpeg,"
BJsWholesaleClub,"Bumble Bee Tuna, Solid White Albacore, In Water, 3 Pack",$13.99,,,3 x 3 oz,[],,"https://www.instacart.com/image-server/197x197/filters:fill(FFF,true):format(jpg)/d2lnr5mha7bycj.cloudfront.net/product-image/file/large_c8b39c2b-7ddc-4a8e-8b9a-55417a907c89.jpeg,"
BJsWholesaleClub,Wellsley Farms Roasted Red Peppers,$8.89,,,2 x 24 oz,[],Many in stock,"https://www.instacart.com/image-server/197x197/filters:fill(FFF,true):format(jpg)/d2lnr5mha7bycj.cloudfront.net/product-image/file/large_ead29cc2-58ae-4f68-8077-9aa3fad98e75.jpeg,"
BJsWholesaleClub,"Hormel Corned Beef Hash, Homestyle",$17.79,,,15 oz,[],Many in stock,"https://www.instacart.com/image-server/197x197/filters:fill(FFF,true):format(jpg)/d2lnr5mha7bycj.cloudfront.net/product-image/file/large_3285b907-cb1a-4fb9-976c-9eabc1cff265.jpeg,"
BJsWholesaleClub,Season Brand Skinless and Boneless Sardines in Olive Oil,$14.99,,,3.75 oz,[],Many in stock,"https://www.instacart.com/image-server/197x197/filters:fill(FFF,true):format(jpg)/d2lnr5mha7bycj.cloudfront.net/product-image/file/large_39a5bac1-121a-417f-b0da-17b6aecd6a26.jpeg,"
BJsWholesaleClub,Bush's Best Original Baked Beans,$13.99,,,8 x 16.5 oz,[],Many in stock,"https://www.instacart.com/image-server/197x197/filters:fill(FFF,true):format(jpg)/d2lnr5mha7bycj.cloudfront.net/product-image/file/large_8e6ab7b1-2eee-4f7c-a8b8-be34a90b412b.jpeg,"
BJsWholesaleClub,SPAM Less Sodium,$21.59,,,4.5 lb,[],Many in stock,"https://www.instacart.com/image-server/197x197/filters:fill(FFF,true):format(jpg)/d2lnr5mha7bycj.cloudfront.net/product-image/file/large_8386e209-61cc-4054-8910-591628e2213d.jpeg,"
BJsWholesaleClub,"Libby's Vienna Sausage, Canned Sausage",$19.09,,,18 x 4.6 oz,[],Many in stock,"https://www.instacart.com/image-server/197x197/filters:fill(FFF,true):format(jpg)/d2lnr5mha7bycj.cloudfront.net/product-image/file/large_00cfdb73-cfb1-497f-9ddd-1576ad24063a.jpeg,"
BJsWholesaleClub,"Goya Premium Red Kidney Beans, 8 Pack",$10.19,,,7.7 lb,[],,"https://www.instacart.com/image-server/197x197/filters:fill(FFF,true):format(jpg)/d2lnr5mha7bycj.cloudfront.net/product-image/file/large_ea822a4c-1a7c-4095-9a41-689477f23413.jpg,"
BJsWholesaleClub,SPAM Classic Luncheon Meat,$21.59,,,6 x 12 oz,[],Many in stock,"https://www.instacart.com/image-server/197x197/filters:fill(FFF,true):format(jpg)/d2lnr5mha7bycj.cloudfront.net/product-image/file/large_bca33ffa-68b4-491e-92d5-6105660cbeeb.jpeg,"
BJsWholesaleClub,Marinated Mushrooms 30.4 oz,$8.89,,,30.4 fl oz,[],Many in stock,"https://www.instacart.com/image-server/197x197/filters:fill(FFF,true):format(jpg)/d2lnr5mha7bycj.cloudfront.net/product-image/file/large_43ab5cda-0e64-487a-96c5-57cbf22eefd9.jpeg,"
BJsWholesaleClub,Mott's No Sugar Added Apple Sauce Pouch,$20.39,,,32 ct,[],,"https://www.instacart.com/image-server/197x197/filters:fill(FFF,true):format(jpg)/d2lnr5mha7bycj.cloudfront.net/product-image/file/large_698b0e92-c847-4ad9-a385-895fcbdb3167.jpeg,"
BJsWholesaleClub,Wellsley Farms Petite Artichoke Hearts,$8.29,,,33.5 oz,[],,"https://www.instacart.com/image-server/197x197/filters:fill(FFF,true):format(jpg)/d2lnr5mha7bycj.cloudfront.net/product-image/file/large_7a0dc6c7-dba8-4cf4-913c-ceeaff2045ed.jpeg,"
BJsWholesaleClub,Wellsley Farms Wild Caught In Alaska Skinless & Boneless Pink Salmon,$20.99,,,6 x 6 oz,[],Many in stock,"https://www.instacart.com/image-server/197x197/filters:fill(FFF,true):format(jpg)/d2lnr5mha7bycj.cloudfront.net/product-image/file/large_bbb16f58-152d-41a8-b0c6-10c5ac7273c9.jpeg,"
BJsWholesaleClub,Progresso Italian-Style Wedding Soup,$7.59,,,148 oz,[],,"https://www.instacart.com/image-server/197x197/filters:fill(FFF,true):format(jpg)/d2lnr5mha7bycj.cloudfront.net/product-image/file/large_fca083a6-d1eb-4013-9157-a9e1d3bd9076.jpeg,"
BJsWholesaleClub,"Bumble Bee Pink Salmon in Water, Skinless & Boneless",$12.09,,,5 x 5 oz,[],Many in stock,"https://www.instacart.com/image-server/197x197/filters:fill(FFF,true):format(jpg)/d2lnr5mha7bycj.cloudfront.net/product-image/file/large_fb76cc5e-50d8-4e3d-b090-be39a776bc53.jpeg,"
BJsWholesaleClub,"Le Sueur Sweet Peas, Very Young, Small",$16.29,,,8 x 15 oz,[],Many in stock,"https://www.instacart.com/image-server/197x197/filters:fill(FFF,true):format(jpg)/d2lnr5mha7bycj.cloudfront.net/product-image/file/large_0307642a-6c29-4ef6-87d8-5f6e99488e7e.jpeg,"
BJsWholesaleClub,Hormel Chili With Beans,$13.99,,,5.63 lb,[],Many in stock,"https://www.instacart.com/image-server/197x197/filters:fill(FFF,true):format(jpg)/d2lnr5mha7bycj.cloudfront.net/product-image/file/large_38a0c52f-a95a-4e12-856b-303f3212de5f.jpeg,"
BJsWholesaleClub,RO*TEL Original Diced Tomatoes and Green Chilies,$10.19,,,8 x 10 oz,[],Many in stock,"https://www.instacart.com/image-server/197x197/filters:fill(FFF,true):format(jpg)/d2lnr5mha7bycj.cloudfront.net/product-image/file/large_8eb79736-0548-428a-af4f-b683beddb3ef.jpeg,"
BJsWholesaleClub,Hunt's Tomato Paste,$12.69,,,12 x 6 oz,[],Many in stock,"https://www.instacart.com/image-server/197x197/filters:fill(FFF,true):format(jpg)/d2lnr5mha7bycj.cloudfront.net/product-image/file/large_5fbc33c0-a888-42b5-8c5b-61101edd1b79.jpeg,"
BJsWholesaleClub,"Perdue Fresh Chicken Thighs, Freezer Ready Pouches, Club Pack",$17.00,/pkg (est.),$1.79 / lb,About 9.5 lb / package,['Thigh'],,"https://www.instacart.com/image-server/197x197/filters:fill(FFF,true):format(jpg)/d2lnr5mha7bycj.cloudfront.net/product-image/file/large_b8a7d96f-3053-48d3-be1d-b57bfb2941d9.jpeg,"
BJsWholesaleClub,Boneless Skinless Chicken Breast,$17.15,/pkg (est.),$3.19 / lb,About 5.38 lb / package,['Breast'],,"https://www.instacart.com/image-server/197x197/filters:fill(FFF,true):format(jpg)/d2lnr5mha7bycj.cloudfront.net/product-image/file/large_c39056fa-2aa1-4f8e-b938-50b49267c9a4.jpeg,"
BJsWholesaleClub,Butterball Fresh Ground Turkey,$16.49,,,3 x 1.33 lb,[],,"https://www.instacart.com/image-server/197x197/filters:fill(FFF,true):format(jpg)/d2lnr5mha7bycj.cloudfront.net/product-image/file/large_203df38f-9ca0-410a-a7e3-29f4de17cc00.jpeg,"
BJsWholesaleClub,PERDUE HARVESTLAND Free Range Drumsticks,$8.97,/pkg (est.),$2.99 / lb,About 3.0 lb / package,[],,"https://www.instacart.com/image-server/197x197/filters:fill(FFF,true):format(jpg)/d2lnr5mha7bycj.cloudfront.net/product-image/file/large_e88fd5db-db50-49a2-ac28-3c1528126540.jpeg,"
BJsWholesaleClub,"Perdue Fresh Chicken Wings, Freezer Ready Pouches, Club Pack",$27.68,/pkg (est.),$3.69 / lb,About 7.5 lb / package,['Wing'],,"https://www.instacart.com/image-server/197x197/filters:fill(FFF,true):format(jpg)/d2lnr5mha7bycj.cloudfront.net/product-image/file/large_34cff27c-3729-41d6-80be-3c122e42f3f6.jpeg,"
BJsWholesaleClub,"Applegate Naturals Bacon, Turkey, Uncured, Hickory Smoked",$17.79,,,2 each,[],,"https://www.instacart.com/image-server/197x197/filters:fill(FFF,true):format(jpg)/d2lnr5mha7bycj.cloudfront.net/product-image/file/large_71f25837-0d6f-49c4-a733-763d24c91f69.jpeg,"
BJsWholesaleClub,Wellsley Farms Chicken Wing Sections,$34.29,,,10 lb,['Wing'],Many in stock,"https://www.instacart.com/image-server/197x197/filters:fill(FFF,true):format(jpg)/d2lnr5mha7bycj.cloudfront.net/product-image/file/large_afee0e75-629e-4eeb-b784-0a257c8052ad.jpeg,"
BJsWholesaleClub,Perdue No Antibiotics Ever Ground Chicken 92% Lean 8% Fat,$11.79,,,3 lb,[],Many in stock,"https://www.instacart.com/image-server/197x197/filters:fill(FFF,true):format(jpg)/d2lnr5mha7bycj.cloudfront.net/product-image/file/large_64b1ee94-b6ff-4845-ba33-c70024dfe3e4.jpeg,"
BJsWholesaleClub,"Perdue Fresh Chicken Drumsticks, Freezer Ready Pouches, Club Pack",$14.36,/pkg (est.),$1.69 / lb,About 8.5 lb / package,[],,"https://www.instacart.com/image-server/197x197/filters:fill(FFF,true):format(jpg)/d2lnr5mha7bycj.cloudfront.net/product-image/file/large_41da539b-3bbb-4173-92e5-58632704525d.jpeg,"
BJsWholesaleClub,PERDUE HARVESTLAND Free Range Boneless Thighs,$11.52,/pkg (est.),$4.19 / lb,About 2.75 lb / package,['Thigh'],,"https://www.instacart.com/image-server/197x197/filters:fill(FFF,true):format(jpg)/d2lnr5mha7bycj.cloudfront.net/product-image/file/large_a9a85aca-a129-4248-bdc2-954b47ba1590.jpeg,"
BJsWholesaleClub,Oscar Mayer Turkey Bacon,$18.49,,,4 x 12 oz,[],,"https://www.instacart.com/image-server/197x197/filters:fill(FFF,true):format(jpg)/d2lnr5mha7bycj.cloudfront.net/product-image/file/large_efab4c2c-abed-41f7-bfc3-e6a1b108d1fd.jpeg,"
BJsWholesaleClub,PERDUE HARVESTLAND Thin Sliced Free Range Breasts,$15.18,/pkg (est.),$6.39 / lb,About 2.38 lb / package,['Breast'],,"https://www.instacart.com/image-server/197x197/filters:fill(FFF,true):format(jpg)/d2lnr5mha7bycj.cloudfront.net/product-image/file/large_2bc7b551-baf4-4c97-87d4-2f06aa5c248b.jpeg,"
BJsWholesaleClub,"Perdue Fresh Boneless Boneless Skinless Chicken Thighs, Freezer Ready Pouches, Club Pack",$3.79,/lb,,/lb,['Thigh'],,"https://www.instacart.com/image-server/197x197/filters:fill(FFF,true):format(jpg)/d2lnr5mha7bycj.cloudfront.net/product-image/file/large_f55abed1-eb75-4593-9810-6e0a61743fc2.jpeg,"
BJsWholesaleClub,Perdue Boneless Chicken Breasts Cp 6,$26.71,/pkg (est.),$4.19 / lb,About 6.38 lb / package,['Breast'],,"https://www.instacart.com/image-server/197x197/filters:fill(FFF,true):format(jpg)/d2lnr5mha7bycj.cloudfront.net/product-image/file/large_5704ab51-c41d-41bb-949c-c9c271e7c9d0.jpeg,"
BJsWholesaleClub,Butterball Original Seasoned Turkey Burgers,$21.59,,,64 oz,[],Many in stock,"https://www.instacart.com/image-server/197x197/filters:fill(FFF,true):format(jpg)/d2lnr5mha7bycj.cloudfront.net/product-image/file/large_349e655f-8df9-4f2c-90dc-682b4ed0ca86.jpeg,"
BJsWholesaleClub,PERDUE HARVESTLAND Free Range Boneless Breasts,$17.97,/pkg (est.),$5.99 / lb,About 3.0 lb / package,['Breast'],,"https://www.instacart.com/image-server/197x197/filters:fill(FFF,true):format(jpg)/d2lnr5mha7bycj.cloudfront.net/product-image/file/large_5b674aab-2bff-471a-92c6-6a2754aa7544.jpeg,"
BJsWholesaleClub,Wellsley Farms Turkey,$10.79,/pkg (est.),$9.59 / lb,About 1.13 lb / package,[],,"https://www.instacart.com/image-server/197x197/filters:fill(FFF,true):format(jpg)/d2lnr5mha7bycj.cloudfront.net/product-image/file/large_2210d475-8786-4226-b7cd-1b01ef290f23.jpeg,"
BJsWholesaleClub,Harvestland Organic Boneless Breast,$23.07,/pkg (est.),$7.69 / lb,About 3.0 lb / package,"['Organic', 'Breast']",,"https://www.instacart.com/image-server/197x197/filters:fill(FFF,true):format(jpg)/d2lnr5mha7bycj.cloudfront.net/product-image/file/large_6d9295a9-6c6e-4701-a225-e71079556a72.jpeg,"
BJsWholesaleClub,"Perdue Fresh Boneless Skinless Thin Sliced Chicken Breasts, Freezer Ready Pouches, Club Pack",$5.79,/lb,,/lb,['Breast'],,"https://www.instacart.com/image-server/197x197/filters:fill(FFF,true):format(jpg)/d2lnr5mha7bycj.cloudfront.net/product-image/file/large_5c74d6ea-761e-48a4-bd1d-3cb5f6d98715.jpeg,"
BJsWholesaleClub,Perdue Fresh Roaster Tenderloins,$4.89,/lb,,/lb,['Breast'],Many in stock,"https://www.instacart.com/image-server/197x197/filters:fill(FFF,true):format(jpg)/d2lnr5mha7bycj.cloudfront.net/product-image/file/large_5407078f-ba64-46ca-8a44-2d2a7faa1363.jpeg,"
BJsWholesaleClub,Perdue No Antibiotics Ever Chicken Breast Cutlets,$15.29,,,3 x 2.25 lb,['Breast'],Many in stock,"https://www.instacart.com/image-server/197x197/filters:fill(FFF,true):format(jpg)/d2lnr5mha7bycj.cloudfront.net/product-image/file/large_9d0ecd78-12ed-413d-859e-40505f7cafea.jpeg,"
BJsWholesaleClub,Wellsley Farms Low Sodium Turkey,$10.79,/pkg (est.),$9.59 / lb,About 1.13 lb / package,['Breast'],,"https://www.instacart.com/image-server/197x197/filters:fill(FFF,true):format(jpg)/d2lnr5mha7bycj.cloudfront.net/product-image/file/large_a2fa1ed1-d999-44af-80ed-565e9b2d3c5c.jpeg,"
BJsWholesaleClub,"Perdue Fresh Whole Cornish Hen, Twin Pack",$13.96,/pkg (est.),$3.19 / lb,About 4.38 lb / package,[],,"https://www.instacart.com/image-server/197x197/filters:fill(FFF,true):format(jpg)/d2lnr5mha7bycj.cloudfront.net/product-image/file/large_65d3714e-fcb1-44e0-8314-ef7a9d5f5e24.jpeg,"
BJsWholesaleClub,Perdue No Antibiotics Ever Original Roasted Carved Chicken Breast Strips,$14.99,,,1.63 lb,['Breast'],,"https://www.instacart.com/image-server/197x197/filters:fill(FFF,true):format(jpg)/d2lnr5mha7bycj.cloudfront.net/product-image/file/large_31a386d8-99b3-4390-a93e-4c7c3adc0e2a.jpeg,"
BJsWholesaleClub,Organic Whole Chicken,$20.37,/pkg (est.),$3.79 / lb,About 5.38 lb / package,"['Organic', 'Whole']",,"https://www.instacart.com/image-server/197x197/filters:fill(FFF,true):format(jpg)/d2lnr5mha7bycj.cloudfront.net/product-image/file/large_024dcb72-8622-45cb-b8e6-673f464121c5.jpeg,"
BJsWholesaleClub,Winchester Farms 1.0 to 1.5 Pounds Chicken Cordon Bleu,$12.48,/pkg (est.),$10.19 / lb,About 1.23 lb / package,['Breast'],,"https://www.instacart.com/image-server/197x197/filters:fill(FFF,true):format(jpg)/d2lnr5mha7bycj.cloudfront.net/product-image/file/large_e8a27c52-e951-4f21-9b5a-f4c92e9f6f98.jpeg,"
BJsWholesaleClub,Smoked Turkey Drumsticks,$13.62,/pkg (est.),$4.19 / lb,About 3.25 lb / package,[],,"https://www.instacart.com/image-server/197x197/filters:fill(FFF,true):format(jpg)/d2lnr5mha7bycj.cloudfront.net/product-image/file/large_59c07a85-7439-4895-b6bc-7f3abd03c3d4.jpeg,"
BJsWholesaleClub,PERDUE HARVESTLAND Whole Chicken Free Range,$11.22,/pkg (est.),$2.19 / lb,About 5.13 lb / package,['Whole'],,"https://www.instacart.com/image-server/197x197/filters:fill(FFF,true):format(jpg)/d2lnr5mha7bycj.cloudfront.net/product-image/file/large_3a17bbd7-64dc-4aa0-848d-e47ac7b0fb73.jpeg,"
BJsWholesaleClub,Dietz & Watson Rotisserie Chicken Breast,$8.89,/lb,,/lb,['Breast'],,"https://www.instacart.com/image-server/197x197/filters:fill(FFF,true):format(jpg)/d2lnr5mha7bycj.cloudfront.net/product-image/file/large_11637ce4-3172-4b05-ae41-56f7d9a41074.jpeg,"
BJsWholesaleClub,Perdue Oven Stuffer,$15.60,/pkg (est.),$2.19 / lb,About 7.13 lb / package,['Whole'],,"https://www.instacart.com/image-server/197x197/filters:fill(FFF,true):format(jpg)/d2lnr5mha7bycj.cloudfront.net/product-image/file/large_ed98a72c-4ad4-4d53-9432-2852353c3bc7.jpeg,"
BJsWholesaleClub,Perdue Chicken Leg Quarters,$7.69,,,4 ct,['Leg'],,"https://www.instacart.com/image-server/197x197/filters:fill(FFF,true):format(jpg)/d2lnr5mha7bycj.cloudfront.net/product-image/file/large_9749c8c7-e4b6-492a-b4aa-b98bf7d3978e.jpg,"
BJsWholesaleClub,Wellsley Farms Distilled White Vinegar,$3.79,,,128 fl oz,[],Many in stock,"https://www.instacart.com/image-server/197x197/filters:fill(FFF,true):format(jpg)/d2lnr5mha7bycj.cloudfront.net/product-image/file/large_f9e11955-0efe-42ba-9a03-472944efbeb2.jpeg,"
BJsWholesaleClub,Pearl Milling Company Regular Syrup,$8.69,,,64 fl oz,[],,"https://www.instacart.com/image-server/197x197/filters:fill(FFF,true):format(jpg)/d2lnr5mha7bycj.cloudfront.net/product-image/file/large_04a5af52-6e11-4388-8724-6e2f389b13e9.jpeg,"
BJsWholesaleClub,Lawry's® Coarse Ground Garlic Salt With Parsley,$13.99,,,33 oz,[],Many in stock,"https://www.instacart.com/image-server/197x197/filters:fill(FFF,true):format(jpg)/d2lnr5mha7bycj.cloudfront.net/product-image/file/large_a3cee6fa-035e-4b33-abca-bc2b71f7ad91.jpeg,"
BJsWholesaleClub,Wellsley Farms Vegetable Oil,$15.29,,,1.25 gal,[],,"https://www.instacart.com/image-server/197x197/filters:fill(FFF,true):format(jpg)/d2lnr5mha7bycj.cloudfront.net/product-image/file/large_6d3c1a54-89f7-4d23-b094-da72443397bd.jpeg,"
BJsWholesaleClub,Pillsbury Cinnamon Rolls With Icing,$12.69,,,49.6 oz,[],,"https://www.instacart.com/image-server/197x197/filters:fill(FFF,true):format(jpg)/d2lnr5mha7bycj.cloudfront.net/product-image/file/large_fabc7491-866f-4676-bf49-8774d1a1303f.jpeg,"
BJsWholesaleClub,Wellsley Farms Non-stick Cooking Spray,$12.39,,,2 x 17 oz,[],Many in stock,"https://www.instacart.com/image-server/197x197/filters:fill(FFF,true):format(jpg)/d2lnr5mha7bycj.cloudfront.net/product-image/file/large_4b7942f2-fb67-47d4-b85d-986c2be5342c.jpeg,"
BJsWholesaleClub,"Lawry's® Seasoned Salt, The Original",$10.99,,,40 oz,[],Many in stock,"https://www.instacart.com/image-server/197x197/filters:fill(FFF,true):format(jpg)/d2lnr5mha7bycj.cloudfront.net/product-image/file/large_054bce4b-0921-4be3-941d-793b15b7c645.jpeg,"
BJsWholesaleClub,Arm & Hammer Pure Baking Soda,$10.79,,,13.5 lb,[],,"https://www.instacart.com/image-server/197x197/filters:fill(FFF,true):format(jpg)/d2lnr5mha7bycj.cloudfront.net/product-image/file/large_dc61f603-1db9-4c24-b59d-dcc6488b07a8.jpeg,"
BJsWholesaleClub,Wellsley Farms Maple Organic Syrup,$14.99,,,1 qt,['Organic'],Many in stock,"https://www.instacart.com/image-server/197x197/filters:fill(FFF,true):format(jpg)/d2lnr5mha7bycj.cloudfront.net/product-image/file/large_01a01265-e25b-4606-a858-01874dbb1e54.jpeg,"
BJsWholesaleClub,"Pillsbury Crescent Rolls, Original Rolls",$12.49,,,32 oz,[],,"https://www.instacart.com/image-server/197x197/filters:fill(FFF,true):format(jpg)/d2lnr5mha7bycj.cloudfront.net/product-image/file/large_59b8f5ec-8b3e-457d-a7a6-95193f520e7e.jpeg,"
BJsWholesaleClub,Pillsbury Premade Refrigerated Pie Crusts,$7.99,,,14.1 oz,[],,"https://www.instacart.com/image-server/197x197/filters:fill(FFF,true):format(jpg)/d2lnr5mha7bycj.cloudfront.net/product-image/file/large_93160219-85ff-4689-aab6-dc7dda37f828.jpeg,"
BJsWholesaleClub,Wellsley Farms Avocado Oil Spray,$11.49,,,2 x 7 oz,[],Many in stock,"https://www.instacart.com/image-server/197x197/filters:fill(FFF,true):format(jpg)/d2lnr5mha7bycj.cloudfront.net/product-image/file/large_c0504a82-875a-4def-90c4-79bfac5f7de7.jpeg,"
BJsWholesaleClub,Wellsley Farms Honey,$10.59,,,40 oz,['Gluten-Free'],Many in stock,"https://www.instacart.com/image-server/197x197/filters:fill(FFF,true):format(jpg)/d2lnr5mha7bycj.cloudfront.net/product-image/file/large_891803cb-3b2b-4afa-860d-ce991e023f4f.jpeg,"
BJsWholesaleClub,Wellsley Farms Organic Cane Sugar,$11.49,,,10 lb,"['Organic', 'Gluten-Free']",Many in stock,"https://www.instacart.com/image-server/197x197/filters:fill(FFF,true):format(jpg)/d2lnr5mha7bycj.cloudfront.net/product-image/file/large_6f915729-27ff-4669-b5fb-ca50631f3621.jpeg,"
BJsWholesaleClub,Old Bay® Seasoning,$13.79,,,24 oz,[],Many in stock,"https://www.instacart.com/image-server/197x197/filters:fill(FFF,true):format(jpg)/d2lnr5mha7bycj.cloudfront.net/product-image/file/large_d122eb8c-781f-4d4b-81a7-11c04ab03a3a.jpeg,"
BJsWholesaleClub,Pillsbury Grands! Flaky Layers Biscuits,$12.69,,,65.2 oz,[],,"https://www.instacart.com/image-server/197x197/filters:fill(FFF,true):format(jpg)/d2lnr5mha7bycj.cloudfront.net/product-image/file/large_50aeef85-fd13-474d-b6b9-c2f706fd2e17.jpeg,"
BJsWholesaleClub,Wellsley Farms Organic Extra Virgin Olive Oil,$31.79,,,68 fl oz,['Organic'],Many in stock,"https://www.instacart.com/image-server/197x197/filters:fill(FFF,true):format(jpg)/d2lnr5mha7bycj.cloudfront.net/product-image/file/large_1231aa7f-6dd6-4012-bac7-578f4a6ee34b.jpeg,"
BJsWholesaleClub,Wellsley Farms Avocado Oil,$27.99,,,67.6 fl oz,[],Many in stock,"https://www.instacart.com/image-server/197x197/filters:fill(FFF,true):format(jpg)/d2lnr5mha7bycj.cloudfront.net/product-image/file/large_485d0a9a-6418-4747-b85c-f666ba27edca.jpeg,"
BJsWholesaleClub,"Domino Sugar, Granulated",$24.19,,,25 lb,[],Many in stock,"https://www.instacart.com/image-server/197x197/filters:fill(FFF,true):format(jpg)/d2lnr5mha7bycj.cloudfront.net/product-image/file/large_a6aa1375-648f-4cb0-8345-84c72e74816d.jpeg,"
BJsWholesaleClub,Wellsley Farms Canola Oil,$16.49,,,1.25 gal,[],Many in stock,"https://www.instacart.com/image-server/197x197/filters:fill(FFF,true):format(jpg)/d2lnr5mha7bycj.cloudfront.net/product-image/file/large_4e5c45fd-5fa9-4f10-abb9-e359284f68f7.jpeg,"
BJsWholesaleClub,Wellsley Farms Organic Extra Virgin Olive Oil Spray,$8.89,,,2 x 7 oz,['Organic'],Many in stock,"https://www.instacart.com/image-server/197x197/filters:fill(FFF,true):format(jpg)/d2lnr5mha7bycj.cloudfront.net/product-image/file/large_3598f363-1cd6-4249-acd5-02b243dca761.jpeg,"
BJsWholesaleClub,Truvia Calorie Free Sweetener,$19.69,,,400 ct,"['Gluten-Free', 'Keto']",,"https://www.instacart.com/image-server/197x197/filters:fill(FFF,true):format(jpg)/d2lnr5mha7bycj.cloudfront.net/product-image/file/large_86f2cee1-d609-4c16-a39d-059a8e50c387.jpeg,"
BJsWholesaleClub,Original price: $13.99,$11.49,,,80 oz,[],,"https://www.instacart.com/image-server/197x197/filters:fill(FFF,true):format(jpg)/d2lnr5mha7bycj.cloudfront.net/product-image/file/large_f0aa8c95-5b64-4e9e-8ef7-d05c333bbb5c.jpeg,"
BJsWholesaleClub,Wellsley Farms Fine Table Salt,$4.89,,,4 lb,[],Many in stock,"https://www.instacart.com/image-server/197x197/filters:fill(FFF,true):format(jpg)/d2lnr5mha7bycj.cloudfront.net/product-image/file/large_d2f53cf8-f4b8-43ac-9c57-64333b231d05.jpeg,"
BJsWholesaleClub,Wellsley Farms Onion Powder,$10.79,,,21.5 oz,[],Many in stock,"https://www.instacart.com/image-server/197x197/filters:fill(FFF,true):format(jpg)/d2lnr5mha7bycj.cloudfront.net/product-image/file/large_59759357-b360-4ab2-b902-9aad9bb226f7.jpeg,"
BJsWholesaleClub,Lawry's® All Purpose Chicken Seasoning,$8.89,,,16.5 oz,[],Many in stock,"https://www.instacart.com/image-server/197x197/filters:fill(FFF,true):format(jpg)/d2lnr5mha7bycj.cloudfront.net/product-image/file/large_24c05932-8fba-491f-aa02-6fbfca91393d.jpeg,"
BJsWholesaleClub,Wellsley Farms Coarse KOSHER SALT,$3.79,,,3 lb,[],Many in stock,"https://www.instacart.com/image-server/197x197/filters:fill(FFF,true):format(jpg)/d2lnr5mha7bycj.cloudfront.net/product-image/file/large_2ef5d44c-599e-4ed0-85da-4da6f5314355.jpeg,"
BJsWholesaleClub,Wellsley Farms Himalayan Fine Pink Salt,$9.59,,,80 oz,[],Many in stock,"https://www.instacart.com/image-server/197x197/filters:fill(FFF,true):format(jpg)/d2lnr5mha7bycj.cloudfront.net/product-image/file/large_4eccae0c-9234-410e-940b-bae43dff807e.jpeg,"
BJsWholesaleClub,"Domino Powdered Sugar, Premium Cane",$6.79,,,4 lb,[],Many in stock,"https://www.instacart.com/image-server/197x197/filters:fill(FFF,true):format(jpg)/d2lnr5mha7bycj.cloudfront.net/product-image/file/large_5da433c0-b4f0-4d3e-a5d3-5fa210cb7bd5.jpeg,"
BJsWholesaleClub,"Equal Sweetener, Zero Calorie",$15.29,,,1000 each,"['Gluten-Free', 'Keto']",Many in stock,"https://www.instacart.com/image-server/197x197/filters:fill(FFF,true):format(jpg)/d2lnr5mha7bycj.cloudfront.net/product-image/file/large_237cbcca-edfe-4450-94b4-565da1899641.jpeg,"
BJsWholesaleClub,Wellsley Farms Black Pepper Pure Ground,$10.19,,,17.5 oz,[],Many in stock,"https://www.instacart.com/image-server/197x197/filters:fill(FFF,true):format(jpg)/d2lnr5mha7bycj.cloudfront.net/product-image/file/large_344852a1-597f-4f2e-9e4d-d52030b51f20.jpeg,"
BJsWholesaleClub,Wellsley Farms Organic Agave,$7.69,,,44 oz,"['Organic', 'Gluten-Free']",Many in stock,"https://www.instacart.com/image-server/197x197/filters:fill(FFF,true):format(jpg)/d2lnr5mha7bycj.cloudfront.net/product-image/file/large_2ea84636-b0cf-4ea4-a252-bbb888b66152.jpeg,"
BJsWholesaleClub,"Domino Sugar, Premium Pure Cane, Light Brown",$7.49,,,4 lb,[],Many in stock,"https://www.instacart.com/image-server/197x197/filters:fill(FFF,true):format(jpg)/d2lnr5mha7bycj.cloudfront.net/product-image/file/large_3f5a5b83-c1ed-4bbb-82b9-9b491e04aca6.jpeg,"
BJsWholesaleClub,McCormick® Premium Brown Gravy Mix,$10.19,,,21 oz,[],Many in stock,"https://www.instacart.com/image-server/197x197/filters:fill(FFF,true):format(jpg)/d2lnr5mha7bycj.cloudfront.net/product-image/file/large_b5e5ed4e-af75-4115-b076-6e81dd6218bf.jpeg,"
BJsWholesaleClub,King Arthur Baking Company Unbleached All-purpose Flour,$13.79,,,12 lb,[],Many in stock,"https://www.instacart.com/image-server/197x197/filters:fill(FFF,true):format(jpg)/d2lnr5mha7bycj.cloudfront.net/product-image/file/large_3302c242-9385-499c-bc3a-ab98d3a933c7.jpeg,"
BJsWholesaleClub,Toll House Semi Sweet Chocolate Morsels,$15.29,,,72 oz,['Gluten-Free'],,"https://www.instacart.com/image-server/197x197/filters:fill(FFF,true):format(jpg)/d2lnr5mha7bycj.cloudfront.net/product-image/file/large_5073d81a-ca95-4cc0-979b-8d0da354a818.jpeg,"
BJsWholesaleClub,Sweet Loren’s Chocolate Chunk Pre-Cut Dough,$13.99,,,2 ct,[],,"https://www.instacart.com/image-server/197x197/filters:fill(FFF,true):format(jpg)/d2lnr5mha7bycj.cloudfront.net/product-image/file/large_73388470-7865-48ad-9639-ed2bb71b6b6c.jpeg,"
BJsWholesaleClub,Pompeian Gourmet Selection Extra Virgin Olive Oil,$41.89,,,2 x 48 fl oz,[],,"https://www.instacart.com/image-server/197x197/filters:fill(FFF,true):format(jpg)/d2lnr5mha7bycj.cloudfront.net/product-image/file/large_7e7fe2df-86a7-45e1-a61a-3cbad51d38f6.jpeg,"
BJsWholesaleClub,Sugar In The Raw Turbinado Cane Sugar,$11.49,,,96 oz,['Gluten-Free'],,"https://www.instacart.com/image-server/197x197/filters:fill(FFF,true):format(jpg)/d2lnr5mha7bycj.cloudfront.net/product-image/file/large_721fc1f1-d6ee-4d2d-9da8-c7f21969b33d.jpeg,"
BJsWholesaleClub,King Arthur Baking Company Gluten Free Measure For Measure Flour,$12.69,,,5 lb,['Gluten-Free'],Many in stock,"https://www.instacart.com/image-server/197x197/filters:fill(FFF,true):format(jpg)/d2lnr5mha7bycj.cloudfront.net/product-image/file/large_b2362115-c108-4410-be8b-4bc052f23707.jpeg,"
BJsWholesaleClub,Colavita Balsamic Glace,$10.79,,,29.5 fl oz,[],Many in stock,"https://www.instacart.com/image-server/197x197/filters:fill(FFF,true):format(jpg)/d2lnr5mha7bycj.cloudfront.net/product-image/file/large_9fad54cf-ac64-4ab4-aebe-0f51e42d6a8c.jpeg,"
BJsWholesaleClub,"Butternut Mountain Farm Maple Syrup, Leaf Bottle",$6.39,,,1 each,[],,"https://www.instacart.com/image-server/197x197/filters:fill(FFF,true):format(jpg)/d2lnr5mha7bycj.cloudfront.net/product-image/file/large_7bc77277-b933-442d-ae3e-6a4c0343fd66.jpeg,"
BJsWholesaleClub,Wellsley Farms Fine Garlic Powder,$9.59,,,20.2 oz,[],,"https://www.instacart.com/image-server/197x197/filters:fill(FFF,true):format(jpg)/d2lnr5mha7bycj.cloudfront.net/product-image/file/large_68100662-f7ef-4e47-89ca-89959dac5860.jpeg,"
BJsWholesaleClub,Carnation Evaporated Milk Vitamin D,$15.29,,,12 fl oz,[],,"https://www.instacart.com/image-server/197x197/filters:fill(FFF,true):format(jpg)/d2lnr5mha7bycj.cloudfront.net/product-image/file/large_f4c42264-8dd9-4e6a-9412-e725c9e953af.jpeg,"
BJsWholesaleClub,Original price: $11.19,$9.89,,,29 oz,[],,"https://www.instacart.com/image-server/197x197/filters:fill(FFF,true):format(jpg)/d2lnr5mha7bycj.cloudfront.net/product-image/file/large_726ddd72-b03f-4307-b346-433aab4501b9.jpeg,"
BJsWholesaleClub,McCormick® Italian Seasoning,$8.29,,,6.3 oz,[],Many in stock,"https://www.instacart.com/image-server/197x197/filters:fill(FFF,true):format(jpg)/d2lnr5mha7bycj.cloudfront.net/product-image/file/large_f4d3e3b7-f47b-49e5-b82d-d986b790f5c0.jpeg,"
BJsWholesaleClub,Pompeian Grapeseed Oil,$17.19,,,68 fl oz,[],,"https://www.instacart.com/image-server/197x197/filters:fill(FFF,true):format(jpg)/d2lnr5mha7bycj.cloudfront.net/product-image/file/large_19be3b22-d001-4472-b165-f0690393f251.jpeg,"
BJsWholesaleClub,"Mazola Corn Oil, Cholesterol Free",$39.39,,,2.5 gal,[],Many in stock,"https://www.instacart.com/image-server/197x197/filters:fill(FFF,true):format(jpg)/d2lnr5mha7bycj.cloudfront.net/product-image/file/large_8e1c8cd3-a9e5-462b-99cf-93a2eecbeabf.jpeg,"
BJsWholesaleClub,Honey Nut Cheerios Heart Healthy Cereal With Happy Heart Shapes,$11.29,,,2 x 27.5 oz,"['Gluten-Free', 'Whole Grain']",,"https://www.instacart.com/image-server/197x197/filters:fill(FFF,true):format(jpg)/d2lnr5mha7bycj.cloudfront.net/product-image/file/large_d93d31eb-4b89-452b-bbb4-58c6ffeec266.jpeg,"
BJsWholesaleClub,General Mills Kids Triple Variety Pack Cereal,$10.19,,,38.5 oz,['Gluten-Free'],Many in stock,"https://www.instacart.com/image-server/197x197/filters:fill(FFF,true):format(jpg)/d2lnr5mha7bycj.cloudfront.net/product-image/file/large_3a2a220e-adc6-4e53-ad6f-03737c0e424c.jpeg,"
BJsWholesaleClub,"Cap'N Crunch Cereal, Sweetened Corn & Oat, Crunch Berries",$7.69,,,40 oz,[],Many in stock,"https://www.instacart.com/image-server/197x197/filters:fill(FFF,true):format(jpg)/d2lnr5mha7bycj.cloudfront.net/product-image/file/large_94d885f1-38a3-492b-ae04-185e3bb3160b.jpeg,"
BJsWholesaleClub,Post PEBBLES Cereal,$10.19,,,38 oz,['Gluten-Free'],,"https://www.instacart.com/image-server/197x197/filters:fill(FFF,true):format(jpg)/d2lnr5mha7bycj.cloudfront.net/product-image/file/large_188a24a3-9661-4764-9e86-374bf70fb62d.jpeg,"
BJsWholesaleClub,Kodiak Cakes Flapjack & Waffle Mix,$15.29,,,20 oz,[],Many in stock,"https://www.instacart.com/image-server/197x197/filters:fill(FFF,true):format(jpg)/d2lnr5mha7bycj.cloudfront.net/product-image/file/large_73fd8e71-8380-4b87-b567-36bdc5ed21bd.jpeg,"
BJsWholesaleClub,"Frosted Flakes Breakfast Cereal, Kids Cereal, Family Breakfast, Original",$11.49,,,61.9 oz,[],,"https://www.instacart.com/image-server/197x197/filters:fill(FFF,true):format(jpg)/d2lnr5mha7bycj.cloudfront.net/product-image/file/large_77f04da0-7972-43e7-96e0-3030b3583ef8.jpeg,"
BJsWholesaleClub,"Wellsley Farms Swiss Granola With Almonds, Hazelnuts & Strawberries",$12.69,,,32 oz,[],Many in stock,"https://www.instacart.com/image-server/197x197/filters:fill(FFF,true):format(jpg)/d2lnr5mha7bycj.cloudfront.net/product-image/file/large_94a311b9-2f85-4e68-abdf-fddea7f3c01c.jpeg,"
BJsWholesaleClub,"Kellogg's Breakfast Cereal, 8 Vitamins and Minerals, Variety Pack",$11.19,,,3 x 37.3 oz,[],,"https://www.instacart.com/image-server/197x197/filters:fill(FFF,true):format(jpg)/d2lnr5mha7bycj.cloudfront.net/product-image/file/large_56a5a516-79a7-4899-b62e-bbfecde416d3.jpeg,"
BJsWholesaleClub,Lucky Charms Gluten Free Breakfast Cereal with Marshmallows,$10.59,,,46 oz,"['Gluten-Free', 'Whole Grain']",,"https://www.instacart.com/image-server/197x197/filters:fill(FFF,true):format(jpg)/d2lnr5mha7bycj.cloudfront.net/product-image/file/large_4f9a445d-182e-45b4-a6b9-747025ae4f68.jpeg,"
BJsWholesaleClub,Pillsbury Strawberry Toaster Strudel Pastries With Icing Packets,$15.29,,,58.5 oz,[],,"https://www.instacart.com/image-server/197x197/filters:fill(FFF,true):format(jpg)/d2lnr5mha7bycj.cloudfront.net/product-image/file/large_f538059e-9692-4c02-a053-23a57802fbaa.jpeg,"
BJsWholesaleClub,Quaker Variety Instant Oats Hot Cereal,$17.79,,,52 each,[],Many in stock,"https://www.instacart.com/image-server/197x197/filters:fill(FFF,true):format(jpg)/d2lnr5mha7bycj.cloudfront.net/product-image/file/large_ff87cede-26cc-418a-bdb1-f7fc648cde74.jpeg,"
BJsWholesaleClub,Krusteaz Light & Fluffy Buttermilk Pancake & Waffle Mix,$11.49,,,10 lb,[],,"https://www.instacart.com/image-server/197x197/filters:fill(FFF,true):format(jpg)/d2lnr5mha7bycj.cloudfront.net/product-image/file/large_4f5137e1-9ffa-45b2-b655-6e99a70e42a7.png,"
BJsWholesaleClub,"Kellogg’s Special K Pastry Crisps, Breakfast Bars, 100 Calorie Snacks, Variety Pack",$13.99,,,60 ct,[],Many in stock,"https://www.instacart.com/image-server/197x197/filters:fill(FFF,true):format(jpg)/d2lnr5mha7bycj.cloudfront.net/product-image/file/large_4d094d1c-be04-4097-b020-ab102d038abc.jpeg,"
BJsWholesaleClub,"Kellogg's Cold Breakfast Cereal, Single Serve, Kids Snacks, Variety Pack",$12.49,,,25 x 26.9 oz,[],Many in stock,"https://www.instacart.com/image-server/197x197/filters:fill(FFF,true):format(jpg)/d2lnr5mha7bycj.cloudfront.net/product-image/file/large_47dc528f-0955-4f61-b007-58f4203a3799.jpeg,"
BJsWholesaleClub,"Quaker Oats, 100% Whole Grain",$15.29,,,2 x 5 lb,[],Many in stock,"https://www.instacart.com/image-server/197x197/filters:fill(FFF,true):format(jpg)/d2lnr5mha7bycj.cloudfront.net/product-image/file/large_f4949f68-7942-42e5-9044-1d3788b657b7.jpeg,"
BJsWholesaleClub,brekki Overnight Oats,$13.99,,,6 x 5.3 oz,[],,"https://www.instacart.com/image-server/197x197/filters:fill(FFF,true):format(jpg)/d2lnr5mha7bycj.cloudfront.net/product-image/file/large_70a84647-76b0-4025-83c0-bae8b8d224fd.jpeg,"
BJsWholesaleClub,General Mills Minis Triple Variety Pack Cereal,$10.19,,,34.8 oz,[],Many in stock,"https://www.instacart.com/image-server/197x197/filters:fill(FFF,true):format(jpg)/d2lnr5mha7bycj.cloudfront.net/product-image/file/large_bd2cd5bc-e2e5-41fc-9e45-94ba56c8270d.jpeg,"
BJsWholesaleClub,Cheerios Heart Healthy Gluten Free Breakfast Cereal,$8.29,,,40.7 oz,"['Gluten-Free', 'Whole Grain']",,"https://www.instacart.com/image-server/197x197/filters:fill(FFF,true):format(jpg)/d2lnr5mha7bycj.cloudfront.net/product-image/file/large_99cca1c9-bbf1-4688-8b81-ec2eff3e803f.jpeg,"
BJsWholesaleClub,"Kellogg Froot Loops Breakfast Cereal, Kids Cereal, Family Breakfast, Original",$11.49,,,2 x 43.6 oz,[],,"https://www.instacart.com/image-server/197x197/filters:fill(FFF,true):format(jpg)/d2lnr5mha7bycj.cloudfront.net/product-image/file/large_a6922e33-a601-48a5-926b-7cc81d19b3bc.jpeg,"
BJsWholesaleClub,"Bisquick Pancake & Baking Mix, All Purpose",$11.19,,,96 oz,[],Many in stock,"https://www.instacart.com/image-server/197x197/filters:fill(FFF,true):format(jpg)/d2lnr5mha7bycj.cloudfront.net/product-image/file/large_b7606e95-6ae2-45e0-892a-c3ec9360589f.jpeg,"
BJsWholesaleClub,"Kellogg’s Special K Breakfast Cereal, Family Breakfast, Fiber Cereal, Red Berries",$12.69,,,2 x 21.5 oz,['Whole Grain'],,"https://www.instacart.com/image-server/197x197/filters:fill(FFF,true):format(jpg)/d2lnr5mha7bycj.cloudfront.net/product-image/file/large_169e703f-5899-4aae-92b3-c852f361a46c.jpeg,"
BJsWholesaleClub,Post Honey Bunches of Oats with Almonds Cereal,$9.79,,,48 oz,['Whole Grain'],,"https://www.instacart.com/image-server/197x197/filters:fill(FFF,true):format(jpg)/d2lnr5mha7bycj.cloudfront.net/product-image/file/large_44a59bd5-0bba-432a-a096-88a4e7dcff2e.jpeg,"
BJsWholesaleClub,"Raisin Bran Breakfast Cereal, Family Breakfast, Fiber Cereal, Original",$12.69,,,76.5 oz,['Whole Grain'],,"https://www.instacart.com/image-server/197x197/filters:fill(FFF,true):format(jpg)/d2lnr5mha7bycj.cloudfront.net/product-image/file/large_bebec152-d097-4ba3-a89e-489c30575834.jpeg,"
BJsWholesaleClub,Chrissy Teigen Cravings Buttermilk Mochi Pancake & Waffle Mix,$3.79,,,2 x 14.2 oz,['Gluten-Free'],,"https://www.instacart.com/image-server/197x197/filters:fill(FFF,true):format(jpg)/d2lnr5mha7bycj.cloudfront.net/product-image/file/large_9b398fbd-a779-471c-8da2-95a375085b3e.jpeg,"
BJsWholesaleClub,"Life Cereal, Multigrain, Original",$12.69,,,62 oz,['Multigrain'],Many in stock,"https://www.instacart.com/image-server/197x197/filters:fill(FFF,true):format(jpg)/d2lnr5mha7bycj.cloudfront.net/product-image/file/large_1764eb03-623e-473f-a952-0065b0a5f978.jpeg,"
BJsWholesaleClub,"Pearl Milling Company Pancake & Waffle Mix, Buttermilk, Complete, Giant Size",$14.59,,,80 oz,[],,"https://www.instacart.com/image-server/197x197/filters:fill(FFF,true):format(jpg)/d2lnr5mha7bycj.cloudfront.net/product-image/file/large_8e89f913-e440-4294-915c-e3be56ad08b3.jpeg,"
BJsWholesaleClub,"Raisin Bran Breakfast Cereal, High Fiber Cereal, Original",$6.99,,,2 x 42 oz,['Whole Grain'],,"https://www.instacart.com/image-server/197x197/filters:fill(FFF,true):format(jpg)/d2lnr5mha7bycj.cloudfront.net/product-image/file/large_903cfaba-46ad-40fe-b424-e72a05fda2d6.jpeg,"
BJsWholesaleClub,Quaker Instant Grits,$16.49,,,46 ct,[],Many in stock,"https://www.instacart.com/image-server/197x197/filters:fill(FFF,true):format(jpg)/d2lnr5mha7bycj.cloudfront.net/product-image/file/large_d7c589a7-39a6-402b-b4e4-b4dc8a416d81.jpeg,"
BJsWholesaleClub,"Kellogg's Rice Krispies Breakfast Cereal, Kids Snacks, Family Breakfast, Original",$12.69,,,2 x 42 oz,[],,"https://www.instacart.com/image-server/197x197/filters:fill(FFF,true):format(jpg)/d2lnr5mha7bycj.cloudfront.net/product-image/file/large_d9921c2e-2995-44d1-a354-f3a5813ce17e.jpeg,"
BJsWholesaleClub,Nature Valley Whole Grain Oats and Honey Protein Granola,$11.49,,,28 oz,[],Many in stock,"https://www.instacart.com/image-server/197x197/filters:fill(FFF,true):format(jpg)/d2lnr5mha7bycj.cloudfront.net/product-image/file/large_8a79fb13-e8f6-4d04-86f5-0b7193197a40.jpeg,"
BJsWholesaleClub,Frosted Mini-Wheats Mini Wheats Cereal Bite Size Frosted,$10.79,,,2 x 55 oz,['Whole Grain'],,"https://www.instacart.com/image-server/197x197/filters:fill(FFF,true):format(jpg)/d2lnr5mha7bycj.cloudfront.net/product-image/file/large_488ba125-39f0-4fd5-997c-e50037b0c884.jpeg,"
BJsWholesaleClub,Cocoa Puffs Corn Puffs,$8.89,,,2 ct,[],Many in stock,"https://www.instacart.com/image-server/197x197/filters:fill(FFF,true):format(jpg)/d2lnr5mha7bycj.cloudfront.net/product-image/file/large_9e572087-7e68-4322-8324-6dc05185ce93.jpeg,"
BJsWholesaleClub,Cheerios Oat Crunch Cinnamon Oat Breakfast Cereal,$11.19,,,59.5 oz,['Whole Grain'],Many in stock,"https://www.instacart.com/image-server/197x197/filters:fill(FFF,true):format(jpg)/d2lnr5mha7bycj.cloudfront.net/product-image/file/large_31d5d2b6-89eb-4f86-9315-7e0f15605f79.jpeg,"
BJsWholesaleClub,Purely Elizabeth Granola,$14.59,,,24 oz,[],,"https://www.instacart.com/image-server/197x197/filters:fill(FFF,true):format(jpg)/d2lnr5mha7bycj.cloudfront.net/product-image/file/large_4c43e77c-66ec-4afb-8b65-3dbfc0e4cf33.jpeg,"
BJsWholesaleClub,"Kellogg's Corn Flakes Breakfast Cereal, Kids Cereal, Family Breakfast, Original",$10.79,,,2 x 43 oz,[],,"https://www.instacart.com/image-server/197x197/filters:fill(FFF,true):format(jpg)/d2lnr5mha7bycj.cloudfront.net/product-image/file/large_dccde068-a54e-4c03-8538-a355702ce46b.jpeg,"
BJsWholesaleClub,"Kellogg’s Nutri-Grain Soft Baked Breakfast Bars, Made with Whole Grains, Kids Snacks, Variety Pack",$8.29,,,40 x 49 oz,[],,"https://www.instacart.com/image-server/197x197/filters:fill(FFF,true):format(jpg)/d2lnr5mha7bycj.cloudfront.net/product-image/file/large_71507927-106a-4e0b-8a02-758abe74dd00.jpeg,"
BJsWholesaleClub,Post Honey Bunches of Oats Honey Roasted Cereal,$9.79,,,48 oz,['Whole Grain'],,"https://www.instacart.com/image-server/197x197/filters:fill(FFF,true):format(jpg)/d2lnr5mha7bycj.cloudfront.net/product-image/file/large_170a1fc6-5c78-4427-abc6-97ae00f9d12e.jpeg,"
BJsWholesaleClub,Hellmann's Mayonnaise Real Mayo,$11.79,,,64 fl oz,[],,"https://www.instacart.com/image-server/197x197/filters:fill(FFF,true):format(jpg)/d2lnr5mha7bycj.cloudfront.net/product-image/file/large_9a2a44f6-53bb-4a3a-b6b5-0c103d3595c5.jpeg,"
BJsWholesaleClub,"Hidden Valley Original Ranch® Homestyle Salad Dressing & Topping, Gluten Free",$16.29,,,2 x 40 fl oz,[],,"https://www.instacart.com/image-server/197x197/filters:fill(FFF,true):format(jpg)/d2lnr5mha7bycj.cloudfront.net/product-image/file/large_7a1cde2d-15c3-4ff0-8fd1-57d251453f5c.jpeg,"
BJsWholesaleClub,"Heinz Ketchup/Sweet Relish, Yellow Mustard Picnic Pack",$12.09,,,4 ct,[],,"https://www.instacart.com/image-server/197x197/filters:fill(FFF,true):format(jpg)/d2lnr5mha7bycj.cloudfront.net/product-image/file/large_fa95c982-e15a-47cb-9ef9-3e4c6210573a.jpeg,"
BJsWholesaleClub,Rao's Marinara Sauce,$11.19,,,40 oz,['Vegan'],,"https://www.instacart.com/image-server/197x197/filters:fill(FFF,true):format(jpg)/d2lnr5mha7bycj.cloudfront.net/product-image/file/large_5eb93392-b560-4376-b938-df982194cde6.jpeg,"
BJsWholesaleClub,Tabasco Brand Pepper Sauce,$7.69,,,12 fl oz,['Gluten-Free'],Many in stock,"https://www.instacart.com/image-server/197x197/filters:fill(FFF,true):format(jpg)/d2lnr5mha7bycj.cloudfront.net/product-image/file/large_63347432-b36b-464a-940e-c850d6573c17.jpeg,"
BJsWholesaleClub,Wellsley Farms Minced Garlic,$6.39,,,32 oz,[],,"https://www.instacart.com/image-server/197x197/filters:fill(FFF,true):format(jpg)/d2lnr5mha7bycj.cloudfront.net/product-image/file/large_fd41ad71-ff65-40bb-9d35-470702d2d0fc.jpeg,"
BJsWholesaleClub,Wellsley Farms Tomato Organic Ketchup,$11.49,,,2 x 40 oz,"['Organic', 'Vegan']",Many in stock,"https://www.instacart.com/image-server/197x197/filters:fill(FFF,true):format(jpg)/d2lnr5mha7bycj.cloudfront.net/product-image/file/large_bdb445b0-541e-4aae-be2a-e750d827ed16.jpeg,"
BJsWholesaleClub,Wellsley Farms Mild Salsa,$6.99,,,30 oz,['Vegan'],,"https://www.instacart.com/image-server/197x197/filters:fill(FFF,true):format(jpg)/d2lnr5mha7bycj.cloudfront.net/product-image/file/large_257f354b-ab5a-481b-8422-dfea05414bf8.jpeg,"
BJsWholesaleClub,"Chosen Foods 100% Pure Avocado Oil-Based, Classic Mayo",$13.99,,,24 fl oz,[],Many in stock,"https://www.instacart.com/image-server/197x197/filters:fill(FFF,true):format(jpg)/d2lnr5mha7bycj.cloudfront.net/product-image/file/large_c0b37278-5e11-4134-acb9-7b4d0e96e9ee.png,"
BJsWholesaleClub,Bertolli Alfredo Sauce with Aged Parmesan Cheese,$9.39,,,15 oz,[],,"https://www.instacart.com/image-server/197x197/filters:fill(FFF,true):format(jpg)/d2lnr5mha7bycj.cloudfront.net/product-image/file/large_fd3cf50d-9b50-4d88-89da-f4bae660a9f5.jpeg,"
BJsWholesaleClub,Sweet Baby Ray's Honey Bbq Sauce,$7.69,,,2 x 40 oz,[],Many in stock,"https://www.instacart.com/image-server/197x197/filters:fill(FFF,true):format(jpg)/d2lnr5mha7bycj.cloudfront.net/product-image/file/large_05a7f85a-000a-47b0-b693-341eb4043580.jpeg,"
BJsWholesaleClub,Ragu Old World Style Traditional Pasta Sauce,$11.49,,,3 x 45 fl oz,[],,"https://www.instacart.com/image-server/197x197/filters:fill(FFF,true):format(jpg)/d2lnr5mha7bycj.cloudfront.net/product-image/file/large_adcd7172-9d85-4ee0-9c67-e276dd2e65c1.jpeg,"
BJsWholesaleClub,Bachan's Original Japanese Barbecue Sauce,$11.49,,,26 oz,[],Many in stock,"https://www.instacart.com/image-server/197x197/filters:fill(FFF,true):format(jpg)/d2lnr5mha7bycj.cloudfront.net/product-image/file/large_e83cc646-c1f0-4231-ae9e-b9141929efa5.jpg,"
BJsWholesaleClub,Sweet Baby Ray's Barbecue Sauce,$7.69,,,40 oz,['Gluten-Free'],Many in stock,"https://www.instacart.com/image-server/197x197/filters:fill(FFF,true):format(jpg)/d2lnr5mha7bycj.cloudfront.net/product-image/file/large_9898ef59-0f7e-4428-86c0-6ace916ad033.jpeg,"
BJsWholesaleClub,"Vlasic Kosher Dill Baby Whole Pickles, Keto Friendly",$6.39,,,46 fl oz,[],,"https://www.instacart.com/image-server/197x197/filters:fill(FFF,true):format(jpg)/d2lnr5mha7bycj.cloudfront.net/product-image/file/large_7ca55ac4-cca8-49ca-ac75-5479edbd16c9.jpeg,"
BJsWholesaleClub,Bertolli Tomato & Basil Sauce,$9.29,,,24 oz,[],,"https://www.instacart.com/image-server/197x197/filters:fill(FFF,true):format(jpg)/d2lnr5mha7bycj.cloudfront.net/product-image/file/large_114b0bb1-2c26-4dac-9cbc-9cf0891c8296.jpeg,"
BJsWholesaleClub,"Marie's Dressing+Dip, Chunky Blue Cheese",$7.69,,,25 fl oz,[],,"https://www.instacart.com/image-server/197x197/filters:fill(FFF,true):format(jpg)/d2lnr5mha7bycj.cloudfront.net/product-image/file/large_d357bd02-f11c-4333-bb34-3466ac0d490d.jpeg,"
BJsWholesaleClub,Frank's RedHot® Twin Pack Original Cayenne Pepper Hot Sauce,$13.39,,,25 fl oz,"['Gluten-Free', 'Vegan']",Many in stock,"https://www.instacart.com/image-server/197x197/filters:fill(FFF,true):format(jpg)/d2lnr5mha7bycj.cloudfront.net/product-image/file/large_aec5da0b-79a6-43de-993a-30428846d92a.jpeg,"
BJsWholesaleClub,Claussen Deli Style Kosher Dill Spears,$10.19,,,80 fl oz,[],,"https://www.instacart.com/image-server/197x197/filters:fill(FFF,true):format(jpg)/d2lnr5mha7bycj.cloudfront.net/product-image/file/large_d9ee86e1-a1b8-4054-9540-25c54754ecbd.jpeg,"
BJsWholesaleClub,Ragu Chunky Tomato Garlic & Onion Pasta Sauce,$11.49,,,3 x 45 oz,[],,"https://www.instacart.com/image-server/197x197/filters:fill(FFF,true):format(jpg)/d2lnr5mha7bycj.cloudfront.net/product-image/file/large_b7ff3874-af37-4542-8852-ab94e0e76d80.jpeg,"
BJsWholesaleClub,French's® Classic Yellow Mustard Squeeze Bottle,$6.99,,,30 oz,[],Many in stock,"https://www.instacart.com/image-server/197x197/filters:fill(FFF,true):format(jpg)/d2lnr5mha7bycj.cloudfront.net/product-image/file/large_6227dd7c-1f2c-4bd6-a068-99527681e13a.jpeg,"
BJsWholesaleClub,Wellsley Farms Basil Pesto,$11.49,,,22 oz,[],,"https://www.instacart.com/image-server/197x197/filters:fill(FFF,true):format(jpg)/d2lnr5mha7bycj.cloudfront.net/product-image/file/large_e79055a1-921c-4244-9026-523a8f515059.jpeg,"
BJsWholesaleClub,"Rao's Sauce, Tomato Basil",$11.19,,,40 oz,['Vegan'],Many in stock,"https://www.instacart.com/image-server/197x197/filters:fill(FFF,true):format(jpg)/d2lnr5mha7bycj.cloudfront.net/product-image/file/large_1888d0b4-3de4-4a33-b785-d5d397935300.jpeg,"
BJsWholesaleClub,"Tostitos Salsa Con Queso, Medium",$12.09,,,15 oz,[],,"https://www.instacart.com/image-server/197x197/filters:fill(FFF,true):format(jpg)/d2lnr5mha7bycj.cloudfront.net/product-image/file/large_609834a1-5236-4da9-bd63-b1565e9cef3b.jpeg,"
BJsWholesaleClub,Kraft Real Mayo Creamy & Smooth Mayonnaise,$10.19,,,2 x 30 fl oz,[],Many in stock,"https://www.instacart.com/image-server/197x197/filters:fill(FFF,true):format(jpg)/d2lnr5mha7bycj.cloudfront.net/product-image/file/large_02eed969-b366-4815-bd53-d0bd6cad7430.jpeg,"
BJsWholesaleClub,A.1. Original Steak Sauce,$12.09,,,2 x 15 oz,[],,"https://www.instacart.com/image-server/197x197/filters:fill(FFF,true):format(jpg)/d2lnr5mha7bycj.cloudfront.net/product-image/file/large_0e06e63a-083a-4c70-baf5-2019c14ae772.jpeg,"
BJsWholesaleClub,Wellsley Farms Medium Organic Salsa,$12.49,,,2 x 35 oz,"['Organic', 'Vegan']",Many in stock,"https://www.instacart.com/image-server/197x197/filters:fill(FFF,true):format(jpg)/d2lnr5mha7bycj.cloudfront.net/product-image/file/large_90273f33-aaf1-4ea0-99a6-02f890541270.jpeg,"
BJsWholesaleClub,Prego Traditional Pasta Sauce,$11.49,,,45 oz,['Gluten-Free'],,"https://www.instacart.com/image-server/197x197/filters:fill(FFF,true):format(jpg)/d2lnr5mha7bycj.cloudfront.net/product-image/file/large_9c484ebc-cb3e-469c-9829-5de602e81f4c.jpeg,"
BJsWholesaleClub,"Marie's Dressing + Dip, Creamy Ranch",$7.69,,,25 fl oz,[],Many in stock,"https://www.instacart.com/image-server/197x197/filters:fill(FFF,true):format(jpg)/d2lnr5mha7bycj.cloudfront.net/product-image/file/large_50d0dc02-bfca-4b37-a206-21812560a877.jpeg,"
BJsWholesaleClub,Classico Tomato & Basil Spaghetti Pasta Sauce,$11.79,,,32 oz,['Gluten-Free'],,"https://www.instacart.com/image-server/197x197/filters:fill(FFF,true):format(jpg)/d2lnr5mha7bycj.cloudfront.net/product-image/file/large_453d0644-bcc8-4567-b51c-657b27e57dca.jpeg,"
BJsWholesaleClub,Keepos Mixed Greek Pitted Olives,$8.89,,,12.3 oz,[],Many in stock,"https://www.instacart.com/image-server/197x197/filters:fill(FFF,true):format(jpg)/d2lnr5mha7bycj.cloudfront.net/product-image/file/large_5002b58e-cdaa-4aa6-8865-1f6f5303ed70.jpeg,"
BJsWholesaleClub,"Marie's Dressing + Dip, Caesar",$7.69,,,25 fl oz,[],,"https://www.instacart.com/image-server/197x197/filters:fill(FFF,true):format(jpg)/d2lnr5mha7bycj.cloudfront.net/product-image/file/large_8807192a-6524-442e-b47b-6e8d2131eb4b.jpeg,"
BJsWholesaleClub,"Bertolli Organic Olive Oil, Basil & Garlic Sauce",$11.79,,,24 oz,"['Organic', 'Vegan']",,"https://www.instacart.com/image-server/197x197/filters:fill(FFF,true):format(jpg)/d2lnr5mha7bycj.cloudfront.net/product-image/file/large_95c7a266-94d1-4740-818b-4db11afda001.jpeg,"
BJsWholesaleClub,Virginia Vidalia Onion Vinegarette,$10.19,,,2 x 26 fl oz,[],Many in stock,"https://www.instacart.com/image-server/197x197/filters:fill(FFF,true):format(jpg)/d2lnr5mha7bycj.cloudfront.net/product-image/file/large_82ca4442-4f35-477c-a092-96e31400c4de.jpeg,"
BJsWholesaleClub,Wish-Bone Italian Italian Dressing,$11.49,,,72 fl oz,[],Many in stock,"https://www.instacart.com/image-server/197x197/filters:fill(FFF,true):format(jpg)/d2lnr5mha7bycj.cloudfront.net/product-image/file/large_6e085453-6f13-422e-9ab8-4be9c2c25543.jpeg,"
BJsWholesaleClub,Mt. Olive Kosher Dill Pickle Spears,$7.69,,,64 fl oz,[],Many in stock,"https://www.instacart.com/image-server/197x197/filters:fill(FFF,true):format(jpg)/d2lnr5mha7bycj.cloudfront.net/product-image/file/large_0332bd90-2dd9-4f3b-8888-99ccf2c4bd2f.jpg,"
BJsWholesaleClub,Lea & Perrins The Original Worcestershire Sauce,$9.59,,,15 fl oz,[],,"https://www.instacart.com/image-server/197x197/filters:fill(FFF,true):format(jpg)/d2lnr5mha7bycj.cloudfront.net/product-image/file/large_32cf125b-2036-4f59-92fc-f2c4c7d98430.jpeg,"
BJsWholesaleClub,"Marie's Dressing, Coleslaw, Original",$7.69,,,25 fl oz,[],Many in stock,"https://www.instacart.com/image-server/197x197/filters:fill(FFF,true):format(jpg)/d2lnr5mha7bycj.cloudfront.net/product-image/file/large_7247e160-8813-46cf-be5f-e3bc439c050a.jpeg,"
BJsWholesaleClub,"Tostitos Salsa, Chunky, Medium",$12.69,,,69 oz,[],Many in stock,"https://www.instacart.com/image-server/197x197/filters:fill(FFF,true):format(jpg)/d2lnr5mha7bycj.cloudfront.net/product-image/file/large_4f5a976c-05d4-48fe-b757-c4b41b2b6100.jpeg,"
BJsWholesaleClub,Ken's Steak House Lite Balsamic Vinaigrette Dressing,$6.39,,,32 fl oz,[],Many in stock,"https://www.instacart.com/image-server/197x197/filters:fill(FFF,true):format(jpg)/d2lnr5mha7bycj.cloudfront.net/product-image/file/large_5e4e8686-3cf8-418b-af54-f9a999568326.jpeg,"
BJsWholesaleClub,Wellsley Farms Garlic & Jalapeno Stuffed Olives,$9.59,,,35.27 oz,[],Many in stock,"https://www.instacart.com/image-server/197x197/filters:fill(FFF,true):format(jpg)/d1s8987jlndkbs.cloudfront.net/assets/missing-item-4bbe82b8555e4d1c12626fd482cb2409713e8e30835645ff3650ef66a725d03c.png,"
BJsWholesaleClub,Wellsley Farms Wellsley Farm Nonpareil Caper,$8.89,,,16 oz,['Vegan'],Many in stock,"https://www.instacart.com/image-server/197x197/filters:fill(FFF,true):format(jpg)/d2lnr5mha7bycj.cloudfront.net/product-image/file/large_a83988f4-381c-4a90-ab5c-01c47edfe83a.jpeg,"
BJsWholesaleClub,"Ken's Steak House Honey Mustard Dressing, Topping & Spread",$6.39,,,32 fl oz,[],Many in stock,"https://www.instacart.com/image-server/197x197/filters:fill(FFF,true):format(jpg)/d2lnr5mha7bycj.cloudfront.net/product-image/file/large_7d7d4edb-f2cc-4046-a1f6-2489cbc177d4.jpeg,"
BJsWholesaleClub,Pirate's Booty Aged White Cheddar,$16.89,,,40 x 0.5 oz,['Gluten-Free'],,"https://www.instacart.com/image-server/197x197/filters:fill(FFF,true):format(jpg)/d2lnr5mha7bycj.cloudfront.net/product-image/file/large_32122d1a-dd30-47ac-bc3e-80fb490470d2.jpeg,"
BJsWholesaleClub,"Frito Lay Snacks, Premiere Mix",$25.39,,,30 ct,[],Many in stock,"https://www.instacart.com/image-server/197x197/filters:fill(FFF,true):format(jpg)/d2lnr5mha7bycj.cloudfront.net/product-image/file/large_8e57a95c-64a4-4e69-8ee0-5b97ea0c991f.jpeg,"
BJsWholesaleClub,Oreo Chocolate Sandwich Cookies Snacks,$17.59,,,30 ct,[],,"https://www.instacart.com/image-server/197x197/filters:fill(FFF,true):format(jpg)/d2lnr5mha7bycj.cloudfront.net/product-image/file/large_b790f36e-784d-4208-bde6-0127a9b4122f.jpeg,"
BJsWholesaleClub,Welch's Mixed Fruit Snacks,$17.79,,,90 x 0.8 oz,['Gluten-Free'],,"https://www.instacart.com/image-server/197x197/filters:fill(FFF,true):format(jpg)/d2lnr5mha7bycj.cloudfront.net/product-image/file/large_99bade57-08fe-4eab-a0d7-04bc4f3bbc96.jpeg,"
BJsWholesaleClub,"Frito Lay Snack Mix, Variety",$25.39,,,30 ct,[],Many in stock,"https://www.instacart.com/image-server/197x197/filters:fill(FFF,true):format(jpg)/d2lnr5mha7bycj.cloudfront.net/product-image/file/large_1993241d-85a9-47fa-b595-132e2e373610.jpeg,"
BJsWholesaleClub,belVita Breakfast Blueberry Breakfast Biscuits,$16.49,,,25 x 1.76 oz,[],,"https://www.instacart.com/image-server/197x197/filters:fill(FFF,true):format(jpg)/d2lnr5mha7bycj.cloudfront.net/product-image/file/large_cfebfa1d-6e33-4ef9-aebb-ad6cb074d831.jpeg,"
BJsWholesaleClub,Ritz Original Crackers,$12.69,,,62 oz,[],,"https://www.instacart.com/image-server/197x197/filters:fill(FFF,true):format(jpg)/d2lnr5mha7bycj.cloudfront.net/product-image/file/large_dbb8c08e-f703-4d7a-b821-a80d01683cfb.jpeg,"
BJsWholesaleClub,Lance Variety Pack Sandwich Crackers,$13.99,,,36 ct,[],,"https://www.instacart.com/image-server/197x197/filters:fill(FFF,true):format(jpg)/d2lnr5mha7bycj.cloudfront.net/product-image/file/large_f57de1f3-2a64-4aae-b1ab-e032e4699ea2.jpeg,"
BJsWholesaleClub,Sensible Portions Variety Pack Garden Veggie Straw,$17.79,,,30 ct,[],,"https://www.instacart.com/image-server/197x197/filters:fill(FFF,true):format(jpg)/d2lnr5mha7bycj.cloudfront.net/product-image/file/large_2fd5aa80-345d-4b5f-a79f-1a6789d857c9.jpeg,"
BJsWholesaleClub,"Oreo Sandwich Cookies, Chocolate, 12 Stay Fresh Packs",$15.29,,,12 ct,[],,"https://www.instacart.com/image-server/197x197/filters:fill(FFF,true):format(jpg)/d2lnr5mha7bycj.cloudfront.net/product-image/file/large_98fe7606-0d0c-49ce-9133-aa0bc62548f0.jpeg,"
BJsWholesaleClub,"Kellogg's Rice Krispies Treats Crispy Marshmallow Squares, Kids Snacks, Snack Bars, Original",$17.19,,,60 x 0.78 oz,[],,"https://www.instacart.com/image-server/197x197/filters:fill(FFF,true):format(jpg)/d2lnr5mha7bycj.cloudfront.net/product-image/file/large_f2894d27-c7d3-4f61-a272-a47413ff5655.jpeg,"
BJsWholesaleClub,Gushers Strawberry and Tropical Fruit Flavored Snacks,$17.79,,,33.6 oz,['Gluten-Free'],Many in stock,"https://www.instacart.com/image-server/197x197/filters:fill(FFF,true):format(jpg)/d2lnr5mha7bycj.cloudfront.net/product-image/file/large_363c68b9-379f-4704-8316-a9efce7a4304.jpeg,"
BJsWholesaleClub,CLIF BAR Chocolate Chip And Crunchy Peanut Butter Energy Bars,$30.49,,,24 x 57.6 oz,['Organic'],Many in stock,"https://www.instacart.com/image-server/197x197/filters:fill(FFF,true):format(jpg)/d2lnr5mha7bycj.cloudfront.net/product-image/file/large_473209d0-b344-47bd-b788-770093c84993.jpeg,"
BJsWholesaleClub,"Mott’s Fruit Flavored Snacks, Assorted Fruit, Pouches",$16.49,,,72 oz,['Gluten-Free'],,"https://www.instacart.com/image-server/197x197/filters:fill(FFF,true):format(jpg)/d2lnr5mha7bycj.cloudfront.net/product-image/file/large_a7db2966-5506-4888-bf7d-9669ab7f6fc3.jpeg,"
BJsWholesaleClub,"Pringles Potato Crisps Chips, Lunch Snacks",$25.39,,,48 ct,[],,"https://www.instacart.com/image-server/197x197/filters:fill(FFF,true):format(jpg)/d2lnr5mha7bycj.cloudfront.net/product-image/file/large_470d98d9-c11f-493b-a86a-1c65c9c08cef.jpeg,"
BJsWholesaleClub,"Cheez-It Cheese Crackers, Baked Snack Crackers, Lunch Snacks, Original",$19.09,,,45 ct,['Light Sodium'],,"https://www.instacart.com/image-server/197x197/filters:fill(FFF,true):format(jpg)/d2lnr5mha7bycj.cloudfront.net/product-image/file/large_1accd337-ea99-4a65-9ce0-a40be2dc8ccf.jpeg,"
BJsWholesaleClub,Famous Amos Cookies Chocolate Chip,$24.19,,,42 x 2 oz,[],Many in stock,"https://www.instacart.com/image-server/197x197/filters:fill(FFF,true):format(jpg)/d2lnr5mha7bycj.cloudfront.net/product-image/file/large_490a705b-52d3-428b-bcd9-5e3f7f84989b.jpeg,"
BJsWholesaleClub,Entenmann's Little Bites Chocolate Chip Muffins,$14.99,,,20 x 1.65 oz,[],Many in stock,"https://www.instacart.com/image-server/197x197/filters:fill(FFF,true):format(jpg)/d2lnr5mha7bycj.cloudfront.net/product-image/file/large_f6052364-66ff-4a33-8bba-350eb7a9084f.jpeg,"
BJsWholesaleClub,Snyder's of Hanover Mini Pretzels 100 Calorie Packs,$12.69,,,36 x 0.92 oz,[],Many in stock,"https://www.instacart.com/image-server/197x197/filters:fill(FFF,true):format(jpg)/d2lnr5mha7bycj.cloudfront.net/product-image/file/large_3047a4fc-59b3-4093-9439-41868b5cb251.jpeg,"
BJsWholesaleClub,"Little Debbie Brownies, with Chocolate Chip Candy, Cosmic, Big Pack",$6.09,,,12 ct,[],,"https://www.instacart.com/image-server/197x197/filters:fill(FFF,true):format(jpg)/d2lnr5mha7bycj.cloudfront.net/product-image/file/large_80e90605-bd79-46a0-98bc-5651885cea2d.jpeg,"
BJsWholesaleClub,"Chips Ahoy! Original Chocolate Chip Cookies, Family Size",$12.69,,,3 x 18.2 oz,[],,"https://www.instacart.com/image-server/197x197/filters:fill(FFF,true):format(jpg)/d2lnr5mha7bycj.cloudfront.net/product-image/file/large_31b307d4-9b80-47de-9c5f-2fc433767c18.jpeg,"
BJsWholesaleClub,"On The Border Tortilla Chips, Cafe Style",$5.79,,,22.25 oz,"['Gluten-Free', 'Vegan']",Many in stock,"https://www.instacart.com/image-server/197x197/filters:fill(FFF,true):format(jpg)/d2lnr5mha7bycj.cloudfront.net/product-image/file/large_9a37f28c-fd2e-491f-83f5-cfce4ad2fd6a.jpeg,"
BJsWholesaleClub,Original price: $9.59,$7.69,,,18 oz,['Gluten-Free'],,"https://www.instacart.com/image-server/197x197/filters:fill(FFF,true):format(jpg)/d2lnr5mha7bycj.cloudfront.net/product-image/file/large_a0b7047a-8d2a-468b-affd-c94909ec7298.jpeg,"
BJsWholesaleClub,"Cheez-It Cheese Crackers, Baked Snack Crackers, Lunch Snacks, Original",$12.69,,,2 x 48 oz,['Light Sodium'],,"https://www.instacart.com/image-server/197x197/filters:fill(FFF,true):format(jpg)/d2lnr5mha7bycj.cloudfront.net/product-image/file/large_61082b19-0318-4699-b801-21a31dfa340a.jpeg,"
BJsWholesaleClub,Pepperidge Farm Goldfish Cheddar Crackers,$16.49,,,30 x 1.5 oz,[],,"https://www.instacart.com/image-server/197x197/filters:fill(FFF,true):format(jpg)/d2lnr5mha7bycj.cloudfront.net/product-image/file/large_587fa86f-2417-48e6-ad39-dc94b7f17d5d.jpeg,"
BJsWholesaleClub,"UNREAL Dark Chocolate, Coconut, Mini Bars",$12.69,,,11.1 oz,"['Gluten-Free', 'Vegan']",,"https://www.instacart.com/image-server/197x197/filters:fill(FFF,true):format(jpg)/d2lnr5mha7bycj.cloudfront.net/product-image/file/large_d98a6c22-aea5-4f56-b3cd-cb6d6e46e3ff.jpg,"
BJsWholesaleClub,Dole Mandarin Oranges,$10.79,,,16 x 4 oz,['Vegan'],Many in stock,"https://www.instacart.com/image-server/197x197/filters:fill(FFF,true):format(jpg)/d2lnr5mha7bycj.cloudfront.net/product-image/file/large_6141b68c-4ff9-4497-914c-7594ff00b333.jpeg,"
BJsWholesaleClub,SkinnyPop Popcorn Variety Snack Pack,$20.39,,,36 x 0.5 oz,['Gluten-Free'],Many in stock,"https://www.instacart.com/image-server/197x197/filters:fill(FFF,true):format(jpg)/d2lnr5mha7bycj.cloudfront.net/product-image/file/large_32bdfba3-bc85-429a-ad19-2417ebf59108.jpeg,"
BJsWholesaleClub,belVita Breakfast Cinnamon Brown Sugar Breakfast Biscuits,$16.49,,,25 x 44 oz,[],,"https://www.instacart.com/image-server/197x197/filters:fill(FFF,true):format(jpg)/d2lnr5mha7bycj.cloudfront.net/product-image/file/large_6c69ef6b-a18f-4e10-8f7f-6e7d85abfcb1.jpeg,"
BJsWholesaleClub,Pepperidge Farm Goldfish Cheddar Crackers,$13.99,,,58 oz,[],,"https://www.instacart.com/image-server/197x197/filters:fill(FFF,true):format(jpg)/d2lnr5mha7bycj.cloudfront.net/product-image/file/large_0ba377a4-6ecb-41c2-b7a9-12c00b328442.jpeg,"
BJsWholesaleClub,Wellsley Farms Chewy Chocolate Chip Granola Bar,$12.59,,,60 oz,[],Many in stock,"https://www.instacart.com/image-server/197x197/filters:fill(FFF,true):format(jpg)/d2lnr5mha7bycj.cloudfront.net/product-image/file/large_bc4e3c39-5446-45d5-9ec8-91fefdd26ab2.jpeg,"
BJsWholesaleClub,Pepperidge Farm Sweet & Savory Crackers Variety Pack,$20.39,,,45 x 46 oz,[],,"https://www.instacart.com/image-server/197x197/filters:fill(FFF,true):format(jpg)/d2lnr5mha7bycj.cloudfront.net/product-image/file/large_24e8b0ae-5349-45a6-a843-c773af50b26b.jpeg,"
BJsWholesaleClub,"Nilla Cookies, Vanilla Wafers",$10.19,,,2 x 15 oz,[],,"https://www.instacart.com/image-server/197x197/filters:fill(FFF,true):format(jpg)/d2lnr5mha7bycj.cloudfront.net/product-image/file/large_f5203a71-cbaf-443a-b78f-bbdfc14584f1.jpeg,"
BJsWholesaleClub,Wise Grab & Snack Variety Pack,$20.39,,,37.5 oz,[],Many in stock,"https://www.instacart.com/image-server/197x197/filters:fill(FFF,true):format(jpg)/d2lnr5mha7bycj.cloudfront.net/product-image/file/large_466d12af-101a-44a6-9c80-144392a902c9.jpeg,"
BJsWholesaleClub,Original price: $8.69,$6.79,,,14 oz,"['Gluten-Free', 'Vegan']",,"https://www.instacart.com/image-server/197x197/filters:fill(FFF,true):format(jpg)/d2lnr5mha7bycj.cloudfront.net/product-image/file/large_50502b10-1e1e-44ca-8ce7-aad6879a93d6.jpeg,"
BJsWholesaleClub,Doritos Pick n' Pack Nacho Cheese & Lay's Classic Tortilla Chips,$8.89,,,2 ct,[],,"https://www.instacart.com/image-server/197x197/filters:fill(FFF,true):format(jpg)/d2lnr5mha7bycj.cloudfront.net/product-image/file/large_49deb91d-980c-4443-9118-3b0fce66542e.jpeg,"
BJsWholesaleClub,UNREAL Dark Chocolate Peanut Butter Cups,$12.69,,,19 x 10.05 oz,"['Gluten-Free', 'Organic']",Many in stock,"https://www.instacart.com/image-server/197x197/filters:fill(FFF,true):format(jpg)/d2lnr5mha7bycj.cloudfront.net/product-image/file/large_d54de2b9-1fbb-4dd5-904e-ca715aef1991.jpg,"
BJsWholesaleClub,Original price: $7.69,$6.39,,,9 oz,['Gluten-Free'],Many in stock,"https://www.instacart.com/image-server/197x197/filters:fill(FFF,true):format(jpg)/d2lnr5mha7bycj.cloudfront.net/product-image/file/large_0162f8b4-2fd6-4f38-a39f-31813d92e83f.jpeg,"
BJsWholesaleClub,Wellsley Farms Fruit & Grain Variety Pack Cereal Bars,$14.59,,,48 x 1.3 oz,[],Many in stock,"https://www.instacart.com/image-server/197x197/filters:fill(FFF,true):format(jpg)/d2lnr5mha7bycj.cloudfront.net/product-image/file/large_cb23a6ab-23b8-4a87-8efb-a5f73acfb1d6.jpeg,"
BJsWholesaleClub,"Nabisco Honey Maid Graham Crackers, 4 x 14.4 oz",$11.49,,,4 x 14.4 oz,[],,"https://www.instacart.com/image-server/197x197/filters:fill(FFF,true):format(jpg)/d2lnr5mha7bycj.cloudfront.net/product-image/file/large_c2a31f4d-474a-48bb-93f0-b69442a68e2d.jpeg,"
BJsWholesaleClub,Original price: $21.59,$17.79,,,62.6 oz,[],,"https://www.instacart.com/image-server/197x197/filters:fill(FFF,true):format(jpg)/d2lnr5mha7bycj.cloudfront.net/product-image/file/large_611cf0e3-ce60-4294-98a7-ee65567609f0.jpeg,"
BJsWholesaleClub,Tostitos Pick n' Pack Scoops Tortilla Chips,$8.89,,,2 ct,[],Many in stock,"https://www.instacart.com/image-server/197x197/filters:fill(FFF,true):format(jpg)/d2lnr5mha7bycj.cloudfront.net/product-image/file/large_c86bfe79-7bc8-41a7-8dfb-54c648699622.jpeg,"
BJsWholesaleClub,Wellsley Farms Mexican Shredded Cheese 2/24 Ounce,$10.69,,,3 lb,[],Many in stock,"https://www.instacart.com/image-server/197x197/filters:fill(FFF,true):format(jpg)/d2lnr5mha7bycj.cloudfront.net/product-image/file/large_1b27edeb-612b-41ad-95c5-30f8c0e8012a.jpeg,"
BJsWholesaleClub,Galbani Whole Milk Mozzarella String Cheese,$11.49,,,30 oz,"['Cow Milk', 'Keto']",Many in stock,"https://www.instacart.com/image-server/197x197/filters:fill(FFF,true):format(jpg)/d2lnr5mha7bycj.cloudfront.net/product-image/file/large_8799f01f-da61-488c-a426-e797e8bf7da0.jpeg,"
BJsWholesaleClub,Frigo Cheeseheads Mozzarella Low-moisture Whole Milk String Cheese,$9.29,,,30 oz,"['Cow Milk', 'Keto']",,"https://www.instacart.com/image-server/197x197/filters:fill(FFF,true):format(jpg)/d2lnr5mha7bycj.cloudfront.net/product-image/file/large_60b1c1f1-bb8e-49cc-8ad3-99fa7912bfd7.jpeg,"
BJsWholesaleClub,Land O Lakes White Deli American Cheese Product,$12.69,,,3 lb,[],,"https://www.instacart.com/image-server/197x197/filters:fill(FFF,true):format(jpg)/d2lnr5mha7bycj.cloudfront.net/product-image/file/large_2ceac565-2569-4af1-bdc1-39f9f52df30a.jpeg,"
BJsWholesaleClub,Kraft Mexican Style Four Cheese Shredded Cheese,$12.69,,,16 oz,"['Cow Milk', 'Keto']",,"https://www.instacart.com/image-server/197x197/filters:fill(FFF,true):format(jpg)/d2lnr5mha7bycj.cloudfront.net/product-image/file/large_4ee5d430-7b40-4b44-92ea-16087d319a2e.jpeg,"
BJsWholesaleClub,Cracker Barrel Cracker Cuts Mixed Natural Cheese,$8.89,,,2 x 7 oz,[],,"https://www.instacart.com/image-server/197x197/filters:fill(FFF,true):format(jpg)/d2lnr5mha7bycj.cloudfront.net/product-image/file/large_ab85f48b-71ce-48f9-bf5f-f353caccf8a4.jpeg,"
BJsWholesaleClub,Land O Lakes Yellow American Deli Cheese Product,$12.69,,,3 lb,[],Many in stock,"https://www.instacart.com/image-server/197x197/filters:fill(FFF,true):format(jpg)/d2lnr5mha7bycj.cloudfront.net/product-image/file/large_b423a2d9-5adf-4136-9fa2-82432e410f99.jpeg,"
BJsWholesaleClub,Wellsley Farms Signature Cheese Sampler,$12.69,,,2 lb,[],Many in stock,"https://www.instacart.com/image-server/197x197/filters:fill(FFF,true):format(jpg)/d2lnr5mha7bycj.cloudfront.net/product-image/file/large_766ee692-0863-479b-a7f7-160907b24e5d.jpeg,"
BJsWholesaleClub,"Wellsley Farms Sharp Cheddar, Shredded",$12.69,,,3 lb,[],Many in stock,"https://www.instacart.com/image-server/197x197/filters:fill(FFF,true):format(jpg)/d2lnr5mha7bycj.cloudfront.net/product-image/file/large_a69b2468-f9b1-4732-a01f-19adab388f74.jpeg,"
BJsWholesaleClub,Kraft American Cheese Slices,$15.89,,,96 ct,[],,"https://www.instacart.com/image-server/197x197/filters:fill(FFF,true):format(jpg)/d2lnr5mha7bycj.cloudfront.net/product-image/file/large_d02eddfc-8fea-4dfc-9a96-e07acbb25fa6.jpeg,"
BJsWholesaleClub,Galbani Whole Milk Mozzarella Cheese,$9.89,,,32 oz,['Keto'],,"https://www.instacart.com/image-server/197x197/filters:fill(FFF,true):format(jpg)/d2lnr5mha7bycj.cloudfront.net/product-image/file/large_ed05a481-8ac4-49c4-b51f-199ef8979ac4.jpeg,"
BJsWholesaleClub,"Wellsley Farms Sliced Colby Jack Medium Cheddar Cheese, 32 oz.",$9.69,,,32 oz,['Keto'],Many in stock,"https://www.instacart.com/image-server/197x197/filters:fill(FFF,true):format(jpg)/d2lnr5mha7bycj.cloudfront.net/product-image/file/large_25dd25ac-1010-4342-8b59-86cdafd0d453.jpeg,"
BJsWholesaleClub,Kraft American Cheese Slices,$13.39,,,48 ct,[],Many in stock,"https://www.instacart.com/image-server/197x197/filters:fill(FFF,true):format(jpg)/d2lnr5mha7bycj.cloudfront.net/product-image/file/large_f54756b1-35ed-4c8a-ac39-b6aa8c467d7c.jpeg,"
BJsWholesaleClub,Wellsley Farms Sliced Provolone,$9.69,,,2 lb,[],Many in stock,"https://www.instacart.com/image-server/197x197/filters:fill(FFF,true):format(jpg)/d2lnr5mha7bycj.cloudfront.net/product-image/file/large_9660cc63-3f65-4b05-81c2-c65ddf63a811.jpeg,"
BJsWholesaleClub,Finlandia Lacey Swiss Cheese,$10.00,each (est.),$8.89 / lb,About 1.13 lb each,[],,"https://www.instacart.com/image-server/197x197/filters:fill(FFF,true):format(jpg)/d2lnr5mha7bycj.cloudfront.net/product-image/file/large_631e4f2f-f600-44c0-b56a-2fdf914ab39f.jpeg,"
BJsWholesaleClub,"Breakstone's Cottage Cheese, Small Curd, 2% Milkfat, Lowfat",$6.39,,,32 oz,[],,"https://www.instacart.com/image-server/197x197/filters:fill(FFF,true):format(jpg)/d2lnr5mha7bycj.cloudfront.net/product-image/file/large_580e0244-2ea0-4997-aed7-44e0c86b86cc.jpeg,"
BJsWholesaleClub,Cooper Sharp Pasteurized Process American Cheese,$10.00,each (est.),$8.89 / lb,About 1.13 lb each,[],,"https://www.instacart.com/image-server/197x197/filters:fill(FFF,true):format(jpg)/d2lnr5mha7bycj.cloudfront.net/product-image/file/large_a3fa5a38-5e38-41f0-a25f-1a84114d9d44.jpeg,"
BJsWholesaleClub,Wellsley Farms Muenster Sliced Cheese,$9.69,,,32 oz,['Keto'],Many in stock,"https://www.instacart.com/image-server/197x197/filters:fill(FFF,true):format(jpg)/d2lnr5mha7bycj.cloudfront.net/product-image/file/large_31f0a9c0-7107-4ed8-986d-9b32234e8ed5.jpeg,"
BJsWholesaleClub,Cabot Cheddar Extra Sharp Cheese,$9.59,,,24 oz,['Keto'],Many in stock,"https://www.instacart.com/image-server/197x197/filters:fill(FFF,true):format(jpg)/d2lnr5mha7bycj.cloudfront.net/product-image/file/large_25df32a0-3024-4a62-870b-cb391f68855d.jpeg,"
BJsWholesaleClub,"BelGioioso Sliced Fresh Mozzarella Cheese, Log 4-8oz",$10.59,,,32 oz,['Cow Milk'],Many in stock,"https://www.instacart.com/image-server/197x197/filters:fill(FFF,true):format(jpg)/d2lnr5mha7bycj.cloudfront.net/product-image/file/large_a82418a9-aa59-41e4-8c14-c8442958285e.jpeg,"
BJsWholesaleClub,Wellsley Farms Deli Provolone,$8.65,each (est.),$7.69 / lb,About 1.13 lb each,[],,"https://www.instacart.com/image-server/197x197/filters:fill(FFF,true):format(jpg)/d2lnr5mha7bycj.cloudfront.net/product-image/file/large_ca70a2db-7908-491e-b0d1-a4ab91769558.jpeg,"
BJsWholesaleClub,Wellsley Farms Sharp Cheddar Sliced Cheese,$10.19,,,32 oz,['Keto'],Many in stock,"https://www.instacart.com/image-server/197x197/filters:fill(FFF,true):format(jpg)/d2lnr5mha7bycj.cloudfront.net/product-image/file/large_dcfaaee2-a8f7-4e7c-a2e9-7c5a3dcc5abd.jpeg,"
BJsWholesaleClub,Finlandia Imperial Swiss Cheese,$10.00,each (est.),$8.89 / lb,About 1.13 lb each,[],,"https://www.instacart.com/image-server/197x197/filters:fill(FFF,true):format(jpg)/d2lnr5mha7bycj.cloudfront.net/product-image/file/large_7dd8a720-6157-4e33-8e95-95e115cbd4db.jpeg,"
BJsWholesaleClub,"Kraft Parmesan Grated Cheese, oz Shaker",$10.19,,,24 oz,['Keto'],,"https://www.instacart.com/image-server/197x197/filters:fill(FFF,true):format(jpg)/d2lnr5mha7bycj.cloudfront.net/product-image/file/large_9d4f016d-49f1-42dd-bf4a-89b2b24b598e.jpeg,"
BJsWholesaleClub,Wellsley Farms Parmesan Shredded Cheese,$11.49,,,20 oz,['Keto'],Many in stock,"https://www.instacart.com/image-server/197x197/filters:fill(FFF,true):format(jpg)/d2lnr5mha7bycj.cloudfront.net/product-image/file/large_1b9ca5b0-f254-4fcc-b521-f2c86fc80868.jpeg,"
BJsWholesaleClub,Wellsley Farms Mild Cheddar Shreds,$10.69,,,24 oz,[],Many in stock,"https://www.instacart.com/image-server/197x197/filters:fill(FFF,true):format(jpg)/d2lnr5mha7bycj.cloudfront.net/product-image/file/large_52278cfd-5f2a-4bd9-a505-467de64d6623.jpeg,"
BJsWholesaleClub,Cabot Seriously Sharp Cheddar Cheese,$9.59,,,24 oz,[],Many in stock,"https://www.instacart.com/image-server/197x197/filters:fill(FFF,true):format(jpg)/d2lnr5mha7bycj.cloudfront.net/product-image/file/large_6b602d50-8cf0-43bc-a6ab-64f726435118.jpeg,"
BJsWholesaleClub,"Kraft Colby Jack Shredded Cheese, 2 ct Pack, oz Bags",$12.69,,,16 oz,"['Cow Milk', 'Keto']",,"https://www.instacart.com/image-server/197x197/filters:fill(FFF,true):format(jpg)/d2lnr5mha7bycj.cloudfront.net/product-image/file/large_87715768-5f1c-4b71-ac98-31baa7c02191.jpeg,"
BJsWholesaleClub,Kraft White American Cheese Slices,$15.89,,,96 x 4 lb,[],,"https://www.instacart.com/image-server/197x197/filters:fill(FFF,true):format(jpg)/d2lnr5mha7bycj.cloudfront.net/product-image/file/large_682dad67-22c1-454f-a548-c467136e4313.jpeg,"
BJsWholesaleClub,Cabot Extra Sharp Cheddar Cheese,$9.59,,,24 oz,['Keto'],Many in stock,"https://www.instacart.com/image-server/197x197/filters:fill(FFF,true):format(jpg)/d2lnr5mha7bycj.cloudfront.net/product-image/file/large_c81bfd3d-1453-4cef-a87f-96dcb908dcb6.jpeg,"
BJsWholesaleClub,Kraft Triple Cheddar Finely Shredded Natural Cheese,$12.69,,,12 oz,['Keto'],,"https://www.instacart.com/image-server/197x197/filters:fill(FFF,true):format(jpg)/d2lnr5mha7bycj.cloudfront.net/product-image/file/large_9d8e82be-0b04-456d-b876-625071bf7427.jpeg,"
BJsWholesaleClub,"Kraft Mozzarella Shredded Cheese, 2 ct Pack, 16 oz Bags",$12.69,,,32 oz,"['Cow Milk', 'Keto']",,"https://www.instacart.com/image-server/197x197/filters:fill(FFF,true):format(jpg)/d2lnr5mha7bycj.cloudfront.net/product-image/file/large_0b14671b-4bbb-4166-a783-0728b6b55e85.jpeg,"
BJsWholesaleClub,Wellsley Farms Pepper Jack Cheese,$9.69,,,2 lb,[],Many in stock,"https://www.instacart.com/image-server/197x197/filters:fill(FFF,true):format(jpg)/d2lnr5mha7bycj.cloudfront.net/product-image/file/large_21e4ebc4-24e9-41df-b1b6-da6dd6281e26.jpeg,"
BJsWholesaleClub,Gayo Azul Edam Mild Cheese,$17.79,,,30 oz,['Keto'],,"https://www.instacart.com/image-server/197x197/filters:fill(FFF,true):format(jpg)/d2lnr5mha7bycj.cloudfront.net/product-image/file/large_8e8bbbc2-7668-4666-9e52-c7651cfd07e0.jpg,"
BJsWholesaleClub,Wellsley Farms Swiss Sliced Cheese,$10.19,,,32 oz,['Keto'],,"https://www.instacart.com/image-server/197x197/filters:fill(FFF,true):format(jpg)/d2lnr5mha7bycj.cloudfront.net/product-image/file/large_22b9eb39-d7cf-41e2-a350-6817a400d98c.jpeg,"
BJsWholesaleClub,Wellsley Farms Sharp White Cheddar,$7.69,,,2 lb,[],Many in stock,"https://www.instacart.com/image-server/197x197/filters:fill(FFF,true):format(jpg)/d2lnr5mha7bycj.cloudfront.net/product-image/file/large_11d5d50a-0633-4eb5-8314-9d5b88afb0b1.jpeg,"
BJsWholesaleClub,Land O Lakes White American Cheese,$6.39,/lb,,$0.40/oz,[],Likely out of stock,"https://www.instacart.com/image-server/197x197/filters:fill(FFF,true):format(jpg)/d2lnr5mha7bycj.cloudfront.net/product-image/file/large_992952af-1aba-4ce2-a0fa-e76a708f06eb.jpeg,"
BJsWholesaleClub,Galbani Whole Milk Ricotta Cheese,$8.89,,,48 oz,[],Many in stock,"https://www.instacart.com/image-server/197x197/filters:fill(FFF,true):format(jpg)/d2lnr5mha7bycj.cloudfront.net/product-image/file/large_d4c802ca-f859-4855-bcdf-4004043445a1.jpeg,"
BJsWholesaleClub,Wellsley Farms Parmesan Grated Cheese,$11.49,,,20 oz,['Keto'],,"https://www.instacart.com/image-server/197x197/filters:fill(FFF,true):format(jpg)/d2lnr5mha7bycj.cloudfront.net/product-image/file/large_a84c9743-0d1f-4f7c-9e3b-4e21d817bdab.jpeg,"
BJsWholesaleClub,Kraft Natural Cheese Finely Shredded Sharp Cheddar Cheese,$12.69,,,16 oz,"['Cow Milk', 'Keto']",,"https://www.instacart.com/image-server/197x197/filters:fill(FFF,true):format(jpg)/d2lnr5mha7bycj.cloudfront.net/product-image/file/large_d520fca9-a214-49e0-8502-e6f903961774.jpeg,"
BJsWholesaleClub,Cabot Vermont Seriously Sharp Cheddar Cheese,$12.69,,,24 ct,['Keto'],,"https://www.instacart.com/image-server/197x197/filters:fill(FFF,true):format(jpg)/d2lnr5mha7bycj.cloudfront.net/product-image/file/large_36c317b1-57d0-4c0b-834b-28bb8080a6c1.jpeg,"
BJsWholesaleClub,Violife Mature Cheddar Cheese Slices,$10.19,,,14.1 oz,"['Non-GMO', 'Vegan']",Many in stock,"https://www.instacart.com/image-server/197x197/filters:fill(FFF,true):format(jpg)/d2lnr5mha7bycj.cloudfront.net/product-image/file/large_faecc0a6-bf16-42fb-8218-74caf5f33399.jpeg,"
BJsWholesaleClub,Sargento Colby-Jack Natural Cheese Snack Sticks,$11.19,,,24 x 18 oz,[],Many in stock,"https://www.instacart.com/image-server/197x197/filters:fill(FFF,true):format(jpg)/d2lnr5mha7bycj.cloudfront.net/product-image/file/large_e4f836fb-3a2e-417a-9e08-1fdee9816c46.jpeg,"
BJsWholesaleClub,Polly-O String Cheese,$13.99,,,36 ct,"['Cow Milk', 'Keto']",,"https://www.instacart.com/image-server/197x197/filters:fill(FFF,true):format(jpg)/d2lnr5mha7bycj.cloudfront.net/product-image/file/large_cd36d372-424f-4213-8a95-73bab6d5c1b6.jpeg,"
BJsWholesaleClub,Galbani Mozzarella & Provolone Shredded Cheese,$11.19,,,32 oz,[],Many in stock,"https://www.instacart.com/image-server/197x197/filters:fill(FFF,true):format(jpg)/d2lnr5mha7bycj.cloudfront.net/product-image/file/large_35fb11a0-bd12-43f6-9034-95107535c9fd.jpeg,"
BJsWholesaleClub,Violife Mozzarella Shreds Cheese Alternative,$11.49,,,16 oz,"['Vegan', 'Non-GMO']",Many in stock,"https://www.instacart.com/image-server/197x197/filters:fill(FFF,true):format(jpg)/d2lnr5mha7bycj.cloudfront.net/product-image/file/large_da7498e8-91e2-4060-9a41-7de22368c915.jpeg,"
BJsWholesaleClub,Land O Lakes 2% Milk Reduced Fat White Deli American Cheese Product,$8.65,each (est.),,$7.69 / lb,['Keto'],,"https://www.instacart.com/image-server/197x197/filters:fill(FFF,true):format(jpg)/d2lnr5mha7bycj.cloudfront.net/product-image/file/large_f9dcbc5c-dd89-4e9b-abb3-7c32fb785c72.jpeg,"
BJsWholesaleClub,"Galbani Cheese, Fresh Mozzarella",$8.89,,,3 x 6 oz,['Cow Milk'],Many in stock,"https://www.instacart.com/image-server/197x197/filters:fill(FFF,true):format(jpg)/d2lnr5mha7bycj.cloudfront.net/product-image/file/large_77b976f8-c0d2-46e4-acfb-4f6e3db97f03.jpeg,"
BJsWholesaleClub,Land O Lakes White American Cheese,$7.19,each (est.),$6.39 / lb,About 1.13 lb each,[],,"https://www.instacart.com/image-server/197x197/filters:fill(FFF,true):format(jpg)/d2lnr5mha7bycj.cloudfront.net/product-image/file/large_b70c2291-fb4d-471c-ad08-cc06bd4e5f91.jpeg,"
BJsWholesaleClub,Caribbean Food Delights Jamaican Style Spicy Beef Patties,$19.69,,,50 oz,[],Many in stock,"https://www.instacart.com/image-server/197x197/filters:fill(FFF,true):format(jpg)/d2lnr5mha7bycj.cloudfront.net/product-image/file/large_3a10a8b8-ed1c-4160-8782-c3428120936f.jpeg,"
BJsWholesaleClub,"Marie Callender's Chicken Pot Pie, Frozen Meal",$17.79,,,10 oz,[],Many in stock,"https://www.instacart.com/image-server/197x197/filters:fill(FFF,true):format(jpg)/d2lnr5mha7bycj.cloudfront.net/product-image/file/large_4c5e39ee-1fe7-4c7d-b7a4-5a33f7376dea.jpeg,"
BJsWholesaleClub,Uno's Chicago Grill Steak & Cheese Calzones,$15.29,,,8 x 3.75 oz,[],Many in stock,"https://www.instacart.com/image-server/197x197/filters:fill(FFF,true):format(jpg)/d2lnr5mha7bycj.cloudfront.net/product-image/file/large_bd3c535d-a0e5-4023-9499-9c399e64be09.jpeg,"
BJsWholesaleClub,Caribbean Food Delights Jamaican Style Beefy & Cheese Turnovers Patties,$19.69,,,50 oz,[],Many in stock,"https://www.instacart.com/image-server/197x197/filters:fill(FFF,true):format(jpg)/d2lnr5mha7bycj.cloudfront.net/product-image/file/large_173fde9c-f0e6-46f3-ba8a-e3bed4176947.jpeg,"
BJsWholesaleClub,"Sandwich Bros. Chicken Melt Flatbread Sandwiches, Frozen Sandwiches",$18.19,,,35 oz,[],Many in stock,"https://www.instacart.com/image-server/197x197/filters:fill(FFF,true):format(jpg)/d2lnr5mha7bycj.cloudfront.net/product-image/file/large_6a6ef8ba-9613-4817-bac8-9a127fa3ce19.jpeg,"
BJsWholesaleClub,"Grain Trust Steamed Jasmine Rice, Organic",$6.39,,,3 x 30 oz,"['Gluten-Free', 'Vegan']",,"https://www.instacart.com/image-server/197x197/filters:fill(FFF,true):format(jpg)/d2lnr5mha7bycj.cloudfront.net/product-image/file/large_f537cdb4-f829-40d1-b795-a1e3e81fab01.jpg,"
BJsWholesaleClub,Wellsley Farms Mac & Cheese A Crunchy Coating Filled With Cavatappi Pasta And A Creamy Blend Of Three Cheeses Bites,$13.99,,,36 oz,[],Many in stock,"https://www.instacart.com/image-server/197x197/filters:fill(FFF,true):format(jpg)/d2lnr5mha7bycj.cloudfront.net/product-image/file/large_853e30d0-f5d4-4d61-a219-87a64d8270d5.jpeg,"
BJsWholesaleClub,"Ellio's Cheese Pizza, 100% Real Cheese, 36-slice",$17.79,,,73.2 oz,[],,"https://www.instacart.com/image-server/197x197/filters:fill(FFF,true):format(jpg)/d2lnr5mha7bycj.cloudfront.net/product-image/file/large_4be17c21-7e18-459f-b45f-f18be2b432cf.jpg,"
BJsWholesaleClub,Original price: $18.49,$15.89,,,42 oz,[],Many in stock,"https://www.instacart.com/image-server/197x197/filters:fill(FFF,true):format(jpg)/d2lnr5mha7bycj.cloudfront.net/product-image/file/large_613ad16f-f9ec-4810-b0cd-a9c222813981.jpeg,"
BJsWholesaleClub,"Kraft Frozen Meal, Original Cheddar Mac & Cheese, Macaroni and Cheese Dinner",$16.49,,,60 oz,[],,"https://www.instacart.com/image-server/197x197/filters:fill(FFF,true):format(jpg)/d2lnr5mha7bycj.cloudfront.net/product-image/file/large_a40e3066-e264-49fd-b8e8-13ef48cf7462.jpeg,"
BJsWholesaleClub,Kahiki Beef and Broccoli with Garlic Soy Sauce,$19.09,,,44 oz,[],Many in stock,"https://www.instacart.com/image-server/197x197/filters:fill(FFF,true):format(jpg)/d2lnr5mha7bycj.cloudfront.net/product-image/file/large_1f2aac0b-a60e-4356-9d86-a8a8fd50de32.jpeg,"
BJsWholesaleClub,Nature's Intent Baked Cauli & Cheese,$16.49,,,36 oz,"['Keto', 'Gluten-Free']",Many in stock,"https://www.instacart.com/image-server/197x197/filters:fill(FFF,true):format(jpg)/d2lnr5mha7bycj.cloudfront.net/product-image/file/large_6d9e81ef-9d34-43d6-8164-9895c0bc88f3.jpeg,"
BJsWholesaleClub,"Barber Foods Chicken Breasts, Raw Stuffed, Broccoli & Cheese, Breaded, Club Pack",$17.79,,,6 ct,[],Many in stock,"https://www.instacart.com/image-server/197x197/filters:fill(FFF,true):format(jpg)/d2lnr5mha7bycj.cloudfront.net/product-image/file/large_3cc130ec-c865-4822-9231-4ee1a8b6cdea.jpeg,"
BJsWholesaleClub,"Wellsley Farms Five Cheese Filled With Ricotta, Asiago, Parmesan, Romano, Mozzarella Cheese & Spices Stuffed Shells",$19.09,,,4 lb,[],Many in stock,"https://www.instacart.com/image-server/197x197/filters:fill(FFF,true):format(jpg)/d2lnr5mha7bycj.cloudfront.net/product-image/file/large_21c1eab0-032a-4184-99de-833f5d6e1682.jpeg,"
BJsWholesaleClub,Red Baron Frozen Pizza French Bread Pepperoni,$20.39,,,9 x 48.6 oz,[],,"https://www.instacart.com/image-server/197x197/filters:fill(FFF,true):format(jpg)/d2lnr5mha7bycj.cloudfront.net/product-image/file/large_60a1a77a-6d38-4ad9-83b3-b9b1f627bab1.jpeg,"
BJsWholesaleClub,Bibigo Vegetable Fried Rice,$19.09,,,6 x 54 oz,[],Many in stock,"https://www.instacart.com/image-server/197x197/filters:fill(FFF,true):format(jpg)/d2lnr5mha7bycj.cloudfront.net/product-image/file/large_de771edf-220b-40ca-8e13-f5cc78a2058e.jpeg,"
BJsWholesaleClub,Stouffer's Classics Salisbury Steak Frozen Entrée,$15.29,,,9.63 oz,[],,"https://www.instacart.com/image-server/197x197/filters:fill(FFF,true):format(jpg)/d2lnr5mha7bycj.cloudfront.net/product-image/file/large_b5816942-1a07-4a2c-9fc2-b236b9181837.jpeg,"
BJsWholesaleClub,Red Baron Frozen Pizza Deep Dish Singles,$19.09,,,1.97 kg,[],Many in stock,"https://www.instacart.com/image-server/197x197/filters:fill(FFF,true):format(jpg)/d2lnr5mha7bycj.cloudfront.net/product-image/file/large_a4713664-bead-4e4b-95b5-fa42d42da55d.jpeg,"
BJsWholesaleClub,Wellsley Farms Lightly Breaded Toasted Ravioli,$17.19,,,36 oz,[],Many in stock,"https://www.instacart.com/image-server/197x197/filters:fill(FFF,true):format(jpg)/d2lnr5mha7bycj.cloudfront.net/product-image/file/large_e7164b41-756e-4800-82fc-66e4416f5eab.jpeg,"
BJsWholesaleClub,Wellsley Farms Jumbo Five Cheese Ravioli,$18.49,,,4 lb,[],Many in stock,"https://www.instacart.com/image-server/197x197/filters:fill(FFF,true):format(jpg)/d2lnr5mha7bycj.cloudfront.net/product-image/file/large_8a74faa1-dc44-4cd1-a51e-b3e4d8776197.jpeg,"
BJsWholesaleClub,Stouffer's Lasagna with Meat & Sauce,$20.39,,,96 oz,[],Many in stock,"https://www.instacart.com/image-server/197x197/filters:fill(FFF,true):format(jpg)/d2lnr5mha7bycj.cloudfront.net/product-image/file/large_90be55ab-7cf1-4e81-bdf0-9a1c327ee71e.jpeg,"
BJsWholesaleClub,DiGiorno Original Rising Crust Pepperoni Frozen Pizza,$20.39,,,82.6 oz,[],,"https://www.instacart.com/image-server/197x197/filters:fill(FFF,true):format(jpg)/d2lnr5mha7bycj.cloudfront.net/product-image/file/large_5870cac2-b067-40e4-a90d-1cea12cae374.jpeg,"
BJsWholesaleClub,Scott & Jon's Shrimp Scampi With Linguini Tender Shrimp Tossed In A Rich Scampi Sauce With Linguini & Sweet Tomatoes,$12.69,,,3 x 8 oz,[],Many in stock,"https://www.instacart.com/image-server/197x197/filters:fill(FFF,true):format(jpg)/d2lnr5mha7bycj.cloudfront.net/product-image/file/large_00fef573-54e6-4030-ad11-aabcd61f9318.jpeg,"
BJsWholesaleClub,Birds Eye Voila! Alfredo Chicken Frozen Meal,$14.39,,,63 oz,[],,"https://www.instacart.com/image-server/197x197/filters:fill(FFF,true):format(jpg)/d2lnr5mha7bycj.cloudfront.net/product-image/file/large_5df98929-0a53-450c-b3e9-2d6cbe99ec64.jpeg,"
BJsWholesaleClub,"Wellsley Farms Four Cheese Filled With Ricotta, Asiago, Parmesan & Romano Cheese Tortellini",$19.09,,,4 lb,[],Many in stock,"https://www.instacart.com/image-server/197x197/filters:fill(FFF,true):format(jpg)/d2lnr5mha7bycj.cloudfront.net/product-image/file/large_f9f5044b-af79-448b-9285-e194b7033071.jpeg,"
BJsWholesaleClub,Birds Eye Voila! Garlic Chicken Frozen Meal,$14.39,,,63 oz,[],,"https://www.instacart.com/image-server/197x197/filters:fill(FFF,true):format(jpg)/d2lnr5mha7bycj.cloudfront.net/product-image/file/large_51d4f5fe-6403-4666-9e42-494c2ebc324e.jpeg,"
BJsWholesaleClub,Wellsley Farms Beef Stew,$21.18,each (est.),$10.59 / lb,About 2.0 lb each,[],,"https://www.instacart.com/image-server/197x197/filters:fill(FFF,true):format(jpg)/d2lnr5mha7bycj.cloudfront.net/product-image/file/large_9965f878-8b48-4bc0-a3b2-d373f1d8855d.jpeg,"
BJsWholesaleClub,Delimex Beef Taquitos,$19.09,,,66 ct,[],Many in stock,"https://www.instacart.com/image-server/197x197/filters:fill(FFF,true):format(jpg)/d2lnr5mha7bycj.cloudfront.net/product-image/file/large_12cd9b8f-12a5-4e19-91ce-82415a2139b5.jpeg,"
BJsWholesaleClub,Red Baron Frozen Pizza Classic Crust Four Cheese,$19.09,,,3 x 63.18 oz,[],Many in stock,"https://www.instacart.com/image-server/197x197/filters:fill(FFF,true):format(jpg)/d2lnr5mha7bycj.cloudfront.net/product-image/file/large_6e7afccc-4f49-41c2-a804-02146f718f89.jpeg,"
BJsWholesaleClub,Stouffer's Lasagna With Meat & Sauce Frozen Meal,$21.59,,,19 oz,[],,"https://www.instacart.com/image-server/197x197/filters:fill(FFF,true):format(jpg)/d2lnr5mha7bycj.cloudfront.net/product-image/file/large_056fe78b-eeae-4e81-b0de-3022c74eafc5.jpeg,"
BJsWholesaleClub,Kahiki Sweet teriyaki Chicken,$16.49,,,44 oz,[],Many in stock,"https://www.instacart.com/image-server/197x197/filters:fill(FFF,true):format(jpg)/d2lnr5mha7bycj.cloudfront.net/product-image/file/large_271e38f2-c370-4b0d-952f-1173a1e5ae71.jpeg,"
BJsWholesaleClub,Real Good Foods Creamy Poblano Chicken Enchiladas,$19.09,,,27 oz,[],Many in stock,"https://www.instacart.com/image-server/197x197/filters:fill(FFF,true):format(jpg)/d2lnr5mha7bycj.cloudfront.net/product-image/file/large_a0205e72-a168-489f-ab56-0ca57be6b6a2.png,"
BJsWholesaleClub,Original price: $16.49,$13.99,,,28 oz,[],Many in stock,"https://www.instacart.com/image-server/197x197/filters:fill(FFF,true):format(jpg)/d2lnr5mha7bycj.cloudfront.net/product-image/file/large_3f45b035-d5c2-4f2a-a91f-a5063a6a6337.jpeg,"
BJsWholesaleClub,"Bertolli Chicken Florentine and Farfalle, Frozen Meals",$15.29,,,44 oz,[],Many in stock,"https://www.instacart.com/image-server/197x197/filters:fill(FFF,true):format(jpg)/d2lnr5mha7bycj.cloudfront.net/product-image/file/large_649b2e77-d6fe-40fa-80f7-16f6d2af6e4d.jpeg,"
BJsWholesaleClub,The Perfect Bite Company Riced Cauliflower Medley with Teriyaki Glaze,$11.49,,,3 lb,[],,"https://www.instacart.com/image-server/197x197/filters:fill(FFF,true):format(jpg)/d2lnr5mha7bycj.cloudfront.net/product-image/file/large_ad5eb127-32cf-48be-a51a-b6196c8af317.jpeg,"
BJsWholesaleClub,Amy's Kitchen Cheddar Cheese Frozen Burritos,$22.29,,,6 x 6 oz,[],Many in stock,"https://www.instacart.com/image-server/197x197/filters:fill(FFF,true):format(jpg)/d2lnr5mha7bycj.cloudfront.net/product-image/file/large_0f16f8f7-a6f4-4e8a-a9c3-dcbed2fc3681.jpeg,"
BJsWholesaleClub,"Freschetta Gluten Free Frozen Pizza, Cheese",$25.39,,,35 oz,['Gluten-Free'],Many in stock,"https://www.instacart.com/image-server/197x197/filters:fill(FFF,true):format(jpg)/d2lnr5mha7bycj.cloudfront.net/product-image/file/large_ee45a135-8c43-44e3-804d-71a8adfc402d.jpeg,"
BJsWholesaleClub,Stouffer's Large Size Macaroni & Cheese Frozen Meal,$22.89,,,20 oz,[],,"https://www.instacart.com/image-server/197x197/filters:fill(FFF,true):format(jpg)/d2lnr5mha7bycj.cloudfront.net/product-image/file/large_8bf647c8-53c4-4a7a-984e-6d9dae9f945c.jpeg,"
BJsWholesaleClub,"Sea Cuisine Haddock, Garlic & Herb",$13.99,,,21.9 oz,[],Many in stock,"https://www.instacart.com/image-server/197x197/filters:fill(FFF,true):format(jpg)/d2lnr5mha7bycj.cloudfront.net/product-image/file/large_76afb72b-8601-49a5-b7b3-6c3e4b2a8389.jpeg,"
BJsWholesaleClub,DiGiorno Original Rising Crust Four Cheese Frozen Pizza,$20.39,,,84.6 oz,[],Many in stock,"https://www.instacart.com/image-server/197x197/filters:fill(FFF,true):format(jpg)/d2lnr5mha7bycj.cloudfront.net/product-image/file/large_34ae7f1b-ceb9-44c3-b51a-c767ab770a17.jpeg,"
BJsWholesaleClub,Red Baron Frozen Pizza Classic Crust Pepperoni,$19.09,,,3 x 61.8 oz,[],Many in stock,"https://www.instacart.com/image-server/197x197/filters:fill(FFF,true):format(jpg)/d2lnr5mha7bycj.cloudfront.net/product-image/file/large_a7e24b4f-f799-4907-97c2-1d3d240745ec.jpeg,"
BJsWholesaleClub,"Tyson Chicken Nuggets, White Meat",$18.49,,,80 oz,[],,"https://www.instacart.com/image-server/197x197/filters:fill(FFF,true):format(jpg)/d2lnr5mha7bycj.cloudfront.net/product-image/file/large_b27b700e-77a2-44b8-bb18-5669c4980a5f.jpeg,"
BJsWholesaleClub,"Yummy Dinosaur-Shaped, Chicken Breast Nuggets",$19.09,,,5 lb,[],Many in stock,"https://www.instacart.com/image-server/197x197/filters:fill(FFF,true):format(jpg)/d2lnr5mha7bycj.cloudfront.net/product-image/file/large_6fdd4cbb-164f-4fbb-9498-fad4bf0aa494.jpg,"
BJsWholesaleClub,Wellsley Farms Raw Shrimp 31/40 Ct,$14.59,,,32 oz,['Gluten-Free'],Many in stock,"https://www.instacart.com/image-server/197x197/filters:fill(FFF,true):format(jpg)/d2lnr5mha7bycj.cloudfront.net/product-image/file/large_80e766af-b585-45d0-8725-5aa50d5439f7.jpeg,"
BJsWholesaleClub,Wellsley Farms Crispy Chicken Strips,$16.49,,,3.5 lb,[],Many in stock,"https://www.instacart.com/image-server/197x197/filters:fill(FFF,true):format(jpg)/d2lnr5mha7bycj.cloudfront.net/product-image/file/large_f023a646-84cd-497b-9f02-af4ae49c3432.jpeg,"
BJsWholesaleClub,"Tyson Chicken Wings, First & Second Sections",$36.89,,,10 lb,[],,"https://www.instacart.com/image-server/197x197/filters:fill(FFF,true):format(jpg)/d2lnr5mha7bycj.cloudfront.net/product-image/file/large_7220d3dd-e4c8-46c6-8853-76fc00d0061c.jpeg,"
BJsWholesaleClub,"Tyson Fully Cooked Crispy Chicken Strips, Frozen",$19.09,,,56 oz,[],,"https://www.instacart.com/image-server/197x197/filters:fill(FFF,true):format(jpg)/d2lnr5mha7bycj.cloudfront.net/product-image/file/large_5a3a0d73-7d4e-492d-a904-9dd99597e7a5.jpeg,"
BJsWholesaleClub,Wellsley Farms Atlantic Salmon,$25.39,,,32 oz,['Gluten-Free'],,"https://www.instacart.com/image-server/197x197/filters:fill(FFF,true):format(jpg)/d2lnr5mha7bycj.cloudfront.net/product-image/file/large_4b30463a-87fc-43c0-81f1-61f3d8978b80.jpeg,"
BJsWholesaleClub,"Wellsley Farms Italian-Style Meatballs, 5 lbs",$17.79,,,5 lb,[],Many in stock,"https://www.instacart.com/image-server/197x197/filters:fill(FFF,true):format(jpg)/d2lnr5mha7bycj.cloudfront.net/product-image/file/large_268d7f1d-02a9-4424-860a-13528775d0fa.jpeg,"
BJsWholesaleClub,Gorton's Golden Crispy Panko Fish Sticks,$20.39,,,56 oz,[],Many in stock,"https://www.instacart.com/image-server/197x197/filters:fill(FFF,true):format(jpg)/d2lnr5mha7bycj.cloudfront.net/product-image/file/large_4db279b3-c206-469c-b12b-4ac3cb782ad7.jpeg,"
BJsWholesaleClub,"Tyson Popcorn Chicken, Panko",$24.19,,,56 oz,[],Many in stock,"https://www.instacart.com/image-server/197x197/filters:fill(FFF,true):format(jpg)/d2lnr5mha7bycj.cloudfront.net/product-image/file/large_c2ffd8f0-a30d-4647-888d-833ae16b5697.jpeg,"
BJsWholesaleClub,Wellsley Farms Sockeye Salmon 32 Ounce,$28.99,,,2 lb,['Gluten-Free'],Many in stock,"https://www.instacart.com/image-server/197x197/filters:fill(FFF,true):format(jpg)/d2lnr5mha7bycj.cloudfront.net/product-image/file/large_ee737817-20d6-4800-b369-a8b45974b7a5.jpeg,"
BJsWholesaleClub,Wellsley Farms Buffalo Chicken Bites,$17.79,,,3.5 lb,[],Many in stock,"https://www.instacart.com/image-server/197x197/filters:fill(FFF,true):format(jpg)/d2lnr5mha7bycj.cloudfront.net/product-image/file/large_628692c7-d78b-4d61-9f9c-82c76f3050e1.jpeg,"
BJsWholesaleClub,Perdue No Antibiotics Ever Chicken Breast Nuggets,$15.29,,,3 x 12 oz,[],Many in stock,"https://www.instacart.com/image-server/197x197/filters:fill(FFF,true):format(jpg)/d2lnr5mha7bycj.cloudfront.net/product-image/file/large_d5f7aec3-2950-4910-b5d6-07b7e859cbb7.jpeg,"
BJsWholesaleClub,Wellsley Farms Raw Shrimp 21/25 Count,$13.99,,,24 oz,['Gluten-Free'],,"https://www.instacart.com/image-server/197x197/filters:fill(FFF,true):format(jpg)/d2lnr5mha7bycj.cloudfront.net/product-image/file/large_a967a82a-916c-43b2-8d05-0e5e484e7c6c.jpeg,"
BJsWholesaleClub,"Tyson Chicken Breast Tenderloins, Uncooked, Breaded",$27.99,,,5 lb,[],Many in stock,"https://www.instacart.com/image-server/197x197/filters:fill(FFF,true):format(jpg)/d2lnr5mha7bycj.cloudfront.net/product-image/file/large_b570b089-3476-44e1-af81-44d83f415e03.jpeg,"
BJsWholesaleClub,Gorton's Pub Style Cod,$20.39,,,32.5 oz,[],Many in stock,"https://www.instacart.com/image-server/197x197/filters:fill(FFF,true):format(jpg)/d2lnr5mha7bycj.cloudfront.net/product-image/file/large_373300e5-82f8-4c2b-b45e-c0d91a67c99f.jpeg,"
BJsWholesaleClub,Perdue No Antibiotics Ever Gluten Free Chicken Breast Tenders,$15.29,,,2.63 lb,['Gluten-Free'],,"https://www.instacart.com/image-server/197x197/filters:fill(FFF,true):format(jpg)/d2lnr5mha7bycj.cloudfront.net/product-image/file/large_b68d6f15-64c9-41eb-89bc-18a260f72743.jpeg,"
BJsWholesaleClub,"Tyson Chicken Breast Strips, Grilled",$25.39,,,48 oz,[],,"https://www.instacart.com/image-server/197x197/filters:fill(FFF,true):format(jpg)/d2lnr5mha7bycj.cloudfront.net/product-image/file/large_df6da2c1-ab69-4ac0-a116-f950ba43d68f.jpeg,"
BJsWholesaleClub,Original price: $18.49,$15.89,,,"Original price: $18.49
$18.49",[],Many in stock,"https://www.instacart.com/image-server/197x197/filters:fill(FFF,true):format(jpg)/d2lnr5mha7bycj.cloudfront.net/product-image/file/large_f194cece-de75-4785-9672-ed689e7ceeb4.jpeg,"
BJsWholesaleClub,"Tyson Hot Wings, Buffalo Style",$25.39,,,4 lb,[],Many in stock,"https://www.instacart.com/image-server/197x197/filters:fill(FFF,true):format(jpg)/d2lnr5mha7bycj.cloudfront.net/product-image/file/large_c83b1801-abac-48ed-b98d-b29e1c346a7a.jpeg,"
BJsWholesaleClub,Wellsley Farms Honey Bbq Chicken Strips,$17.79,,,56 oz,[],Many in stock,"https://www.instacart.com/image-server/197x197/filters:fill(FFF,true):format(jpg)/d2lnr5mha7bycj.cloudfront.net/product-image/file/large_3979049a-b696-47c9-a165-ccc93cc6d3f8.jpeg,"
BJsWholesaleClub,Red Lobster Cheddar Bay Biscuit Cod,$16.49,,,23.2 oz,[],Many in stock,"https://www.instacart.com/image-server/197x197/filters:fill(FFF,true):format(jpg)/d2lnr5mha7bycj.cloudfront.net/product-image/file/large_192d72e2-d3e0-46b1-bb33-c053ca2cbe7c.png,"
BJsWholesaleClub,"Wellsley Farms Angus Beef Meatballs, 4 lbs.",$31.79,,,4 lb,[],Many in stock,"https://www.instacart.com/image-server/197x197/filters:fill(FFF,true):format(jpg)/d2lnr5mha7bycj.cloudfront.net/product-image/file/large_1e24355e-f69c-4edf-a9eb-6d521fd3ac15.jpeg,"
BJsWholesaleClub,Wellsley Farms Frozen Sirloin & Beef Patties,$25.39,,,4 lb,['Gluten-Free'],Many in stock,"https://www.instacart.com/image-server/197x197/filters:fill(FFF,true):format(jpg)/d2lnr5mha7bycj.cloudfront.net/product-image/file/large_26f1bd4a-331d-43fe-9055-1a1549405ecf.jpeg,"
BJsWholesaleClub,Gorton's Crunchy Panko Fish Fillets,$21.59,,,62.4 oz,[],,"https://www.instacart.com/image-server/197x197/filters:fill(FFF,true):format(jpg)/d2lnr5mha7bycj.cloudfront.net/product-image/file/large_798e5712-9796-4191-9b05-878b10cff0b5.jpeg,"
BJsWholesaleClub,"Tyson Boneless Skinless Chicken Breast Tenderloins, (Frozen)",$31.79,,,6 lb,[],,"https://www.instacart.com/image-server/197x197/filters:fill(FFF,true):format(jpg)/d2lnr5mha7bycj.cloudfront.net/product-image/file/large_4bf268be-8c5b-48d6-8dbb-62750578b44e.jpeg,"
BJsWholesaleClub,"Tyson Blackened Flavored Unbreaded Chicken Strips, 3 lb. (Frozen)",$24.79,,,48 oz,[],,"https://www.instacart.com/image-server/197x197/filters:fill(FFF,true):format(jpg)/d2lnr5mha7bycj.cloudfront.net/product-image/file/large_0c34ffd2-45a4-45bb-bede-93904cee25d3.jpeg,"
BJsWholesaleClub,Gorton's Panko Breaded Haddock,$19.09,,,34.9 oz,[],Many in stock,"https://www.instacart.com/image-server/197x197/filters:fill(FFF,true):format(jpg)/d2lnr5mha7bycj.cloudfront.net/product-image/file/large_add6601e-dafc-4d85-ba07-30b1ab1a489e.jpeg,"
BJsWholesaleClub,Wellsley Farms Chicken Patties,$20.39,,,5 lb,[],Many in stock,"https://www.instacart.com/image-server/197x197/filters:fill(FFF,true):format(jpg)/d2lnr5mha7bycj.cloudfront.net/product-image/file/large_a187bef1-00ee-4196-aa0a-c610b0e5166f.jpeg,"
BJsWholesaleClub,"Tyson Chicken Breast, Boneless, Skinless, Thin Sliced",$30.49,,,6 lb,[],Many in stock,"https://www.instacart.com/image-server/197x197/filters:fill(FFF,true):format(jpg)/d2lnr5mha7bycj.cloudfront.net/product-image/file/large_6507149a-00ca-4a51-80c1-6ae83da54a59.jpeg,"
BJsWholesaleClub,"Bubba Burger Burgers, Turkey",$20.39,,,16 ct,['Gluten-Free'],Many in stock,"https://www.instacart.com/image-server/197x197/filters:fill(FFF,true):format(jpg)/d2lnr5mha7bycj.cloudfront.net/product-image/file/large_4a12de3d-74d4-407d-b939-7e992fb6c0f7.jpeg,"
BJsWholesaleClub,"Tyson Chicken Bites, Boneless, Buffalo Style",$20.39,,,56 oz,[],Many in stock,"https://www.instacart.com/image-server/197x197/filters:fill(FFF,true):format(jpg)/d2lnr5mha7bycj.cloudfront.net/product-image/file/large_89526072-f463-4ced-8c3e-31708eaf741c.jpeg,"
BJsWholesaleClub,"Tyson Chicken Patties, White Meat, Panko Breaded",$22.89,,,5 lb,[],Many in stock,"https://www.instacart.com/image-server/197x197/filters:fill(FFF,true):format(jpg)/d2lnr5mha7bycj.cloudfront.net/product-image/file/large_65708237-5454-4384-b577-2bb2f47d6d4d.jpeg,"
BJsWholesaleClub,Wellsley Farms Seasoned Beef Patties,$25.39,,,64 oz,[],Many in stock,"https://www.instacart.com/image-server/197x197/filters:fill(FFF,true):format(jpg)/d2lnr5mha7bycj.cloudfront.net/product-image/file/large_05c06988-c7cd-4e63-992a-42e6ea12d417.jpeg,"
BJsWholesaleClub,"Barber Foods Chicken Breasts, Raw Stuffed, Cordon Bleu, Breaded, Club Pack",$17.79,,,6 ct,[],Many in stock,"https://www.instacart.com/image-server/197x197/filters:fill(FFF,true):format(jpg)/d2lnr5mha7bycj.cloudfront.net/product-image/file/large_a40e76ec-7f73-4b91-957a-349cdfa8e534.jpeg,"
BJsWholesaleClub,Philly Gourmet Shaved Beef Steak,$19.09,,,42 oz,[],,"https://www.instacart.com/image-server/197x197/filters:fill(FFF,true):format(jpg)/d2lnr5mha7bycj.cloudfront.net/product-image/file/large_e12e31ed-1a86-4f9e-8f37-4f9afbd6cb46.jpeg,"
BJsWholesaleClub,Wellsley Farms Raw Shrimp 16/20,$20.39,,,24 oz,['Gluten-Free'],,"https://www.instacart.com/image-server/197x197/filters:fill(FFF,true):format(jpg)/d2lnr5mha7bycj.cloudfront.net/product-image/file/large_cdc5a8b9-ece3-4ea8-b837-f57795faa7fc.jpeg,"
BJsWholesaleClub,"Beyond Meat Beyond Burger, Plant-Based Patties",$23.49,,,39.8 oz,"['Gluten-Free', 'Vegan']",,"https://www.instacart.com/image-server/197x197/filters:fill(FFF,true):format(jpg)/d2lnr5mha7bycj.cloudfront.net/product-image/file/large_1d31ddbd-f9e1-4c5a-93ac-52a5b9d6b317.jpg,"
BJsWholesaleClub,Wellsley Farms Tilapia Loins,$12.09,,,2 lb,['Gluten-Free'],Many in stock,"https://www.instacart.com/image-server/197x197/filters:fill(FFF,true):format(jpg)/d2lnr5mha7bycj.cloudfront.net/product-image/file/large_735176f8-dd85-4c1b-a07e-f2cbda554299.jpeg,"
BJsWholesaleClub,"Wellsley Farms 2 Percent Milk, 1 Gallon",$3.69,,,1 gal,[],Many in stock,"https://www.instacart.com/image-server/197x197/filters:fill(FFF,true):format(jpg)/d2lnr5mha7bycj.cloudfront.net/product-image/file/large_2170952c-973e-454e-bfd4-ef76b689d0f6.jpeg,"
BJsWholesaleClub,Garelick Farms Lowfat Milk,$3.39,,,1 gal,[],,"https://www.instacart.com/image-server/197x197/filters:fill(FFF,true):format(jpg)/d2lnr5mha7bycj.cloudfront.net/product-image/file/large_a768b605-155c-408c-be5a-b18a8d83c24b.jpeg,"
BJsWholesaleClub,"fairlife Fat Free Ultra-Filtered Milk, Lactose Free",$5.49,,,52 fl oz,[],,"https://www.instacart.com/image-server/197x197/filters:fill(FFF,true):format(jpg)/d2lnr5mha7bycj.cloudfront.net/product-image/file/large_8b19ec4b-cc25-49d7-a400-5f5ca047c871.jpeg,"
BJsWholesaleClub,Lactaid 2% Reduced Fat Milk,$7.49,,,96 fl oz,[],Many in stock,"https://www.instacart.com/image-server/197x197/filters:fill(FFF,true):format(jpg)/d2lnr5mha7bycj.cloudfront.net/product-image/file/large_71c152cc-645e-4025-9d2a-15a024b6daa5.jpeg,"
BJsWholesaleClub,Wellsley Farms Fat Free Skim Milk,$3.09,,,1 gal,['Cow Milk'],Many in stock,"https://www.instacart.com/image-server/197x197/filters:fill(FFF,true):format(jpg)/d2lnr5mha7bycj.cloudfront.net/product-image/file/large_eb31ad6b-b56d-49a6-9a0c-d0db2e7b41c0.jpeg,"
BJsWholesaleClub,Organic 2% Milk,$14.99,,,3 x 64 fl oz,[],Many in stock,"https://www.instacart.com/image-server/197x197/filters:fill(FFF,true):format(jpg)/d2lnr5mha7bycj.cloudfront.net/product-image/file/large_1a577edb-fc26-4746-a920-e51be66068f3.jpeg,"
BJsWholesaleClub,"fairlife 2% Reduced Fat Ultra-Filtered Milk, Lactose Free",$5.49,,,52 fl oz,[],,"https://www.instacart.com/image-server/197x197/filters:fill(FFF,true):format(jpg)/d2lnr5mha7bycj.cloudfront.net/product-image/file/large_c073a166-0932-4125-93a0-ebaa224cf8ac.jpeg,"
BJsWholesaleClub,WF Organic Skim Milk,$14.99,,,3 x 64 fl oz,['Organic'],Many in stock,"https://www.instacart.com/image-server/197x197/filters:fill(FFF,true):format(jpg)/d2lnr5mha7bycj.cloudfront.net/product-image/file/large_434e3381-d8f5-43f1-af63-fd83212e3e6a.jpeg,"
BJsWholesaleClub,Wellsley Farms Organic 1% Low Fat Milk,$14.99,,,3 x 0.5 gal,['Organic'],Many in stock,"https://www.instacart.com/image-server/197x197/filters:fill(FFF,true):format(jpg)/d2lnr5mha7bycj.cloudfront.net/product-image/file/large_ca9d68ec-d74f-4461-81b1-c4ce0c33674e.jpeg,"
BJsWholesaleClub,TruMoo Chocolate Lowfat Milk,$6.39,,,1 gal,[],Many in stock,"https://www.instacart.com/image-server/197x197/filters:fill(FFF,true):format(jpg)/d2lnr5mha7bycj.cloudfront.net/product-image/file/large_64e7453a-5913-4657-8285-21b07d73e9cd.jpg,"
BJsWholesaleClub,Lactaid Whole Milk,$7.49,,,96 fl oz,[],,"https://www.instacart.com/image-server/197x197/filters:fill(FFF,true):format(jpg)/d2lnr5mha7bycj.cloudfront.net/product-image/file/large_66ee83bf-053c-43bd-93e6-338f7f947643.jpeg,"
BJsWholesaleClub,Lactaid Lowfat Lactose Free Milk,$7.49,,,96 fl oz,[],Many in stock,"https://www.instacart.com/image-server/197x197/filters:fill(FFF,true):format(jpg)/d2lnr5mha7bycj.cloudfront.net/product-image/file/large_30bbb52b-088a-45cf-92a6-63c17e3b995f.jpeg,"
BJsWholesaleClub,Almond Breeze Unsweetened Vanilla Almondmilk,$6.09,,,96 fl oz,[],,"https://www.instacart.com/image-server/197x197/filters:fill(FFF,true):format(jpg)/d2lnr5mha7bycj.cloudfront.net/product-image/file/large_d045791a-2daf-4df8-bf6b-690b05d3b8da.jpeg,"
BJsWholesaleClub,Lactaid Fat Free Milk,$7.49,,,96 fl oz,[],Many in stock,"https://www.instacart.com/image-server/197x197/filters:fill(FFF,true):format(jpg)/d2lnr5mha7bycj.cloudfront.net/product-image/file/large_1ed99d91-48ad-4d74-81ef-1b3acae23c47.jpeg,"
BJsWholesaleClub,Almond Breeze Original Almondmilk,$6.09,,,96 fl oz,[],,"https://www.instacart.com/image-server/197x197/filters:fill(FFF,true):format(jpg)/d2lnr5mha7bycj.cloudfront.net/product-image/file/large_bcd91b22-b6a2-45c0-bbd0-cbb23cc10a37.jpeg,"
BJsWholesaleClub,Yoo-hoo Chocolate Drink,$17.59,,,40 x 6.5 fl oz,[],Many in stock,"https://www.instacart.com/image-server/197x197/filters:fill(FFF,true):format(jpg)/d2lnr5mha7bycj.cloudfront.net/product-image/file/large_ccba418b-c464-4e27-ad5f-88aa51f544c2.jpeg,"
BJsWholesaleClub,Wellsley Farms Organic Whole Milk,$14.99,,,3 x 0.5 gal,['Organic'],,"https://www.instacart.com/image-server/197x197/filters:fill(FFF,true):format(jpg)/d2lnr5mha7bycj.cloudfront.net/product-image/file/large_9fea89d9-1d43-4d03-90a7-d33a70fe30ab.jpeg,"
BJsWholesaleClub,Nestlé NESQUIK Chocolate Lowfat Milk,$16.49,,,15 x 8 fl oz,[],Many in stock,"https://www.instacart.com/image-server/197x197/filters:fill(FFF,true):format(jpg)/d2lnr5mha7bycj.cloudfront.net/product-image/file/large_6d41390c-08f3-4179-b00a-d5a70d05cd94.jpeg,"
BJsWholesaleClub,Wellsley Farms Organic Fat Free Milk,$8.89,,,3 x 0.5 gal,['Organic'],,"https://www.instacart.com/image-server/197x197/filters:fill(FFF,true):format(jpg)/d2lnr5mha7bycj.cloudfront.net/product-image/file/large_be7229d3-e460-49a3-b0b2-6c1b1032b443.jpeg,"
BJsWholesaleClub,Wellsley Farms Original Unsweetened Organic Almondmilk,$10.19,,,2 x 52 fl oz,"['Organic', 'Vegan']",Many in stock,"https://www.instacart.com/image-server/197x197/filters:fill(FFF,true):format(jpg)/d2lnr5mha7bycj.cloudfront.net/product-image/file/large_143dd5df-4bc7-4617-ad93-5121bd73d640.jpeg,"
BJsWholesaleClub,Horizon Organic 1% Lowfat UHT DHA Omega-3 Chocolate Milk,$28.59,,,18 x 8 fl oz,['Organic'],Many in stock,"https://www.instacart.com/image-server/197x197/filters:fill(FFF,true):format(jpg)/d2lnr5mha7bycj.cloudfront.net/product-image/file/large_5f4f5fed-8575-47eb-acaf-e8eba390ab65.jpeg,"
BJsWholesaleClub,Wellsley Farms Unsweetened Vanilla Flavored Organic Almondmilk,$10.19,,,2 x 52 fl oz,"['Organic', 'Vegan']",Many in stock,"https://www.instacart.com/image-server/197x197/filters:fill(FFF,true):format(jpg)/d2lnr5mha7bycj.cloudfront.net/product-image/file/large_7937b389-d407-470e-a6b7-d9a28d0518d7.jpeg,"
BJsWholesaleClub,Planet Oat Original Oatmilk,$6.39,,,86 fl oz,"['Vegan', 'Gluten-Free']",Many in stock,"https://www.instacart.com/image-server/197x197/filters:fill(FFF,true):format(jpg)/d2lnr5mha7bycj.cloudfront.net/product-image/file/large_f0ca1ed5-0bc4-4881-a458-5c853c1258e8.jpeg,"
BJsWholesaleClub,Wellsley Farms Organic Whole Milk,$6.99,,,0.5 gal,"['Organic', 'Grass-Fed']",,"https://www.instacart.com/image-server/197x197/filters:fill(FFF,true):format(jpg)/d2lnr5mha7bycj.cloudfront.net/product-image/file/large_d30a47ee-ce9e-46ad-a423-b6164693b5e0.jpeg,"
BJsWholesaleClub,So Delicious Dairy Free Organic Coconut Milk Beverage Unsweetened,$5.99,,,64 fl oz,"['Organic', 'Vegan']",,"https://www.instacart.com/image-server/197x197/filters:fill(FFF,true):format(jpg)/d2lnr5mha7bycj.cloudfront.net/product-image/file/large_42ccc714-176b-4ca9-aa38-30d4a0b4411b.jpeg,"
BJsWholesaleClub,Horizon Organic Whole Shelf-Stable Milk,$25.39,,,18 x 144 fl oz,['Organic'],,"https://www.instacart.com/image-server/197x197/filters:fill(FFF,true):format(jpg)/d2lnr5mha7bycj.cloudfront.net/product-image/file/large_25b5f3ff-0f30-4906-9cd9-9e721744aff1.jpeg,"
BJsWholesaleClub,So Delicious Vanilla and Strawberry Coconut Milk Yogurt Variety Pack,$17.59,,,12 x 5.3 oz,[],Many in stock,"https://www.instacart.com/image-server/197x197/filters:fill(FFF,true):format(jpg)/d2lnr5mha7bycj.cloudfront.net/product-image/file/large_73b22ca5-d6a4-4b37-b1f7-9e437186b50a.jpeg,"
BJsWholesaleClub,Nestlé NESQUIK Chocolate Beverage RTD x,$6.39,,,14 fl oz,[],,"https://www.instacart.com/image-server/197x197/filters:fill(FFF,true):format(jpg)/d2lnr5mha7bycj.cloudfront.net/product-image/file/large_3c1952f0-a3c7-49bf-8bbb-c9af3d4ac1ac.jpg,"
BJsWholesaleClub,Planet Oat Unsweetened Original Oatmilk,$6.39,,,86 fl oz,['Vegan'],,"https://www.instacart.com/image-server/197x197/filters:fill(FFF,true):format(jpg)/d2lnr5mha7bycj.cloudfront.net/product-image/file/large_9adaf735-a67b-4a03-be61-a34f84f8d697.jpeg,"
BJsWholesaleClub,Califia Farms Refrigerated Oat Barista Blend Oat Milk,$5.49,,,32 fl oz,"['Vegan', 'Gluten-Free']",,"https://www.instacart.com/image-server/197x197/filters:fill(FFF,true):format(jpg)/d2lnr5mha7bycj.cloudfront.net/product-image/file/large_6caa837b-0203-476c-b87f-ae2f1fe820b0.jpeg,"
BJsWholesaleClub,Ardmore Farms Unsweetened Original Almondmilk,$4.49,,,96 fl oz,[],,"https://www.instacart.com/image-server/197x197/filters:fill(FFF,true):format(jpg)/d2lnr5mha7bycj.cloudfront.net/product-image/file/large_8e26e94a-a4b6-4857-8c9e-81a46916d1f6.jpeg,"
BJsWholesaleClub,"Horizon Organic Organic Vanilla Milk, 18 X 8 oz",$28.59,,,18 x 8 fl oz,['Organic'],,"https://www.instacart.com/image-server/197x197/filters:fill(FFF,true):format(jpg)/d2lnr5mha7bycj.cloudfront.net/product-image/file/large_510e5491-4636-4d0c-808d-03521f80be28.jpeg,"
BJsWholesaleClub,Silk Vanilla Almond Milk,$7.99,,,2 x 64 fl oz,[],Many in stock,"https://www.instacart.com/image-server/197x197/filters:fill(FFF,true):format(jpg)/d2lnr5mha7bycj.cloudfront.net/product-image/file/large_3b7fad14-403f-4483-990a-a84aa689e166.jpeg,"
BJsWholesaleClub,Silk Original Almond Milk,$7.99,,,2 x 64 fl oz,[],,"https://www.instacart.com/image-server/197x197/filters:fill(FFF,true):format(jpg)/d2lnr5mha7bycj.cloudfront.net/product-image/file/large_6f9b5916-db48-416d-a5b2-15c9d6a37749.jpeg,"
BJsWholesaleClub,Silk Unsweetened Almond Milk,$7.99,,,2 x 64 fl oz,[],,"https://www.instacart.com/image-server/197x197/filters:fill(FFF,true):format(jpg)/d2lnr5mha7bycj.cloudfront.net/product-image/file/large_a68b41f3-c949-4a44-b9de-cad9af6ed912.jpeg,"
BJsWholesaleClub,Horizon Organic 2% Reduced Fat DHA Omega-3 Milk,$6.39,,,64 fl oz,"['Cow Milk', 'Organic']",,"https://www.instacart.com/image-server/197x197/filters:fill(FFF,true):format(jpg)/d2lnr5mha7bycj.cloudfront.net/product-image/file/large_bb8ac64c-d54c-4aa8-8441-4e76d2f95b0a.jpeg,"
BJsWholesaleClub,Almond Breeze Unsweetened Original Club 6-Pack,$15.29,,,6 x 32 fl oz,['Vegan'],,"https://www.instacart.com/image-server/197x197/filters:fill(FFF,true):format(jpg)/d2lnr5mha7bycj.cloudfront.net/product-image/file/large_069ea804-3f77-4e07-8c0e-96677d1b4ebd.jpeg,"
BJsWholesaleClub,Lunchables Kids Lunch Variety Combo Ham & Cheddar & Turkey & American Cheese Crackers,$11.19,,,6 ct,[],,"https://www.instacart.com/image-server/197x197/filters:fill(FFF,true):format(jpg)/d2lnr5mha7bycj.cloudfront.net/product-image/file/large_3828499c-96c8-4871-8003-82cf88b0be50.jpeg,"
BJsWholesaleClub,"Sargento Balanced Breaks® Cheese & Crackers Variety Snack Kit, 12-Pack",$16.49,,,12 x 18 oz,[],Many in stock,"https://www.instacart.com/image-server/197x197/filters:fill(FFF,true):format(jpg)/d2lnr5mha7bycj.cloudfront.net/product-image/file/large_09af872d-8625-4521-bd86-d12646a7de46.jpeg,"
BJsWholesaleClub,Fresh Express Caesar Salad & Toppings Kit,$5.79,,,19.5 oz,[],,"https://www.instacart.com/image-server/197x197/filters:fill(FFF,true):format(jpg)/d2lnr5mha7bycj.cloudfront.net/product-image/file/large_c95320f1-338b-42a2-97de-3cd0bab9bb8a.jpeg,"
BJsWholesaleClub,"Eggland's Best Eggs, Medium, Hard-Cooked",$6.39,,,12 ct,[],Many in stock,"https://www.instacart.com/image-server/197x197/filters:fill(FFF,true):format(jpg)/d2lnr5mha7bycj.cloudfront.net/product-image/file/large_969eeb4c-7ec1-4084-acec-7236b93464b9.jpeg,"
BJsWholesaleClub,Taylor Farms Avocado Ranch Chopped Salad Kit,$4.49,,,12.8 oz,[],,"https://www.instacart.com/image-server/197x197/filters:fill(FFF,true):format(jpg)/d2lnr5mha7bycj.cloudfront.net/product-image/file/large_450b7a41-46af-4005-ac21-c221cb0ab3e8.jpeg,"
BJsWholesaleClub,Sargento Balanced Breaks® Variety Snack Kit,$16.49,,,6 x 18 oz,[],Many in stock,"https://www.instacart.com/image-server/197x197/filters:fill(FFF,true):format(jpg)/d2lnr5mha7bycj.cloudfront.net/product-image/file/large_e20e68a2-fba5-4c6d-ad8d-6c3cbee3936a.jpeg,"
BJsWholesaleClub,Taylor Farms Sweet Kale Chopped Salad Kit,$4.49,,,12 oz,[],,"https://www.instacart.com/image-server/197x197/filters:fill(FFF,true):format(jpg)/d2lnr5mha7bycj.cloudfront.net/product-image/file/large_6cc2ac39-703f-4047-89c2-696846499232.jpeg,"
BJsWholesaleClub,Fruit Platter,$11.49,,,2 lb container,[],,"https://www.instacart.com/image-server/197x197/filters:fill(FFF,true):format(jpg)/d2lnr5mha7bycj.cloudfront.net/product-image/file/large_ac779f85-3e6a-4a6a-b401-b92008c3f061.jpeg,"
BJsWholesaleClub,Wellsley Farms White Meat Chicken Salad,$15.29,,,32 oz,[],,"https://www.instacart.com/image-server/197x197/filters:fill(FFF,true):format(jpg)/d2lnr5mha7bycj.cloudfront.net/product-image/file/large_ccd3147a-3a1c-4b72-84b5-24c9a9a60aa1.jpeg,"
BJsWholesaleClub,Del Monte Vegetable Tray,$8.89,,,32 oz,[],Many in stock,"https://www.instacart.com/image-server/197x197/filters:fill(FFF,true):format(jpg)/d2lnr5mha7bycj.cloudfront.net/product-image/file/large_0aa52914-f2dd-40cc-bcef-fb9545f6c78f.jpg,"
BJsWholesaleClub,Panera Bread Mac & Cheese Microwave Meal Pack of 2 (Vegetarian),$15.29,,,4 each,[],Many in stock,"https://www.instacart.com/image-server/197x197/filters:fill(FFF,true):format(jpg)/d2lnr5mha7bycj.cloudfront.net/product-image/file/large_a94bda13-9d79-4197-92f0-44162821952f.jpeg,"
BJsWholesaleClub,Wellsley Farms Organic Herb Salad Mix,$3.79,,,6 x 5 oz,[],Many in stock,"https://www.instacart.com/image-server/197x197/filters:fill(FFF,true):format(jpg)/d2lnr5mha7bycj.cloudfront.net/product-image/file/large_e7f2d5b9-2c27-40fd-b6eb-373f558daf74.jpeg,"
BJsWholesaleClub,Columbus Charcuterie Sampler,$12.69,,,12 oz,[],Many in stock,"https://www.instacart.com/image-server/197x197/filters:fill(FFF,true):format(jpg)/d2lnr5mha7bycj.cloudfront.net/product-image/file/large_c3f375f5-466e-4b9e-bea1-f85477e1090c.jpeg,"
BJsWholesaleClub,Taylor Farms Caesar Chopped Salad Kit,$4.49,,,11.15 oz,[],,"https://www.instacart.com/image-server/197x197/filters:fill(FFF,true):format(jpg)/d2lnr5mha7bycj.cloudfront.net/product-image/file/large_9bed2c79-d686-4ff0-a62a-fedafbc616ed.jpeg,"
BJsWholesaleClub,Veggies Made Great Spinach Egg White Frittatas,$10.69,,,24 oz,[],,"https://www.instacart.com/image-server/197x197/filters:fill(FFF,true):format(jpg)/d2lnr5mha7bycj.cloudfront.net/product-image/file/large_be43458d-00c4-4b80-9490-dd72e0b9d5c2.jpeg,"
BJsWholesaleClub,Panera Bread at Home Creamy Tomato Soup,$13.99,,,48 oz,[],Many in stock,"https://www.instacart.com/image-server/197x197/filters:fill(FFF,true):format(jpg)/d2lnr5mha7bycj.cloudfront.net/product-image/file/large_1e871df3-3051-47f5-ade3-9cb172de92f4.jpeg,"
BJsWholesaleClub,Panera Bread at Home Broccoli Cheddar Soup,$13.99,,,48 oz,[],Many in stock,"https://www.instacart.com/image-server/197x197/filters:fill(FFF,true):format(jpg)/d2lnr5mha7bycj.cloudfront.net/product-image/file/large_b673cb80-fcc0-4f32-a665-52213b2c6ee0.jpeg,"
BJsWholesaleClub,Wellsley Farms Homestyle Mashed Potatoes,$7.69,,,2 x 24 oz,[],Many in stock,"https://www.instacart.com/image-server/197x197/filters:fill(FFF,true):format(jpg)/d2lnr5mha7bycj.cloudfront.net/product-image/file/large_03f2fe30-24aa-4262-b39b-0fcaf08810a4.jpeg,"
BJsWholesaleClub,"Hormel Party Tray, Supreme",$21.59,,,39.7 oz,[],Many in stock,"https://www.instacart.com/image-server/197x197/filters:fill(FFF,true):format(jpg)/d2lnr5mha7bycj.cloudfront.net/product-image/file/large_e02ee66d-789a-40f7-9d68-23eda3dd0a91.jpeg,"
BJsWholesaleClub,Cedar's Mediterranean Foods Roasted Red Pepper Hommus With Pretzels Snack Packs,$10.59,,,6 x 3.5 oz,[],Many in stock,"https://www.instacart.com/image-server/197x197/filters:fill(FFF,true):format(jpg)/d2lnr5mha7bycj.cloudfront.net/product-image/file/large_2d999394-d391-48b8-bc87-284328cdff34.jpeg,"
BJsWholesaleClub,Taylor Farms Asian Chopped Salad Kit,$4.49,,,13 oz,[],,"https://www.instacart.com/image-server/197x197/filters:fill(FFF,true):format(jpg)/d2lnr5mha7bycj.cloudfront.net/product-image/file/large_012120e4-f3cc-40d5-8998-ece32b9bea41.jpeg,"
BJsWholesaleClub,Wellsley Farms Spanakopita,$17.79,,,1 lb,[],Many in stock,"https://www.instacart.com/image-server/197x197/filters:fill(FFF,true):format(jpg)/d2lnr5mha7bycj.cloudfront.net/product-image/file/large_5e5b218c-8f9f-4d4d-9211-459d2b3c9e8a.jpeg,"
BJsWholesaleClub,Lunchables Pepperoni & Extra Cheesy Pizza Kids Lunch Snack Kit Multipack,$11.19,,,6 ct,[],Many in stock,"https://www.instacart.com/image-server/197x197/filters:fill(FFF,true):format(jpg)/d2lnr5mha7bycj.cloudfront.net/product-image/file/large_04a4f68c-f1ed-4392-b8ac-2c88a8b89ea4.jpeg,"
BJsWholesaleClub,Panera Bread Italian Style Wedding Soup With Chicken Meatballs,$13.99,,,2 x 24 oz,[],Many in stock,"https://www.instacart.com/image-server/197x197/filters:fill(FFF,true):format(jpg)/d2lnr5mha7bycj.cloudfront.net/product-image/file/large_fbdb1c5a-8429-412f-9285-4640296afffc.jpeg,"
BJsWholesaleClub,Wellsley Farms Red Skin Mashed Potatoes,$7.69,,,2 x 24 oz,[],Many in stock,"https://www.instacart.com/image-server/197x197/filters:fill(FFF,true):format(jpg)/d2lnr5mha7bycj.cloudfront.net/product-image/file/large_b877731a-336d-48c1-b8f0-8544eb86a5d1.jpeg,"
BJsWholesaleClub,Panera Bread Broccoli Cheddar Soup 4 Pack,$15.29,,,4 each,[],,"https://www.instacart.com/image-server/197x197/filters:fill(FFF,true):format(jpg)/d2lnr5mha7bycj.cloudfront.net/product-image/file/large_3321dea9-e92b-4dcc-a865-ad6d1aaca354.jpeg,"
BJsWholesaleClub,Wellsley Farms Traditional Macaroni Salad,$6.39,,,32 oz,[],Many in stock,"https://www.instacart.com/image-server/197x197/filters:fill(FFF,true):format(jpg)/d2lnr5mha7bycj.cloudfront.net/product-image/file/large_37873e8d-79ae-4344-826b-24334c7260bb.jpeg,"
BJsWholesaleClub,Wellsley Farms Chick Pea Salad,$7.69,,,20 oz,[],,"https://www.instacart.com/image-server/197x197/filters:fill(FFF,true):format(jpg)/d2lnr5mha7bycj.cloudfront.net/product-image/file/large_5971af24-0c90-4b5f-8695-689141f41d49.jpeg,"
BJsWholesaleClub,Wellsley Farms Traditional Red Bliss Potato Salad,$8.29,,,3 lb,[],Many in stock,"https://www.instacart.com/image-server/197x197/filters:fill(FFF,true):format(jpg)/d2lnr5mha7bycj.cloudfront.net/product-image/file/large_ceb6efbd-bbb9-4b1e-8e19-2159e1373871.jpeg,"
BJsWholesaleClub,"Taylor Farms Salad, with Chicken, Fiesta",$4.49,,,6.35 oz,[],,"https://www.instacart.com/image-server/197x197/filters:fill(FFF,true):format(jpg)/d2lnr5mha7bycj.cloudfront.net/product-image/file/large_cb1024a8-c767-49c3-b688-b6acf888bb34.jpeg,"
BJsWholesaleClub,Wellsley Farms Seafood Salad 32 Ounce,$8.89,,,2 lb container,[],,"https://www.instacart.com/image-server/197x197/filters:fill(FFF,true):format(jpg)/d2lnr5mha7bycj.cloudfront.net/product-image/file/large_c755ed6f-9660-40d5-9302-c7b2f514ee3c.jpeg,"
BJsWholesaleClub,Wellsley Farms Potato Salad,$8.29,,,3 lb,[],,"https://www.instacart.com/image-server/197x197/filters:fill(FFF,true):format(jpg)/d2lnr5mha7bycj.cloudfront.net/product-image/file/large_4a229bb0-f9ac-4982-a068-b6217ae1f15c.jpeg,"
BJsWholesaleClub,Wellsley Farms Mac & Cheese,$4.49,,,,[],Many in stock,"https://www.instacart.com/image-server/197x197/filters:fill(FFF,true):format(jpg)/d2lnr5mha7bycj.cloudfront.net/product-image/file/large_eaaa573b-2fc2-4f51-9bea-02e4353b273d.jpeg,"
BJsWholesaleClub,Taylor Farms Chef with Chicken Salad Bowl,$4.49,,,6.7 oz,[],,"https://www.instacart.com/image-server/197x197/filters:fill(FFF,true):format(jpg)/d2lnr5mha7bycj.cloudfront.net/product-image/file/large_f9cbef02-6e3c-49a7-8443-cfbb0de1b798.jpeg,"
BJsWholesaleClub,Wellsley Farms Taboule Salad,$7.69,,,18 oz,[],,"https://www.instacart.com/image-server/197x197/filters:fill(FFF,true):format(jpg)/d2lnr5mha7bycj.cloudfront.net/product-image/file/large_1b0adb8e-487a-46fa-9769-fb74ea4a556b.jpeg,"
BJsWholesaleClub,Taylor Farms Sunflower Crunch Chopped Salad Kit,$4.49,,,12.85 oz bag,[],Many in stock,"https://www.instacart.com/image-server/197x197/filters:fill(FFF,true):format(jpg)/d2lnr5mha7bycj.cloudfront.net/product-image/file/large_437d84b4-eb5c-47f2-8195-a69f8d719871.jpeg,"
BJsWholesaleClub,Taylor Farms Southwest Chopped Salad Kit,$4.49,,,12.6 oz,[],,"https://www.instacart.com/image-server/197x197/filters:fill(FFF,true):format(jpg)/d2lnr5mha7bycj.cloudfront.net/product-image/file/large_5e8c4c67-b815-40ee-8deb-027942d7dafd.jpeg,"
BJsWholesaleClub,Gabila's Potato Knishes,$16.29,,,128 g,[],,"https://www.instacart.com/image-server/197x197/filters:fill(FFF,true):format(jpg)/d2lnr5mha7bycj.cloudfront.net/product-image/file/large_8195b9a5-8a97-4ec8-8a0e-b1b9d22bed8c.jpeg,"
BJsWholesaleClub,Wellsley Farms Chicken Carbonara,$20.84,each (est.),$10.19 / lb,About 2.05 lb each,[],,"https://www.instacart.com/image-server/197x197/filters:fill(FFF,true):format(jpg)/d2lnr5mha7bycj.cloudfront.net/product-image/file/large_ac569110-8db9-40ce-a5c7-6b14ef6a9819.jpeg,"
BJsWholesaleClub,Hormel Signature Deli Party Tray,$24.19,,,48 oz,[],,"https://www.instacart.com/image-server/197x197/filters:fill(FFF,true):format(jpg)/d2lnr5mha7bycj.cloudfront.net/product-image/file/large_f570832b-582e-4182-a2e7-01179cb0af17.jpeg,"
