Store,Item Name,Price,Units,Unit Price,Amount,Tags,In Stock,Image
Costco,"Kirkland Signature Purified Drinking Water, 16.9 fl oz, 40-count",$4.99,,,40 ct,[],Many in stock,"https://www.instacart.com/image-server/197x197/filters:fill(FFF,true):format(jpg)/d2lnr5mha7bycj.cloudfront.net/product-image/file/large_1a9b19da-b93d-4976-85fb-bc16893f90fe.jpeg,"
Costco,"Bananas, 3 lbs",$1.89,,,,[],,"https://www.instacart.com/image-server/197x197/filters:fill(FFF,true):format(jpg)/d2lnr5mha7bycj.cloudfront.net/product-image/file/large_e62cd12c-531a-41fe-b662-e4f97725298f.jpeg,"
Costco,"Kirkland Signature Bath Tissue, 2-Ply, 380 Sheets, 30 Rolls",$24.99,,,,[],Many in stock,"https://www.instacart.com/image-server/197x197/filters:fill(FFF,true):format(jpg)/d2lnr5mha7bycj.cloudfront.net/product-image/file/large_81231011-5270-44cf-a398-c0e19145a8c1.jpeg,"
Costco,"Downy Ultra Concentrated HE Fabric Softener, April Fresh, 251 Loads, 170 fl oz",$16.99,,,170 fl oz,['Fresh'],,"https://www.instacart.com/image-server/197x197/filters:fill(FFF,true):format(jpg)/d2lnr5mha7bycj.cloudfront.net/product-image/file/large_68597bcf-c08a-46d2-9007-b7c8934e6dd8.jpeg,"
Costco,"Dawn Platinum Advanced Power Liquid Dish Soap, 90 fl oz",$14.99,,,90 fl oz,[],,"https://www.instacart.com/image-server/197x197/filters:fill(FFF,true):format(jpg)/d2lnr5mha7bycj.cloudfront.net/product-image/file/large_e8e8e131-3429-42aa-8059-3c6ca90ac6fa.jpeg,"
Costco,Kirkland Signature Rotisserie Chicken,$5.99,,,1 each,[],,"https://www.instacart.com/image-server/197x197/filters:fill(FFF,true):format(jpg)/d2lnr5mha7bycj.cloudfront.net/product-image/file/large_5a325f60-61d7-4434-ba19-f040a69fc5ac.jpeg,"
Costco,"Kirkland Signature Paper Towels, 2-Ply, 160 Sheets, 12 Individually Wrapped Rolls",$24.99,,,12 ct,[],Many in stock,"https://www.instacart.com/image-server/197x197/filters:fill(FFF,true):format(jpg)/d2lnr5mha7bycj.cloudfront.net/product-image/file/large_23706cbf-9843-450d-a6f2-c3413ae718bb.jpeg,"
Costco,"Kirkland Signature Eggs, Large, 24-count",$5.99,,,,['Cage-Free'],Many in stock,"https://www.instacart.com/image-server/197x197/filters:fill(FFF,true):format(jpg)/d2lnr5mha7bycj.cloudfront.net/product-image/file/large_7fda5190-67ba-42ab-9e2b-eeb1574c71f5.jpeg,"
Costco,"Downy Fresh Protect In-Wash Odor Defense Scent Booster Beads, April Fresh, 34 oz",$21.09,,,"★★★★★
★★★★★
(1.83K)",['Fresh'],Many in stock,"https://www.instacart.com/image-server/197x197/filters:fill(FFF,true):format(jpg)/d2lnr5mha7bycj.cloudfront.net/product-image/file/large_77145742-cb49-4476-9060-99d8233a9eeb.jpeg,"
Costco,Amara Organic Yogurt Smoothie Melts 4 (1 oz.) Bags Per Box,$16.99,,,4 ct,['Organic'],Many in stock,"https://www.instacart.com/image-server/197x197/filters:fill(FFF,true):format(jpg)/d2lnr5mha7bycj.cloudfront.net/product-image/file/large_d289f945-7591-4133-a051-a4334721b43a.jpeg,"
Costco,"Kirkland Signature Baby Wipes Fragrance Free, 900-count",$24.99,,,,[],Many in stock,"https://www.instacart.com/image-server/197x197/filters:fill(FFF,true):format(jpg)/d2lnr5mha7bycj.cloudfront.net/product-image/file/large_7904c092-6d91-41cc-b734-873b66301163.jpeg,"
Costco,"Kirkland Signature Butter Croissants, 12-count",$7.49,,,,[],Many in stock,"https://www.instacart.com/image-server/197x197/filters:fill(FFF,true):format(jpg)/d2lnr5mha7bycj.cloudfront.net/product-image/file/large_4ce482c1-5509-4122-9dcf-5c70f6b702e2.jpeg,"
Costco,"Organic Baby Spinach, 1 lb",$5.39,,,1 each,"['In season', 'Organic']",Many in stock,"https://www.instacart.com/image-server/197x197/filters:fill(FFF,true):format(jpg)/d2lnr5mha7bycj.cloudfront.net/product-image/file/large_b937ac32-0a90-4ab7-a03d-901d5382e5f3.jpeg,"
Costco,"Liquid I.V. Sugar-Free Hydration Multiplier, Lemon Lime, 24-count",$35.99,,,,['Zero Sugar'],Many in stock,"https://www.instacart.com/image-server/197x197/filters:fill(FFF,true):format(jpg)/d2lnr5mha7bycj.cloudfront.net/product-image/file/large_250d6968-ae0d-4318-9795-ee91e75f958e.jpeg,"
Costco,"Kodiak Cakes Power Cakes Flapjack and Waffle Mix, 72 oz",$15.99,,,,['Whole Grain'],Many in stock,"https://www.instacart.com/image-server/197x197/filters:fill(FFF,true):format(jpg)/d2lnr5mha7bycj.cloudfront.net/product-image/file/large_dcd4b1f5-54ce-404b-ab60-f9ff8f6236bb.jpg,"
Costco,"Kirkland Signature Flex-Tech 13-Gallon Kitchen Trash Bag, 200-count",$20.99,,,200 ct,[],Many in stock,"https://www.instacart.com/image-server/197x197/filters:fill(FFF,true):format(jpg)/d2lnr5mha7bycj.cloudfront.net/product-image/file/large_e83604e3-a2fc-477b-b01c-8df84d66bff1.jpeg,"
Costco,"Kirkland Signature, Organic Applesauce, 3.17 oz, 24-Count",$11.99,,,24 ct,['Organic'],Many in stock,"https://www.instacart.com/image-server/197x197/filters:fill(FFF,true):format(jpg)/d2lnr5mha7bycj.cloudfront.net/product-image/file/large_0500ff28-c23f-4f8a-8b00-536316413a05.jpeg,"
Costco,"Kirkland Signature Grass-Fed Butter, 8 oz, 4-count",$11.99,,,4 ct,[],Many in stock,"https://www.instacart.com/image-server/197x197/filters:fill(FFF,true):format(jpg)/d2lnr5mha7bycj.cloudfront.net/product-image/file/large_800caec4-4c59-4974-b914-38e5f1d5be1e.jpeg,"
Costco,"Liquid I.V. Hydration Multiplier 30 Individual Serving Stick Packs in Resealable Pouch, Golden",$35.99,,,,[],Many in stock,"https://www.instacart.com/image-server/197x197/filters:fill(FFF,true):format(jpg)/d2lnr5mha7bycj.cloudfront.net/product-image/file/large_4981a992-826c-43ff-9ac8-57ea587ae2c8.jpeg,"
Costco,"Neutrogena Makeup Remover & Hydro Boost Ultra-Soft Cleansing Towelettes, 139-count",$26.99,,,,[],Many in stock,"https://www.instacart.com/image-server/197x197/filters:fill(FFF,true):format(jpg)/d2lnr5mha7bycj.cloudfront.net/product-image/file/large_7983ae88-735b-49fb-b332-aa4879b78887.jpeg,"
Costco,"Kirkland Signature Organic Pure Maple Syrup, 33.8 oz",$14.99,,,,"['Organic', 'Gluten-Free']",Many in stock,"https://www.instacart.com/image-server/197x197/filters:fill(FFF,true):format(jpg)/d2lnr5mha7bycj.cloudfront.net/product-image/file/large_50c59baf-581b-43f6-b24c-368f1aedf875.jpeg,"
Costco,"Kirkland Signature Chicken Street Tacos, 12-count",$17.52,/pkg (est.),$5.99 / lb,About 2.93 lb / package,[],,"https://www.instacart.com/image-server/197x197/filters:fill(FFF,true):format(jpg)/d2lnr5mha7bycj.cloudfront.net/product-image/file/large_cb949295-3be5-4112-b26c-72120f61b20f.jpeg,"
Costco,"Kirkland Signature Fully-Cooked Bacon, Hickory Wood Smoked, 1 lb",$18.99,,,,[],Many in stock,"https://www.instacart.com/image-server/197x197/filters:fill(FFF,true):format(jpg)/d2lnr5mha7bycj.cloudfront.net/product-image/file/large_717dbc88-a693-4b39-b778-ce9a518433e3.jpeg,"
Costco,"Always Ultra Thin Advanced Overnight Pads, 76-count",$18.99,,,"★★★★★
★★★★★
(887)","['Maximum Absorbency', 'Thin']",Many in stock,"https://www.instacart.com/image-server/197x197/filters:fill(FFF,true):format(jpg)/d2lnr5mha7bycj.cloudfront.net/product-image/file/large_18b703dd-1ad5-4192-aa0e-34de7a6fe832.jpeg,"
Costco,"Lysol HE Laundry Sanitizer, Crisp Linen, 150 fl oz",$20.99,,,,['Linen'],Many in stock,"https://www.instacart.com/image-server/197x197/filters:fill(FFF,true):format(jpg)/d2lnr5mha7bycj.cloudfront.net/product-image/file/large_370c6bcb-7794-4ce8-84fa-52331215febc.jpeg,"
Costco,"Kirkland Signature, Organic Fruit and Vegetable Pouches, Variety Pack, 3.17 oz, 24-count",$14.99,,,,"['Organic', 'Gluten-Free']",Many in stock,"https://www.instacart.com/image-server/197x197/filters:fill(FFF,true):format(jpg)/d2lnr5mha7bycj.cloudfront.net/product-image/file/large_d485d0e5-3e79-43a5-ab62-7d0aed47077e.jpeg,"
Costco,"Kirkland Signature Organic Greek Yogurt, 48 oz",$7.49,,,,['Organic'],Many in stock,"https://www.instacart.com/image-server/197x197/filters:fill(FFF,true):format(jpg)/d2lnr5mha7bycj.cloudfront.net/product-image/file/large_999918cc-5d71-4b48-9bc9-f0fd5725bf1d.jpeg,"
Costco,"Kirkland Signature Organic Broccoli Florets, 1 lb, 4-count",$10.99,,,4 ct,['Organic'],Many in stock,"https://www.instacart.com/image-server/197x197/filters:fill(FFF,true):format(jpg)/d2lnr5mha7bycj.cloudfront.net/product-image/file/large_3d72ce5c-e3f7-4b92-b8f5-8bf90dfade03.jpeg,"
Costco,"S&W, Organic Black Beans, 15 oz, 8-Count",$10.59,,,8 ct,['Organic'],Many in stock,"https://www.instacart.com/image-server/197x197/filters:fill(FFF,true):format(jpg)/d2lnr5mha7bycj.cloudfront.net/product-image/file/large_adfc8109-5f6a-418e-9dc5-aff9cf6a6f4e.jpeg,"
Costco,"Vital Proteins Collagen Peptides, Unflavored, 1.5 lbs",$39.99,,,"★★★★★
★★★★★
(7.56K)",[],Many in stock,"https://www.instacart.com/image-server/197x197/filters:fill(FFF,true):format(jpg)/d2lnr5mha7bycj.cloudfront.net/product-image/file/large_4a7c9101-1e3d-4111-b841-bd4b6e6adfd8.jpeg,"
Costco,"Kirkland Signature Sparkling Water, Variety Pack, 12 fl oz, 35-count",$13.99,,,12 fl oz,[],Many in stock,"https://www.instacart.com/image-server/197x197/filters:fill(FFF,true):format(jpg)/d2lnr5mha7bycj.cloudfront.net/product-image/file/large_2ec231c4-6484-4e52-a5f1-d9077abc28d0.jpeg,"
Costco,"King's Hawaiian, Hawaiian Sweet Rolls, 2 Pack, 16-count",$7.99,,,,[],Many in stock,"https://www.instacart.com/image-server/197x197/filters:fill(FFF,true):format(jpg)/d2lnr5mha7bycj.cloudfront.net/product-image/file/large_95b904ad-a0bc-44bc-82b8-e49f05ec6ab0.jpeg,"
Costco,"Sabatasso's Pizza Singles, Variety Pack, 12-count",$15.59,,,12 ct,[],Many in stock,"https://www.instacart.com/image-server/197x197/filters:fill(FFF,true):format(jpg)/d2lnr5mha7bycj.cloudfront.net/product-image/file/large_dbff28f0-5277-40ad-8c34-d2c626159523.jpeg,"
Costco,"Celsius Sparkling Energy Drink, Variety Pack, 12 fl oz, 18-count",$29.99,,,,[],Many in stock,"https://www.instacart.com/image-server/197x197/filters:fill(FFF,true):format(jpg)/d2lnr5mha7bycj.cloudfront.net/product-image/file/large_126c4673-914f-4bb4-94a0-f7d61be167bd.jpeg,"
Costco,"Starbucks Pike Place Medium Roast Single Cup Coffee K-Cup Pod, 72-count",$49.99,,,"★★★★★
★★★★★
(1.01K)",[],Many in stock,"https://www.instacart.com/image-server/197x197/filters:fill(FFF,true):format(jpg)/d2lnr5mha7bycj.cloudfront.net/product-image/file/large_b5461ee5-b425-4124-9698-00fa533401b5.jpeg,"
Costco,"Dixie Ultra 8-1/2"" Paper Plate, 240-count",$21.99,,,,[],Many in stock,"https://www.instacart.com/image-server/197x197/filters:fill(FFF,true):format(jpg)/d2lnr5mha7bycj.cloudfront.net/product-image/file/large_0b515bff-5e7c-4dd8-8e86-a1c66738acdc.jpeg,"
Costco,"Kirkland Signature Organic Peanut Butter, 28 oz, 2-count",$13.99,,,2 ct,['Organic'],Many in stock,"https://www.instacart.com/image-server/197x197/filters:fill(FFF,true):format(jpg)/d2lnr5mha7bycj.cloudfront.net/product-image/file/large_838bbf14-ed5b-4bb5-a26b-b104bd015189.jpeg,"
Costco,"Kirkland Signature Lightly Breaded Chicken Breast Chunks, 4 lbs",$16.99,,,,[],Many in stock,"https://www.instacart.com/image-server/197x197/filters:fill(FFF,true):format(jpg)/d2lnr5mha7bycj.cloudfront.net/product-image/file/large_0be14333-6261-4ae6-be63-7daa41769c24.jpeg,"
Costco,"Chosen Foods Avocado Oil Classic Mayo, 32 fl oz",$11.99,,,,[],Many in stock,"https://www.instacart.com/image-server/197x197/filters:fill(FFF,true):format(jpg)/d2lnr5mha7bycj.cloudfront.net/product-image/file/large_96909e1f-9123-4cdf-ab95-33158624376a.jpeg,"
Costco,"Del Monte, Canned Cut Green Beans, 14.5 oz, 12-Count",$13.99,,,,[],Many in stock,"https://www.instacart.com/image-server/197x197/filters:fill(FFF,true):format(jpg)/d2lnr5mha7bycj.cloudfront.net/product-image/file/large_d6bb482e-b46e-4ccf-bf19-064de7120f7d.jpeg,"
Costco,"Kirkland Signature, Organic Coconut Water, 11.1 fl oz, 12-count",$13.99,,,11.1 fl oz,['Organic'],Many in stock,"https://www.instacart.com/image-server/197x197/filters:fill(FFF,true):format(jpg)/d2lnr5mha7bycj.cloudfront.net/product-image/file/large_044be793-9071-4fb6-97e5-639ecc67c689.jpeg,"
Costco,"Kirkland Signature Organic Hummus, 2.5 oz, 20-count",$9.69,,,20 ct,[],Many in stock,"https://www.instacart.com/image-server/197x197/filters:fill(FFF,true):format(jpg)/d2lnr5mha7bycj.cloudfront.net/product-image/file/large_f1e3fdd2-9f02-4757-93d0-0b73afe8a273.jpeg,"
Costco,"Kirkland Signature, Organic Chicken Stock, 32 fl oz, 6-Count",$11.99,,,6 ct,['Organic'],Many in stock,"https://www.instacart.com/image-server/197x197/filters:fill(FFF,true):format(jpg)/d2lnr5mha7bycj.cloudfront.net/product-image/file/large_e7da2921-ff7e-4745-96c0-acb7a02e08af.jpeg,"
Costco,"Finish Jet-Dry Ultra Dishwasher Rinse Aid, 32 fl oz",$13.99,,,,[],Many in stock,"https://www.instacart.com/image-server/197x197/filters:fill(FFF,true):format(jpg)/d2lnr5mha7bycj.cloudfront.net/product-image/file/large_dff43acb-5b86-4207-acca-0d6c147639dd.jpeg,"
Costco,"Softsoap Advanced Clean Liquid Hand Soap Refill, 80 oz, 2-pack",$14.99,,,80 fl oz,[],,"https://www.instacart.com/image-server/197x197/filters:fill(FFF,true):format(jpg)/d2lnr5mha7bycj.cloudfront.net/product-image/file/large_847ce58b-d986-450d-b1b4-e168e156b83e.jpeg,"
Costco,"Starbucks Bacon & Cheese Egg Bites, 21 oz",$17.99,,,,[],Many in stock,"https://www.instacart.com/image-server/197x197/filters:fill(FFF,true):format(jpg)/d2lnr5mha7bycj.cloudfront.net/product-image/file/large_5e00605a-be06-4381-a46d-f22ebe54bcff.jpeg,"
Costco,Kirkland Signature Lemon Blueberry Loaf,$10.99,,,1 each,[],,"https://www.instacart.com/image-server/197x197/filters:fill(FFF,true):format(jpg)/d2lnr5mha7bycj.cloudfront.net/product-image/file/large_c9605e7b-dacb-4963-9790-bd924dcce913.jpeg,"
Costco,"Kirkland Signature Shredded Mexican Style Blend Cheese, 2.5 lbs, 2-count",$16.99,,,2 ct,['Keto'],Many in stock,"https://www.instacart.com/image-server/197x197/filters:fill(FFF,true):format(jpg)/d2lnr5mha7bycj.cloudfront.net/product-image/file/large_bf0d8c4d-4f83-4e1d-8a9b-02c7c860376b.jpeg,"
Costco,"Prime Hydration+ Sticks Electrolyte Drink Mix, Variety Pack, 30-Count",$28.99,,,,[],Many in stock,"https://www.instacart.com/image-server/197x197/filters:fill(FFF,true):format(jpg)/d2lnr5mha7bycj.cloudfront.net/product-image/file/large_11de827a-e347-4376-b623-1bdb2cef4307.jpeg,"
Costco,"MadeGood Granola Minis, Variety Pack, 0.85 oz, 24-count",$14.99,,,,"['Organic', 'Gluten-Free']",Many in stock,"https://www.instacart.com/image-server/197x197/filters:fill(FFF,true):format(jpg)/d2lnr5mha7bycj.cloudfront.net/product-image/file/large_8855b4fe-e889-4686-b521-bd231a16cb98.jpeg,"
Costco,"Air Wick Scented Oils, 1 Warmer + 9 Refills",$21.99,,,1 Set,[],Many in stock,"https://www.instacart.com/image-server/197x197/filters:fill(FFF,true):format(jpg)/d2lnr5mha7bycj.cloudfront.net/product-image/file/large_f80e9497-0ce6-469e-bcb1-b9d298d9788b.jpeg,"
Costco,"Oral-B Glide Complete with Scope Outlast Dental Floss Picks, Mint",$11.99,,,300 ct,[],Many in stock,"https://www.instacart.com/image-server/197x197/filters:fill(FFF,true):format(jpg)/d2lnr5mha7bycj.cloudfront.net/product-image/file/large_872a97ba-55c1-4b50-8ab6-b0c3f745e5c5.jpeg,"
Costco,"Frito Lay Classic Mix, 1 oz, Variety Pack, 54-count",$24.99,,,,[],Many in stock,"https://www.instacart.com/image-server/197x197/filters:fill(FFF,true):format(jpg)/d2lnr5mha7bycj.cloudfront.net/product-image/file/large_228db2f3-2d02-4531-9996-5c2186a10c26.jpeg,"
Costco,"Gatorade Thirst Quencher, Fruit Punch + Berry/Glacier Freeze/Blue Cherry",$19.99,,,12 fl oz,[],Many in stock,"https://www.instacart.com/image-server/197x197/filters:fill(FFF,true):format(jpg)/d2lnr5mha7bycj.cloudfront.net/product-image/file/large_3402529e-5283-4ef8-8c7c-d38816f3fbaf.jpeg,"
Costco,"Febreze Air Refresher, Variety Pack, 8.8 oz, 4-count",$11.99,,,,[],Many in stock,"https://www.instacart.com/image-server/197x197/filters:fill(FFF,true):format(jpg)/d2lnr5mha7bycj.cloudfront.net/product-image/file/large_086e3379-a70a-4ebf-b448-8199d19f5b3b.jpeg,"
Costco,"La Boulangere French Brioche Sliced Bread, 15.87 oz, 2-count",$12.99,,,2 ct,[],Many in stock,"https://www.instacart.com/image-server/197x197/filters:fill(FFF,true):format(jpg)/d2lnr5mha7bycj.cloudfront.net/product-image/file/large_11d70002-5dab-4b80-952a-346c1eb34cfd.jpeg,"
Costco,"Kellogg's Eggo Waffles, Homestyle, 72-count",$14.99,,,6 ct,[],,"https://www.instacart.com/image-server/197x197/filters:fill(FFF,true):format(jpg)/d2lnr5mha7bycj.cloudfront.net/product-image/file/large_ac7ba719-b802-4457-9d5c-f14807c652e6.jpeg,"
Costco,"Tampax Pearl Advanced Grip Tampons Regular, 96-count",$19.99,,,"★★★★★
★★★★★
(4.84K)","['Regular Absorbency', 'FSA/HSA']",Many in stock,"https://www.instacart.com/image-server/197x197/filters:fill(FFF,true):format(jpg)/d2lnr5mha7bycj.cloudfront.net/product-image/file/large_b004503b-3755-4985-911e-18ee4931f731.jpeg,"
Costco,"La Boulangere Chocolate Croissants, 25.4 oz",$10.99,,,,[],Many in stock,"https://www.instacart.com/image-server/197x197/filters:fill(FFF,true):format(jpg)/d2lnr5mha7bycj.cloudfront.net/product-image/file/large_c8248d58-3f4e-4bd9-afde-86973827fe1c.jpeg,"
Costco,"Thomas' Original Nooks and Crannies English Muffin, 18 ct",$8.69,,,2 ct,[],Many in stock,"https://www.instacart.com/image-server/197x197/filters:fill(FFF,true):format(jpg)/d2lnr5mha7bycj.cloudfront.net/product-image/file/large_0e6b9178-f6af-4a73-95d1-32030f703a4a.jpeg,"
Costco,Pantene Multi-Tasker 10 Shampoo 38.2 fl oz,$16.99,,,,[],Many in stock,"https://www.instacart.com/image-server/197x197/filters:fill(FFF,true):format(jpg)/d2lnr5mha7bycj.cloudfront.net/product-image/file/large_f87369a3-81cf-49ab-b0c3-5351ed700be6.jpeg,"
Costco,"Post, Honey Bunches of Oats with Almonds Cereal, 50 oz",$9.99,,,,[],Many in stock,"https://www.instacart.com/image-server/197x197/filters:fill(FFF,true):format(jpg)/d2lnr5mha7bycj.cloudfront.net/product-image/file/large_355680b1-23a6-4f80-9224-b4b88ce4cf24.jpeg,"
Costco,"Nescafé Taster's Choice Instant Coffee, House Blend, 14 oz",$19.99,,,"★★★★★
★★★★★
(141)",[],Many in stock,"https://www.instacart.com/image-server/197x197/filters:fill(FFF,true):format(jpg)/d2lnr5mha7bycj.cloudfront.net/product-image/file/large_63d5a945-85b5-454c-beda-919c021e7d88.jpeg,"
Costco,"Listerine UltraClean Coolmint Mouthwash, 1.5 Liter, 2-count",$17.99,,,2 ct,['Whitening'],,"https://www.instacart.com/image-server/197x197/filters:fill(FFF,true):format(jpg)/d2lnr5mha7bycj.cloudfront.net/product-image/file/large_a4138286-272f-45e4-a573-14b2007ad9da.jpeg,"
Costco,"Clf Kid Organic Zbar Variety, 36 x 1.27 oz",$26.99,,,36 ct,['Organic'],Many in stock,"https://www.instacart.com/image-server/197x197/filters:fill(FFF,true):format(jpg)/d2lnr5mha7bycj.cloudfront.net/product-image/file/large_86b668b3-b8f4-490f-b6d2-67b57626c182.jpeg,"
Costco,"Vanity Fair Everyday Napkin, 2-Ply, 110-count, 6-pack",$14.99,,,"★★★★★
★★★★★
(124)",[],Many in stock,"https://www.instacart.com/image-server/197x197/filters:fill(FFF,true):format(jpg)/d2lnr5mha7bycj.cloudfront.net/product-image/file/large_88862497-6ac5-4540-b40c-630231295541.jpeg,"
Costco,"Children's Motrin Dye-Free Berry Flavor Suspension, 12 oz",$15.99,,,"★★★★★
★★★★★
(492)",['FSA/HSA'],Many in stock,"https://www.instacart.com/image-server/197x197/filters:fill(FFF,true):format(jpg)/d2lnr5mha7bycj.cloudfront.net/product-image/file/large_00456126-04aa-42af-9ed0-55c67a06c64d.jpeg,"
Costco,"OxiClean HE Powder Versatile Stain Remover, Max Efficiency, 9.28 lbs",$24.99,,,,[],Many in stock,"https://www.instacart.com/image-server/197x197/filters:fill(FFF,true):format(jpg)/d2lnr5mha7bycj.cloudfront.net/product-image/file/large_6368314f-75ac-41f2-b67c-c33d8b4f7ac7.jpeg,"
Costco,"Airborne Immune Support Supplement, 75 Gummies",$18.99,,,"★★★★★
★★★★★
(77)",[],Many in stock,"https://www.instacart.com/image-server/197x197/filters:fill(FFF,true):format(jpg)/d2lnr5mha7bycj.cloudfront.net/product-image/file/large_b46e87af-5d1d-46cc-a8ca-e1558e0940e4.jpeg,"
Costco,"Blueberries, 18 oz",$7.49,,,,[],Many in stock,"https://www.instacart.com/image-server/197x197/filters:fill(FFF,true):format(jpg)/d2lnr5mha7bycj.cloudfront.net/product-image/file/large_a4c4aca4-6896-41c4-97c0-b4a7cc0381e6.jpeg,"
Costco,"Avocado Hass Variety, 6-count",$8.49,,,,[],Many in stock,"https://www.instacart.com/image-server/197x197/filters:fill(FFF,true):format(jpg)/d2lnr5mha7bycj.cloudfront.net/product-image/file/large_b231c1a8-f653-4bdc-a84f-52e80f1b8dd8.jpeg,"
Costco,"Tru Fru Strawberries and Cream, 16 oz",$11.99,,,,[],,"https://www.instacart.com/image-server/197x197/filters:fill(FFF,true):format(jpg)/d2lnr5mha7bycj.cloudfront.net/product-image/file/large_f1525367-f891-4118-a545-e42e7abc10a7.jpeg,"
Costco,"Clementines, 5 lbs",$8.69,,,3 each,['Non-GMO'],Many in stock,"https://www.instacart.com/image-server/197x197/filters:fill(FFF,true):format(jpg)/d2lnr5mha7bycj.cloudfront.net/product-image/file/large_7ef170af-17a5-453b-a27d-0b8b1379d206.jpeg,"
Costco,"Disney Organic Apples Galas, 3 lbs",$5.59,,,,"['Non-GMO', 'Organic']",Many in stock,"https://www.instacart.com/image-server/197x197/filters:fill(FFF,true):format(jpg)/d2lnr5mha7bycj.cloudfront.net/product-image/file/large_963f0a80-1466-44e8-b4b3-3293bb439b4a.jpeg,"
Costco,"Blackberries, 12 oz",$3.69,,,,[],,"https://www.instacart.com/image-server/197x197/filters:fill(FFF,true):format(jpg)/d2lnr5mha7bycj.cloudfront.net/product-image/file/large_97e3ca32-739e-46be-9465-074e40598be2.jpeg,"
Costco,"Green Seedless Grapes, 3 lbs",$8.59,,,,[],,"https://www.instacart.com/image-server/197x197/filters:fill(FFF,true):format(jpg)/d2lnr5mha7bycj.cloudfront.net/product-image/file/large_0c26ec95-25f3-4ca8-8b01-6693cebb7cac.jpeg,"
Costco,"Mini Watermelon Seedless, 2-count",$9.99,,,,[],,"https://www.instacart.com/image-server/197x197/filters:fill(FFF,true):format(jpg)/d2lnr5mha7bycj.cloudfront.net/product-image/file/large_0ebeb793-8e5c-41f2-aceb-056855c31d05.jpeg,"
Costco,"Organic Limes, 3 lbs",$8.69,,,,"['Organic', 'Non-GMO']",Many in stock,"https://www.instacart.com/image-server/197x197/filters:fill(FFF,true):format(jpg)/d2lnr5mha7bycj.cloudfront.net/product-image/file/large_74c2c150-2de7-4ee2-8105-9ddb50e82899.jpeg,"
Costco,"Honey Crisp Apples, 4 lbs",$8.69,,,,"['Non-GMO', 'Organic']",Many in stock,"https://www.instacart.com/image-server/197x197/filters:fill(FFF,true):format(jpg)/d2lnr5mha7bycj.cloudfront.net/product-image/file/large_f4bbadd5-55ab-4a14-ac2c-8799980befe7.jpeg,"
Costco,"Fresh Cut Fruit Bowl, 3 lbs",$14.99,,,,[],Many in stock,"https://www.instacart.com/image-server/197x197/filters:fill(FFF,true):format(jpg)/d2lnr5mha7bycj.cloudfront.net/product-image/file/large_07085b87-6dcd-4bd6-88d0-07d70bf32e5a.jpeg,"
Costco,"Raspberries, 12 oz",$7.39,,,,[],,"https://www.instacart.com/image-server/197x197/filters:fill(FFF,true):format(jpg)/d2lnr5mha7bycj.cloudfront.net/product-image/file/large_5e14d88e-f91d-4df9-baf2-eb1dd468d6f0.jpeg,"
Costco,"Strawberries, 2 lbs",$4.19,,,,[],Likely out of stock,"https://www.instacart.com/image-server/197x197/filters:fill(FFF,true):format(jpg)/d2lnr5mha7bycj.cloudfront.net/product-image/file/large_3ee55aaf-cf54-45d8-be5a-3cf6625211f0.jpeg,"
Costco,"Cantaloupe, 2-count",$6.99,,,,[],,"https://www.instacart.com/image-server/197x197/filters:fill(FFF,true):format(jpg)/d2lnr5mha7bycj.cloudfront.net/product-image/file/large_0903c89e-88a7-4557-add1-0e6fd1812717.jpeg,"
Costco,"Yellow Nectarines, 3 lbs",$8.69,,,,[],Many in stock,"https://www.instacart.com/image-server/197x197/filters:fill(FFF,true):format(jpg)/d2lnr5mha7bycj.cloudfront.net/product-image/file/large_1b3e8953-626d-446b-bb83-ccf60120382d.jpeg,"
Costco,Golden Pineapple,$2.99,,,,[],,"https://www.instacart.com/image-server/197x197/filters:fill(FFF,true):format(jpg)/d2lnr5mha7bycj.cloudfront.net/product-image/file/large_5fd92fe5-eddf-4610-b2cb-649636f6e926.jpeg,"
Costco,"Seedless Lemons, 5 lbs",$10.99,,,,['Non-GMO'],Many in stock,"https://www.instacart.com/image-server/197x197/filters:fill(FFF,true):format(jpg)/d2lnr5mha7bycj.cloudfront.net/product-image/file/large_7e3753db-dca5-4d8e-a104-1f086b27f210.jpeg,"
Costco,"Cara cara Oranges, 5 lbs",$7.49,,,,[],Many in stock,"https://www.instacart.com/image-server/197x197/filters:fill(FFF,true):format(jpg)/d2lnr5mha7bycj.cloudfront.net/product-image/file/large_878b97b9-3bf8-4b46-91d1-12b732bbb784.jpeg,"
Costco,"Organic Fuji Apples, 4 lbs",$7.99,,,,"['Non-GMO', 'Organic']",Many in stock,"https://www.instacart.com/image-server/197x197/filters:fill(FFF,true):format(jpg)/d2lnr5mha7bycj.cloudfront.net/product-image/file/large_c44b1bea-503c-45a5-8054-731b9ea8dab9.jpeg,"
Costco,"Imported Naval Oranges, 8 lbs",$10.99,,,,[],Many in stock,"https://www.instacart.com/image-server/197x197/filters:fill(FFF,true):format(jpg)/d2lnr5mha7bycj.cloudfront.net/product-image/file/large_4b70f397-ffcf-4642-946f-a37391e823a8.jpeg,"
Costco,"Candy Heart Red Grape, 3 lbs",$11.99,,,,[],,"https://www.instacart.com/image-server/197x197/filters:fill(FFF,true):format(jpg)/d2lnr5mha7bycj.cloudfront.net/product-image/file/large_6458155c-795b-4769-85ff-71532eb6d85c.jpeg,"
Costco,"D'Anjou Pears, 4 lbs",$5.99,,,,[],Many in stock,"https://www.instacart.com/image-server/197x197/filters:fill(FFF,true):format(jpg)/d2lnr5mha7bycj.cloudfront.net/product-image/file/large_d6c37a88-c0dc-46d9-b5a2-a319ec7534d9.jpeg,"
Costco,"Organic Mangos, 5.5 lbs",$11.99,,,1 each,['Organic'],,"https://www.instacart.com/image-server/197x197/filters:fill(FFF,true):format(jpg)/d2lnr5mha7bycj.cloudfront.net/product-image/file/large_48e83ddc-5445-4174-8983-29a61fcc4725.jpeg,"
Costco,"Wildtwist Apples, 4 lbs",$7.39,,,,[],Many in stock,"https://www.instacart.com/image-server/197x197/filters:fill(FFF,true):format(jpg)/d2lnr5mha7bycj.cloudfront.net/product-image/file/large_f237c6c5-5d3b-48b4-b1b2-4d5950c3f0e1.jpeg,"
Costco,"Red Seedless Grapes, 3 lbs",$7.49,,,,[],Likely out of stock,"https://www.instacart.com/image-server/197x197/filters:fill(FFF,true):format(jpg)/d2lnr5mha7bycj.cloudfront.net/product-image/file/large_de6a3eb0-10b6-4f78-99ca-d6ef1f793753.jpeg,"
Costco,"Organic Green Kiwi, 4 lbs",$13.99,,,,['Organic'],Many in stock,"https://www.instacart.com/image-server/197x197/filters:fill(FFF,true):format(jpg)/d2lnr5mha7bycj.cloudfront.net/product-image/file/large_f7be1a5e-87bf-4690-b52e-6a6bd2c28c5f.jpeg,"
Costco,"Pomegranate Arils, 1 lb",$14.99,,,,[],Many in stock,"https://www.instacart.com/image-server/197x197/filters:fill(FFF,true):format(jpg)/d2lnr5mha7bycj.cloudfront.net/product-image/file/large_91a9e593-ea0e-4555-8f9e-09989ca28028.jpeg,"
Costco,"Black Seedless Grapes, 3 lbs",$11.99,,,,[],,"https://www.instacart.com/image-server/197x197/filters:fill(FFF,true):format(jpg)/d2lnr5mha7bycj.cloudfront.net/product-image/file/large_7ad8a3cb-1ea8-4649-88cc-c7e3f2b3ef04.jpeg,"
Costco,Golden Hami Melon,$7.49,,,,[],,"https://www.instacart.com/image-server/197x197/filters:fill(FFF,true):format(jpg)/d2lnr5mha7bycj.cloudfront.net/product-image/file/large_09e72d80-3042-4801-b8af-97df5fbf76b1.jpeg,"
Costco,"Grapefruit, 5 lbs",$6.99,,,,[],,"https://www.instacart.com/image-server/197x197/filters:fill(FFF,true):format(jpg)/d2lnr5mha7bycj.cloudfront.net/product-image/file/large_d60de089-daeb-4332-a58d-d6178b4ffc5f.jpeg,"
Costco,"Envy Apples, 4 lbs",$7.11,,,,[],Many in stock,"https://www.instacart.com/image-server/197x197/filters:fill(FFF,true):format(jpg)/d2lnr5mha7bycj.cloudfront.net/product-image/file/large_b2b91181-f828-445e-87f3-2f4061b1a519.jpeg,"
Costco,"Organic English Cucumbers, Greenhouse Grown, 3-count",$7.49,,,,"['Organic', 'Non-GMO']",Many in stock,"https://www.instacart.com/image-server/197x197/filters:fill(FFF,true):format(jpg)/d2lnr5mha7bycj.cloudfront.net/product-image/file/large_a65fc013-8bb8-493f-a092-fe5b502f79c3.jpeg,"
Costco,"Mixed Bell Peppers, 6-count",$7.39,,,6 ct,[],Many in stock,"https://www.instacart.com/image-server/197x197/filters:fill(FFF,true):format(jpg)/d2lnr5mha7bycj.cloudfront.net/product-image/file/large_a6f56bc2-e0ca-4386-af72-28168bd2027c.jpeg,"
Costco,"Cocktail Cucumber, Greenhouse Grown, 1.5 lbs",$7.49,,,,[],Many in stock,"https://www.instacart.com/image-server/197x197/filters:fill(FFF,true):format(jpg)/d2lnr5mha7bycj.cloudfront.net/product-image/file/large_252308da-ded8-4b3f-a251-53d87b471e7e.jpeg,"
Costco,"Organic Peeled Carrots, 2 lbs, 2-count",$6.99,,,2 ct,"['Non-GMO', 'Organic']",Many in stock,"https://www.instacart.com/image-server/197x197/filters:fill(FFF,true):format(jpg)/d2lnr5mha7bycj.cloudfront.net/product-image/file/large_bfd4bed1-8de0-42dd-b9c2-c8d3be92852d.jpeg,"
Costco,"Grape Tomatoes, 2 lbs",$6.99,,,,[],Many in stock,"https://www.instacart.com/image-server/197x197/filters:fill(FFF,true):format(jpg)/d2lnr5mha7bycj.cloudfront.net/product-image/file/large_943ea196-3c1b-4a07-8c44-5773f42c9c31.jpeg,"
Costco,"Gold Potatoes, 10 lbs",$5.99,,,,[],Many in stock,"https://www.instacart.com/image-server/197x197/filters:fill(FFF,true):format(jpg)/d2lnr5mha7bycj.cloudfront.net/product-image/file/large_ec93887a-a47b-4311-aee5-ef1d5b0b28b7.jpeg,"
Costco,"Organic Spring Mix, 1 lb",$5.39,,,,"['Organic', 'Non-GMO']",Many in stock,"https://www.instacart.com/image-server/197x197/filters:fill(FFF,true):format(jpg)/d2lnr5mha7bycj.cloudfront.net/product-image/file/large_38257820-1d5c-45bd-b327-78b3c6e00165.jpeg,"
Costco,"Tomatoes on the Vine, Greenhouse Grown, 4 lbs",$8.59,,,,[],Many in stock,"https://www.instacart.com/image-server/197x197/filters:fill(FFF,true):format(jpg)/d2lnr5mha7bycj.cloudfront.net/product-image/file/large_7c7a9cb4-9442-4114-8e50-18e07450a07e.jpeg,"
Costco,"Super Sweet Corn, 8-count",$7.99,,,,[],Many in stock,"https://www.instacart.com/image-server/197x197/filters:fill(FFF,true):format(jpg)/d2lnr5mha7bycj.cloudfront.net/product-image/file/large_dfa9134b-735e-4f21-b980-36283f30efa6.jpeg,"
Costco,"Organic Celery Sticks, 2.5 lbs",$7.49,,,,"['Organic', 'Non-GMO']",Many in stock,"https://www.instacart.com/image-server/197x197/filters:fill(FFF,true):format(jpg)/d2lnr5mha7bycj.cloudfront.net/product-image/file/large_02a446cf-8b17-49af-ae11-f7db4fbf1d86.jpeg,"
Costco,"Mini Peppers, 1.5 lbs",$5.59,,,,[],Many in stock,"https://www.instacart.com/image-server/197x197/filters:fill(FFF,true):format(jpg)/d2lnr5mha7bycj.cloudfront.net/product-image/file/large_308d96db-f596-4984-82b1-0ea18b45c79d.jpeg,"
Costco,"Artisan Romaine Hearts, 5-count",$6.99,,,,[],Many in stock,"https://www.instacart.com/image-server/197x197/filters:fill(FFF,true):format(jpg)/d2lnr5mha7bycj.cloudfront.net/product-image/file/large_c3ed4964-ee85-4908-a454-e234d0eaedeb.jpeg,"
Costco,"Gourmet Tomato Medley, Greenhouse Grown, 2 lbs",$7.99,,,,[],Many in stock,"https://www.instacart.com/image-server/197x197/filters:fill(FFF,true):format(jpg)/d2lnr5mha7bycj.cloudfront.net/product-image/file/large_5e1c7a51-94c2-462e-9d27-264467bc554f.jpeg,"
Costco,"Organic Crimini Mushrooms, 24 oz",$7.49,,,24 oz,"['In season', 'Organic']",Many in stock,"https://www.instacart.com/image-server/197x197/filters:fill(FFF,true):format(jpg)/d2lnr5mha7bycj.cloudfront.net/product-image/file/large_651374de-7cf7-4c51-98f4-46c32fa4814a.jpeg,"
Costco,"Organic Broccoli Florets, 2 lbs",$7.49,,,,['Organic'],Many in stock,"https://www.instacart.com/image-server/197x197/filters:fill(FFF,true):format(jpg)/d2lnr5mha7bycj.cloudfront.net/product-image/file/large_b2666a08-5fc9-4655-b6db-41abf0840fc7.jpeg,"
Costco,"Organic Green Beans, 2 lbs",$7.49,,,,"['Organic', 'Non-GMO']",Many in stock,"https://www.instacart.com/image-server/197x197/filters:fill(FFF,true):format(jpg)/d2lnr5mha7bycj.cloudfront.net/product-image/file/large_f604e43d-cb08-4d39-b825-66c5af41892f.jpeg,"
Costco,"Baking Potatoes, 10 lbs",$5.99,,,,[],Many in stock,"https://www.instacart.com/image-server/197x197/filters:fill(FFF,true):format(jpg)/d2lnr5mha7bycj.cloudfront.net/product-image/file/large_93c11f92-09d1-4ba2-8486-492a7f74f543.jpeg,"
Costco,"Asparagus, 2.25 lbs",$5.99,,,,['In season'],Many in stock,"https://www.instacart.com/image-server/197x197/filters:fill(FFF,true):format(jpg)/d2lnr5mha7bycj.cloudfront.net/product-image/file/large_fa6f928f-eb7c-45fd-8e7a-0c70db310666.jpeg,"
Costco,"Gourmet Creamer Potato, 5 lbs",$7.99,,,,[],,"https://www.instacart.com/image-server/197x197/filters:fill(FFF,true):format(jpg)/d2lnr5mha7bycj.cloudfront.net/product-image/file/large_6c67c487-b925-475b-9ec4-676cf6845316.jpeg,"
Costco,"Organic Carrots, 6 lbs",$5.99,,,,"['Non-GMO', 'Organic']",Many in stock,"https://www.instacart.com/image-server/197x197/filters:fill(FFF,true):format(jpg)/d2lnr5mha7bycj.cloudfront.net/product-image/file/large_d44abd38-c83b-4924-860e-3202452bcb20.jpeg,"
Costco,"Organic White Mushrooms, 24 oz",$5.99,,,,"['In season', 'Organic']",Many in stock,"https://www.instacart.com/image-server/197x197/filters:fill(FFF,true):format(jpg)/d2lnr5mha7bycj.cloudfront.net/product-image/file/large_7b4a0ea7-d5a2-44ed-ad78-2380e48b46ec.jpeg,"
Costco,"Yellow Jumbo Onions, 10 lbs",$9.99,,,,[],Many in stock,"https://www.instacart.com/image-server/197x197/filters:fill(FFF,true):format(jpg)/d2lnr5mha7bycj.cloudfront.net/product-image/file/large_4f1eee5d-b0ae-44d2-bd1e-11d715ce1344.jpeg,"
Costco,"Romaine Hearts, 6-count",$6.99,,,2 each,[],,"https://www.instacart.com/image-server/197x197/filters:fill(FFF,true):format(jpg)/d2lnr5mha7bycj.cloudfront.net/product-image/file/large_7b4df74a-41c8-4afc-a428-bbc6777fa2b9.jpeg,"
Costco,"Organic Brussels Sprouts, 2 lbs",$7.99,,,,"['Organic', 'Non-GMO']",Many in stock,"https://www.instacart.com/image-server/197x197/filters:fill(FFF,true):format(jpg)/d2lnr5mha7bycj.cloudfront.net/product-image/file/large_7082863d-39ee-4aab-acad-6d254c97337d.jpeg,"
Costco,"Colossal Garlic, 2 lbs",$6.99,,,,[],Many in stock,"https://www.instacart.com/image-server/197x197/filters:fill(FFF,true):format(jpg)/d2lnr5mha7bycj.cloudfront.net/product-image/file/large_aecec2fd-4512-4cb0-8ae2-228a4db0f53b.jpeg,"
Costco,"Eat Smart Sweet Kale Chopped Salad Kit, 14 oz, 2-count",$8.69,,,,[],Many in stock,"https://www.instacart.com/image-server/197x197/filters:fill(FFF,true):format(jpg)/d2lnr5mha7bycj.cloudfront.net/product-image/file/large_aa0fb81c-637c-4475-a44d-00321cc94834.jpeg,"
Costco,"Organic Squash, 3.5 lbs",$10.99,,,,"['Organic', 'Non-GMO']",Many in stock,"https://www.instacart.com/image-server/197x197/filters:fill(FFF,true):format(jpg)/d2lnr5mha7bycj.cloudfront.net/product-image/file/large_44c11d2c-5dc2-4289-aa1c-a96c70642771.jpeg,"
Costco,"Sweet Potatoes, 6.5 lbs",$5.99,,,,[],Many in stock,"https://www.instacart.com/image-server/197x197/filters:fill(FFF,true):format(jpg)/d2lnr5mha7bycj.cloudfront.net/product-image/file/large_c25cd607-e9f6-42cc-8395-0c37977b2ca0.jpeg,"
Costco,"Campari Tomatoes, 2 lbs",$5.99,,,,[],Many in stock,"https://www.instacart.com/image-server/197x197/filters:fill(FFF,true):format(jpg)/d2lnr5mha7bycj.cloudfront.net/product-image/file/large_cb93598d-4fb8-47fb-9744-93444ca14565.jpeg,"
Costco,"Sweet Onions, 5 lbs",$5.99,,,,[],Many in stock,"https://www.instacart.com/image-server/197x197/filters:fill(FFF,true):format(jpg)/d2lnr5mha7bycj.cloudfront.net/product-image/file/large_5199e7c1-7c2c-47ba-8537-5a01747162f9.jpeg,"
Costco,"Organic Power Greens, 1.5 lbs",$8.69,,,,"['Organic', 'Non-GMO']",Many in stock,"https://www.instacart.com/image-server/197x197/filters:fill(FFF,true):format(jpg)/d2lnr5mha7bycj.cloudfront.net/product-image/file/large_7d61aec1-8119-4dff-b8a7-f1e1f11ec52b.jpeg,"
Costco,"Southwest Sweet onions, 5 lbs",$5.99,,,,[],Many in stock,"https://www.instacart.com/image-server/197x197/filters:fill(FFF,true):format(jpg)/d2lnr5mha7bycj.cloudfront.net/product-image/file/large_57046b54-6702-4ad9-8e1b-41194840277f.jpeg,"
Costco,"Polar Foods Organic Black Garlic, 20 oz",$20.99,,,,"['Organic', 'Non-GMO']",Many in stock,"https://www.instacart.com/image-server/197x197/filters:fill(FFF,true):format(jpg)/d2lnr5mha7bycj.cloudfront.net/product-image/file/large_5eb39b4a-7f20-4c3a-ac6e-7e49f99e1d20.jpeg,"
Costco,"Festival Sliced Organic Mushrooms, 4 oz, 12-count",$15.99,,,12 ct,"['In season', 'Organic']",Many in stock,"https://www.instacart.com/image-server/197x197/filters:fill(FFF,true):format(jpg)/d2lnr5mha7bycj.cloudfront.net/product-image/file/large_7c39e9c1-c5d8-4d23-be6a-3edc0e5af49a.jpeg,"
Costco,"Cherry on the Vine Tomatoes, 1.5 lbs",$9.59,,,,[],Many in stock,"https://www.instacart.com/image-server/197x197/filters:fill(FFF,true):format(jpg)/d2lnr5mha7bycj.cloudfront.net/product-image/file/large_dd11138b-dd12-461d-baa8-5dd4812ce33d.jpeg,"
Costco,"Organic Specialty Mushroom Blend, 16 oz",$13.99,,,,['Organic'],Many in stock,"https://www.instacart.com/image-server/197x197/filters:fill(FFF,true):format(jpg)/d2lnr5mha7bycj.cloudfront.net/product-image/file/large_a7f3d407-0c68-47f0-a364-046b2c0c8c79.jpeg,"
Costco,"Vegetable Tri-Pack, 14 oz, 3-count",$11.99,,,,[],,"https://www.instacart.com/image-server/197x197/filters:fill(FFF,true):format(jpg)/d2lnr5mha7bycj.cloudfront.net/product-image/file/large_513d48fd-928f-4152-b0a7-c3bb5c839ac8.jpeg,"
Costco,"Nature's Bakery Fig Bar, Variety Pack, 2 oz, 40-count",$19.99,,,,[],Many in stock,"https://www.instacart.com/image-server/197x197/filters:fill(FFF,true):format(jpg)/d2lnr5mha7bycj.cloudfront.net/product-image/file/large_f428b76b-34d8-4300-a05e-663330de4890.jpeg,"
Costco,"Kirkland Signature Organic Tortilla Chips, 40 oz",$7.49,,,,"['Gluten-Free', 'Organic']",Many in stock,"https://www.instacart.com/image-server/197x197/filters:fill(FFF,true):format(jpg)/d2lnr5mha7bycj.cloudfront.net/product-image/file/large_ce97c589-38bd-4af4-bbd3-f0b3af1f8e1b.jpeg,"
Costco,Entenmann's Little Bites Chocolate Chip Muffins,$14.59,,,20 each,[],Many in stock,"https://www.instacart.com/image-server/197x197/filters:fill(FFF,true):format(jpg)/d2lnr5mha7bycj.cloudfront.net/product-image/file/large_03b0da9b-5d73-4b3e-b451-3c2c5a1d3f11.jpeg,"
Costco,"Pure Organic Layered Fruit Bars, Variety Pack, 0.63 oz, 28-count",$15.99,,,"★★★★★
★★★★★
(12)",['Organic'],Many in stock,"https://www.instacart.com/image-server/197x197/filters:fill(FFF,true):format(jpg)/d2lnr5mha7bycj.cloudfront.net/product-image/file/large_5e4102c3-339e-4540-b5a8-af3ecb0ab79d.jpeg,"
Costco,"That's it Mini Fruit Bars, 24-count",$16.99,,,,[],Many in stock,"https://www.instacart.com/image-server/197x197/filters:fill(FFF,true):format(jpg)/d2lnr5mha7bycj.cloudfront.net/product-image/file/large_86f8dcdb-f9f8-4292-ae39-7ddd576b9e86.jpeg,"
Costco,"SunChips Whole Grain, Variety, 1.5 oz, 30-count",$21.99,,,30 ct,[],Many in stock,"https://www.instacart.com/image-server/197x197/filters:fill(FFF,true):format(jpg)/d2lnr5mha7bycj.cloudfront.net/product-image/file/large_fdb9c224-c722-4266-bcc0-646ac19f6653.jpeg,"
Costco,"Chomps Original Beef Sticks, Mild, 12 Individually Wrapped Sticks",$20.99,,,12 ct,"['Gluten-Free', 'Keto']",Many in stock,"https://www.instacart.com/image-server/197x197/filters:fill(FFF,true):format(jpg)/d2lnr5mha7bycj.cloudfront.net/product-image/file/large_1191cf8a-51a7-4571-a1a4-e0be930a2185.jpeg,"
Costco,"Kirkland Signature Kettle Himalayan Salt Potato Chips, 32 oz",$7.49,,,,"['Gluten-Free', 'Vegan']",Many in stock,"https://www.instacart.com/image-server/197x197/filters:fill(FFF,true):format(jpg)/d2lnr5mha7bycj.cloudfront.net/product-image/file/large_3cc75805-4f89-43a7-b9f5-bf9efe54efde.jpeg,"
Costco,"Crunchmaster Multi-Grain Crackers, 28 oz",$13.99,,,2 ct,"['Gluten-Free', 'Multigrain']",Many in stock,"https://www.instacart.com/image-server/197x197/filters:fill(FFF,true):format(jpg)/d2lnr5mha7bycj.cloudfront.net/product-image/file/large_193257bf-953e-4dab-99da-e4bb55f935c8.jpeg,"
Costco,Country Archer Jerky & Meat Snacks Country Archer Minis,$19.99,,,"★★★★★
★★★★★
(1.25K)","['Gluten-Free', 'Grass-Fed']",Many in stock,"https://www.instacart.com/image-server/197x197/filters:fill(FFF,true):format(jpg)/d2lnr5mha7bycj.cloudfront.net/product-image/file/large_b0203d52-6449-4e75-80d4-53f8fa8a3cb8.jpeg,"
Costco,"Kirkland Signature Soft & Chewy Granola Bars, 0.85 oz, 64-count",$11.99,,,64 ct,[],Many in stock,"https://www.instacart.com/image-server/197x197/filters:fill(FFF,true):format(jpg)/d2lnr5mha7bycj.cloudfront.net/product-image/file/large_7191c6d0-9383-4068-aa9b-85b5419cb5f4.jpeg,"
Costco,"Pirate's Booty Aged White Cheddar Snack, 0.5 oz, 40 count",$15.99,,,40 ct,['Gluten-Free'],,"https://www.instacart.com/image-server/197x197/filters:fill(FFF,true):format(jpg)/d2lnr5mha7bycj.cloudfront.net/product-image/file/large_e3b22802-d5f4-48b6-a81c-64ecd187ae24.jpeg,"
Costco,"PopCorners Popped Corn Snacks Variety Pack, 1 oz, 30-Count",$16.99,,,,[],Many in stock,"https://www.instacart.com/image-server/197x197/filters:fill(FFF,true):format(jpg)/d2lnr5mha7bycj.cloudfront.net/product-image/file/large_759c267c-5f67-4bcd-b9d9-492bc90313af.jpeg,"
Costco,"Kellogg's Rice Krispies Treats, 0.78 oz, 60-count",$15.99,,,60 ct,[],,"https://www.instacart.com/image-server/197x197/filters:fill(FFF,true):format(jpg)/d2lnr5mha7bycj.cloudfront.net/product-image/file/large_9e4b187e-039c-4613-b619-dbba241dbd30.jpeg,"
Costco,"Welch’s Fruit Snacks, .8 oz, 90 count",$16.99,,,"★★★★★
★★★★★
(1.06K)",[],Many in stock,"https://www.instacart.com/image-server/197x197/filters:fill(FFF,true):format(jpg)/d2lnr5mha7bycj.cloudfront.net/product-image/file/large_6a3f68ac-6efe-4b09-8f3a-8b9b766077aa.jpeg,"
Costco,"Mott's Fruit Snacks, Assorted Fruit, 0.8 oz, 90-count",$14.99,,,"★★★★★
★★★★★
(2.14K)",['Gluten-Free'],Many in stock,"https://www.instacart.com/image-server/197x197/filters:fill(FFF,true):format(jpg)/d2lnr5mha7bycj.cloudfront.net/product-image/file/large_e0e09ac9-862d-4b3f-9e03-b2d77ff4fae7.jpeg,"
Costco,"Pringles Grab & Go Potato Crisps, Variety, 36-count",$24.99,,,36 ct,[],,"https://www.instacart.com/image-server/197x197/filters:fill(FFF,true):format(jpg)/d2lnr5mha7bycj.cloudfront.net/product-image/file/large_15fc2579-b11d-4486-82de-d1ae3bfbdcfa.jpeg,"
Costco,"Snack Factory Organic Original Pretzel Crisps, 28 oz",$10.99,,,"★★★★★
★★★★★
(1.1K)","['Organic', 'Vegan']",Many in stock,"https://www.instacart.com/image-server/197x197/filters:fill(FFF,true):format(jpg)/d2lnr5mha7bycj.cloudfront.net/product-image/file/large_758baf40-ed05-4863-b782-49857a7a0a38.jpeg,"
Costco,Nabisco Ritz Original Crackers,$11.99,,,"★★★★★
★★★★★
(105)",[],Many in stock,"https://www.instacart.com/image-server/197x197/filters:fill(FFF,true):format(jpg)/d2lnr5mha7bycj.cloudfront.net/product-image/file/large_1840922b-098d-4b69-a28b-342aa5f85247.jpeg,"
Costco,"Entenmann's Little Bites Blueberry Muffins, 20-count",$14.59,,,,[],Many in stock,"https://www.instacart.com/image-server/197x197/filters:fill(FFF,true):format(jpg)/d2lnr5mha7bycj.cloudfront.net/product-image/file/large_f5120e40-9b29-439a-a907-d4fc0d7f6b0e.jpeg,"
Costco,"Pepperidge Farm Goldfish Crackers, Cheddar, 1 oz, 45-count",$14.99,,,45 ct,[],,"https://www.instacart.com/image-server/197x197/filters:fill(FFF,true):format(jpg)/d2lnr5mha7bycj.cloudfront.net/product-image/file/large_3180fa8a-7928-41a0-84fd-18be438d6db5.jpeg,"
Costco,"Glico Pocky Cream Covered Biscuit Sticks, Variety Pack, 1.41 oz, 12-count",$10.99,,,,[],Many in stock,"https://www.instacart.com/image-server/197x197/filters:fill(FFF,true):format(jpg)/d2lnr5mha7bycj.cloudfront.net/product-image/file/large_a17a4951-b0de-4635-bfc5-a20a37b14fbd.jpeg,"
Costco,"Frito Lay Oven Baked Mix, Variety Pack, 30-count",$21.99,,,,['Gluten-Free'],Many in stock,"https://www.instacart.com/image-server/197x197/filters:fill(FFF,true):format(jpg)/d2lnr5mha7bycj.cloudfront.net/product-image/file/large_c458828a-49fb-4147-83b8-103630fa2fae.jpeg,"
Costco,"Skinny Pop Popcorn, 0.65 oz, 28-count",$16.99,,,28 ct,"['Gluten-Free', 'Vegan']",,"https://www.instacart.com/image-server/197x197/filters:fill(FFF,true):format(jpg)/d2lnr5mha7bycj.cloudfront.net/product-image/file/large_14cb0865-16d2-4109-8225-1dafc4e90aed.jpeg,"
Costco,"Kirkland Signature Microwave Popcorn, 3.3 oz, 44-count",$17.99,,,44 ct,['Gluten-Free'],Many in stock,"https://www.instacart.com/image-server/197x197/filters:fill(FFF,true):format(jpg)/d2lnr5mha7bycj.cloudfront.net/product-image/file/large_63380f5f-039c-4e5a-a246-dec2402506ec.jpeg,"
Costco,"E&C's Heavenly Hunks Organic Oatmeal Dark Chocolate Cookies, 22 oz",$11.99,,,22 ct,"['Organic', 'Gluten-Free']",,"https://www.instacart.com/image-server/197x197/filters:fill(FFF,true):format(jpg)/d2lnr5mha7bycj.cloudfront.net/product-image/file/large_bb551430-49b2-467e-b159-d401713fff20.jpeg,"
Costco,"Kirkland Signature Tortilla Strips, 3 lbs",$7.49,,,,[],Many in stock,"https://www.instacart.com/image-server/197x197/filters:fill(FFF,true):format(jpg)/d2lnr5mha7bycj.cloudfront.net/product-image/file/large_6a9ce4de-55f6-4282-8ad4-8e38f519a86b.jpeg,"
Costco,"Skinny Pop Organic Popcorn, 14 oz",$8.69,,,,"['Organic', 'Gluten-Free']",Many in stock,"https://www.instacart.com/image-server/197x197/filters:fill(FFF,true):format(jpg)/d2lnr5mha7bycj.cloudfront.net/product-image/file/large_896a3ba0-11fa-4e74-a90d-0d847361131a.jpeg,"
Costco,"Cheez-It Crackers, Cheddar, 1.5 oz, 45-count",$17.99,,,"★★★★★
★★★★★
(824)",['Light Sodium'],Many in stock,"https://www.instacart.com/image-server/197x197/filters:fill(FFF,true):format(jpg)/d2lnr5mha7bycj.cloudfront.net/product-image/file/large_ffe96ec9-a93b-4f94-9ac5-00f20231940d.jpeg,"
Costco,"Undercover Chocolate Dark Chocolate Quinoa Crisps, 15.3 oz",$10.99,,,,[],Many in stock,"https://www.instacart.com/image-server/197x197/filters:fill(FFF,true):format(jpg)/d2lnr5mha7bycj.cloudfront.net/product-image/file/large_2042391c-e25d-417c-bf5c-9449b14714a2.jpeg,"
Costco,"Unreal Dark Chocolate Coconut Minis, 15.3 oz",$11.99,,,,"['Gluten-Free', 'Vegan']",Many in stock,"https://www.instacart.com/image-server/197x197/filters:fill(FFF,true):format(jpg)/d2lnr5mha7bycj.cloudfront.net/product-image/file/large_6d162026-e5b0-4846-b5e8-65c402bb08c2.jpeg,"
Costco,"Doritos Nacho Cheese Chips, 30 oz",$8.69,,,"★★★★★
★★★★★
(6.32K)",[],Many in stock,"https://www.instacart.com/image-server/197x197/filters:fill(FFF,true):format(jpg)/d2lnr5mha7bycj.cloudfront.net/product-image/file/large_8a86d7b4-2bc0-4c8b-9bb6-e61dc2b3dc1f.jpeg,"
Costco,"Kirkland Signature Peanut Butter Filled Pretzel Nuggets, 55 oz",$11.99,,,,[],Many in stock,"https://www.instacart.com/image-server/197x197/filters:fill(FFF,true):format(jpg)/d2lnr5mha7bycj.cloudfront.net/product-image/file/large_33c367b7-e39f-4663-8cfa-75db1c562038.jpeg,"
Costco,"Greenridge Farm Beef Snack Stick, 36 oz",$18.99,,,,[],Many in stock,"https://www.instacart.com/image-server/197x197/filters:fill(FFF,true):format(jpg)/d2lnr5mha7bycj.cloudfront.net/product-image/file/large_bd7e6222-d87a-4523-9d2a-57e9442e4822.jpeg,"
Costco,Simple Mills Fine Ground Sea Salt Almond Flour Crackers,$11.99,,,,"['Gluten-Free', 'Vegan']",Many in stock,"https://www.instacart.com/image-server/197x197/filters:fill(FFF,true):format(jpg)/d2lnr5mha7bycj.cloudfront.net/product-image/file/large_01744fac-779e-423a-b8e3-93916e8d1328.jpeg,"
Costco,"Stacy's Organic Simply Naked Pita Chips, 28 oz",$9.99,,,,['Organic'],Many in stock,"https://www.instacart.com/image-server/197x197/filters:fill(FFF,true):format(jpg)/d2lnr5mha7bycj.cloudfront.net/product-image/file/large_3ff22cdc-21a4-4ff8-9c3f-f32f95d9aa96.jpeg,"
Costco,"Country Archer Mango Habanero Beef Jerky, 16 oz",$21.24,,,"★★★★★
★★★★★
(178)","['Gluten-Free', 'Grass-Fed']",Many in stock,"https://www.instacart.com/image-server/197x197/filters:fill(FFF,true):format(jpg)/d2lnr5mha7bycj.cloudfront.net/product-image/file/large_fb0e7655-3d29-4772-97a2-238ac8f1548c.jpeg,"
Costco,Universal Bakery Organic Aussie Bites,$13.99,,,,['Organic'],Many in stock,"https://www.instacart.com/image-server/197x197/filters:fill(FFF,true):format(jpg)/d2lnr5mha7bycj.cloudfront.net/product-image/file/large_8782f3c4-bcea-4b1b-87ec-807c756304d9.jpeg,"
Costco,"BelVita Breakfast Biscuit, Cinnamon Brown Sugar, 1.76 oz, 30-count",$18.99,,,30 ct,[],,"https://www.instacart.com/image-server/197x197/filters:fill(FFF,true):format(jpg)/d2lnr5mha7bycj.cloudfront.net/product-image/file/large_e4309b8a-7f41-4ffc-86c9-73963cf28666.jpeg,"
Costco,"Munchies Cheese Fix Snack Mix, 38 oz",$11.99,,,,[],Many in stock,"https://www.instacart.com/image-server/197x197/filters:fill(FFF,true):format(jpg)/d2lnr5mha7bycj.cloudfront.net/product-image/file/large_c4238573-d920-4dd6-a4eb-4b20a14c141e.jpeg,"
Costco,"Jack Link's Big Beef Jerky Stick, Original, 0.92 oz, 20-count",$16.99,,,,[],Many in stock,"https://www.instacart.com/image-server/197x197/filters:fill(FFF,true):format(jpg)/d2lnr5mha7bycj.cloudfront.net/product-image/file/large_b878d469-2274-48a1-b384-1b2be5ef5f16.jpeg,"
Costco,"Skinny Pop Aged White Cheddar, 14 oz",$7.99,,,"★★★★★
★★★★★
(38)","['Organic', 'Gluten-Free']",Many in stock,"https://www.instacart.com/image-server/197x197/filters:fill(FFF,true):format(jpg)/d2lnr5mha7bycj.cloudfront.net/product-image/file/large_517f434d-6492-452f-b21d-1d4d44ae34bb.jpeg,"
Costco,"Ruffles Potato Chips, Original, 28 oz",$9.99,,,,"['Gluten-Free', 'Vegan']",Many in stock,"https://www.instacart.com/image-server/197x197/filters:fill(FFF,true):format(jpg)/d2lnr5mha7bycj.cloudfront.net/product-image/file/large_d5079671-9954-4747-b47d-0606d083364b.jpeg,"
Costco,"Hippeas Vegan White Cheddar Organic Chickpea Puffs, 18 oz",$9.99,,,,"['Gluten-Free', 'Organic']",Many in stock,"https://www.instacart.com/image-server/197x197/filters:fill(FFF,true):format(jpg)/d2lnr5mha7bycj.cloudfront.net/product-image/file/large_e62aebdf-6944-46b3-97fc-bbc09d161718.jpeg,"
Costco,"Calbee Harvest Snaps Green Pea Snacks, 20 oz",$9.86,,,,[],,"https://www.instacart.com/image-server/197x197/filters:fill(FFF,true):format(jpg)/d2lnr5mha7bycj.cloudfront.net/product-image/file/large_7c8ccd8c-1fb7-4c0a-8808-d855c3563f7b.jpeg,"
Costco,"Cheetos Cheese Flavored Snacks, Crunchy, 28.8 oz",$8.69,,,"★★★★★
★★★★★
(1.66K)",['Gluten-Free'],Many in stock,"https://www.instacart.com/image-server/197x197/filters:fill(FFF,true):format(jpg)/d2lnr5mha7bycj.cloudfront.net/product-image/file/large_3eef5e89-236a-41a5-8553-3e730044b3d6.jpeg,"
Costco,Kirkland Signature Mac and Cheese,$16.59,/pkg (est.),$4.39 / lb,About 3.78 lb / package,[],,"https://www.instacart.com/image-server/197x197/filters:fill(FFF,true):format(jpg)/d2lnr5mha7bycj.cloudfront.net/product-image/file/large_35016175-483e-4f2c-8164-4d66b48f2815.jpeg,"
Costco,"Kirkland Signature Cheese, Fruit & Nut Snack Packs, Variety, 1.5 oz, 16-count",$14.99,,,16 ct,[],Many in stock,"https://www.instacart.com/image-server/197x197/filters:fill(FFF,true):format(jpg)/d2lnr5mha7bycj.cloudfront.net/product-image/file/large_5b19b8eb-4445-4d15-8759-c532659f8657.jpeg,"
Costco,"Kevin's Chicken Queso Soup with Hatch Chiles, 24 oz, 2-count",$14.99,,,,[],,"https://www.instacart.com/image-server/197x197/filters:fill(FFF,true):format(jpg)/d2lnr5mha7bycj.cloudfront.net/product-image/file/large_5eb4112b-0483-4b47-8f17-b65489e33d6c.jpeg,"
Costco,Kirkland Signature Caesar Salad with Caesar Dressing & Croutons,$10.96,/pkg (est.),$5.59 / lb,About 1.96 lb / package,[],,"https://www.instacart.com/image-server/197x197/filters:fill(FFF,true):format(jpg)/d2lnr5mha7bycj.cloudfront.net/product-image/file/large_10c68e97-32cd-4156-a2e3-07efa3672ba6.jpeg,"
Costco,Kirkland Signature Meatloaf with Yukon Gold Mashed Potatoes,$20.51,/pkg (est.),$4.99 / lb,About 4.11 lb / package,[],,"https://www.instacart.com/image-server/197x197/filters:fill(FFF,true):format(jpg)/d2lnr5mha7bycj.cloudfront.net/product-image/file/large_78733a0b-b3f3-4a19-a1bc-d3ea5825ac0d.jpeg,"
Costco,"Sargento Baklanced Breaks Balanced Breaks Cheese & Crackers, 12 x 1.5 oz",$12.99,,,12 ct,[],Many in stock,"https://www.instacart.com/image-server/197x197/filters:fill(FFF,true):format(jpg)/d2lnr5mha7bycj.cloudfront.net/product-image/file/large_67a24eea-13ff-4518-bb3a-214ba84b619c.jpeg,"
Costco,"Lily's Toaster Grills Grilled Cheese, 8-count",$11.99,,,8 ct,[],Many in stock,"https://www.instacart.com/image-server/197x197/filters:fill(FFF,true):format(jpg)/d2lnr5mha7bycj.cloudfront.net/product-image/file/large_84ed6ce8-56af-49d1-bfba-d923a8891495.jpeg,"
Costco,Kirkland Signature Chicken Alfredo with Penne Pasta,$22.92,/pkg (est.),$5.59 / lb,About 4.1 lb / package,[],,"https://www.instacart.com/image-server/197x197/filters:fill(FFF,true):format(jpg)/d2lnr5mha7bycj.cloudfront.net/product-image/file/large_7faec6c5-2d73-4f65-8c43-a8d28d26d8de.jpeg,"
Costco,Kirkland Signature Stuffed Bell Peppers with Ground Beef & Rice,$22.34,/pkg (est.),$5.99 / lb,About 3.73 lb / package,[],,"https://www.instacart.com/image-server/197x197/filters:fill(FFF,true):format(jpg)/d2lnr5mha7bycj.cloudfront.net/product-image/file/large_8b60e5a2-cc01-4c29-b936-8ca680a29175.jpeg,"
Costco,"Kirkland Signature Roasted Chicken & Swiss Roller Tray, 12-count",$17.21,/pkg (est.),$8.69 / lb,About 1.98 lb / package,[],,"https://www.instacart.com/image-server/197x197/filters:fill(FFF,true):format(jpg)/d2lnr5mha7bycj.cloudfront.net/product-image/file/large_1df4592c-e118-471f-8d52-73cef0a03f03.jpeg,"
Costco,"Del Real Birria & Cheese Pupusas, 51 oz",$19.99,,,,[],Many in stock,"https://www.instacart.com/image-server/197x197/filters:fill(FFF,true):format(jpg)/d2lnr5mha7bycj.cloudfront.net/product-image/file/large_57e36787-45f8-4f74-aa72-760b9922f342.jpeg,"
Costco,"Mush Overnight Oats Variety, 5 fl oz, 8-count",$11.99,,,,[],Many in stock,"https://www.instacart.com/image-server/197x197/filters:fill(FFF,true):format(jpg)/d2lnr5mha7bycj.cloudfront.net/product-image/file/large_52a1269b-b4f5-4f1b-ae55-456a95f88e9c.jpeg,"
Costco,"Kirkland Signature Five Cheese Tortelloni, 24 oz, 2-count",$13.99,,,2 ct,[],Many in stock,"https://www.instacart.com/image-server/197x197/filters:fill(FFF,true):format(jpg)/d2lnr5mha7bycj.cloudfront.net/product-image/file/large_ac58a119-0e42-41e2-9124-3dc6a77c0478.jpeg,"
Costco,"Busseto California Snackin' Bite Size Salami & Provolne Cheese, 8-count",$14.99,,,8 ct,[],Many in stock,"https://www.instacart.com/image-server/197x197/filters:fill(FFF,true):format(jpg)/d2lnr5mha7bycj.cloudfront.net/product-image/file/large_d9d67f8b-e131-4531-808a-1b721d2784f6.jpeg,"
Costco,"Panera Bread at Home Mac & Cheese, 2 pack, 48 oz",$13.99,,,,[],Many in stock,"https://www.instacart.com/image-server/197x197/filters:fill(FFF,true):format(jpg)/d2lnr5mha7bycj.cloudfront.net/product-image/file/large_f2a5817a-84ce-470c-b12c-883e3da5b8cc.jpeg,"
Costco,"Starbucks Sous Vide Egg Bites, Egg White and Roasted Red Pepper, 10-count",$17.99,,,,[],Many in stock,"https://www.instacart.com/image-server/197x197/filters:fill(FFF,true):format(jpg)/d2lnr5mha7bycj.cloudfront.net/product-image/file/large_963ff743-70f8-4597-a4bf-23d305d8c12d.jpeg,"
Costco,Kirkland Signature Chicken Sandwich on Sprouted Grain Bread,$17.75,/pkg (est.),$7.49 / lb,About 2.37 lb / package,[],,"https://www.instacart.com/image-server/197x197/filters:fill(FFF,true):format(jpg)/d2lnr5mha7bycj.cloudfront.net/product-image/file/large_980924da-201c-4ac7-a700-01588882407c.jpeg,"
Costco,"Kirkland Signature Gyro Kit, 6-count",$24.85,/pkg (est.),$7.99 / lb,About 3.11 lb / package,[],,"https://www.instacart.com/image-server/197x197/filters:fill(FFF,true):format(jpg)/d2lnr5mha7bycj.cloudfront.net/product-image/file/large_6a91766a-276d-408e-be3b-7cefaac3d05e.jpeg,"
Costco,"Real Good Food Chicken & Pepperjack Burritos, 32 oz, 4-count",$14.99,,,,[],Many in stock,"https://www.instacart.com/image-server/197x197/filters:fill(FFF,true):format(jpg)/d2lnr5mha7bycj.cloudfront.net/product-image/file/large_4b1418c5-0335-46da-90db-9902d6a24927.jpeg,"
Costco,"Main Street Bistro Scalloped Potatoes, 40 oz",$9.69,,,,[],,"https://www.instacart.com/image-server/197x197/filters:fill(FFF,true):format(jpg)/d2lnr5mha7bycj.cloudfront.net/product-image/file/large_396cd056-4389-4715-a920-9c97d01cb323.jpeg,"
Costco,Kirkland Signature Rotisserie Chicken Noodle Soup,$17.56,/pkg (est.),$4.39 / lb,About 4.0 lb / package,[],,"https://www.instacart.com/image-server/197x197/filters:fill(FFF,true):format(jpg)/d2lnr5mha7bycj.cloudfront.net/product-image/file/large_e8886712-de89-4b60-8a19-230ad567ef5f.jpeg,"
Costco,Kirkland Signature Ravioli Lasagna with Beef & Pork Bolognese Sauce,$21.62,/pkg (est.),$5.99 / lb,About 3.61 lb / package,[],,"https://www.instacart.com/image-server/197x197/filters:fill(FFF,true):format(jpg)/d2lnr5mha7bycj.cloudfront.net/product-image/file/large_2e22bef5-e837-44fd-be0c-1da35b1b3224.jpeg,"
Costco,"Kirkland Signature Chicken Tortilla Soup, 2 lbs, 2-count",$10.99,,,2 ct,[],Many in stock,"https://www.instacart.com/image-server/197x197/filters:fill(FFF,true):format(jpg)/d2lnr5mha7bycj.cloudfront.net/product-image/file/large_417f5623-7667-49c6-98ac-0f36db620c4c.jpeg,"
Costco,Kirkland Signature Yakisoba Stir Fry,$25.92,/pkg (est.),$7.49 / lb,About 3.46 lb / package,[],,"https://www.instacart.com/image-server/197x197/filters:fill(FFF,true):format(jpg)/d2lnr5mha7bycj.cloudfront.net/product-image/file/large_3e255bd1-c828-42f3-9df3-225fd41b2bd8.jpeg,"
Costco,Kirkland Signature Rotisserie Chicken Enchilada,$28.84,/pkg (est.),$7.49 / lb,About 3.85 lb / package,[],,"https://www.instacart.com/image-server/197x197/filters:fill(FFF,true):format(jpg)/d2lnr5mha7bycj.cloudfront.net/product-image/file/large_8d22e88b-916a-4a25-83f3-7e585d8e6533.jpeg,"
Costco,"Reser's Fine Foods Main St. Bistro All Natural Mashed Potatoes, 32 oz, 2-count",$9.99,,,2 ct,[],Many in stock,"https://www.instacart.com/image-server/197x197/filters:fill(FFF,true):format(jpg)/d2lnr5mha7bycj.cloudfront.net/product-image/file/large_347c863c-eb00-4e1a-8318-87b456d078f8.jpeg,"
Costco,"Green Goddess Salad Kit, 2-count",$9.99,,,,[],Many in stock,"https://www.instacart.com/image-server/197x197/filters:fill(FFF,true):format(jpg)/d2lnr5mha7bycj.cloudfront.net/product-image/file/large_8cf4965f-9f84-4e62-b2f5-928827b61886.jpeg,"
Costco,"Kirkland Signature Organic Hard-Boiled Eggs, Cage Free, Peeled, 16-count, 2-pack",$16.99,,,2 ct,[],,"https://www.instacart.com/image-server/197x197/filters:fill(FFF,true):format(jpg)/d2lnr5mha7bycj.cloudfront.net/product-image/file/large_93aceb6a-7d17-49ef-b381-88e75d4c1ed9.jpeg,"
Costco,Kirkland Signature Beef Chili,$20.16,/pkg (est.),$4.99 / lb,About 4.04 lb / package,[],,"https://www.instacart.com/image-server/197x197/filters:fill(FFF,true):format(jpg)/d2lnr5mha7bycj.cloudfront.net/product-image/file/large_7a222f61-b74f-49fa-913b-1f10b83509ae.jpeg,"
Costco,"Panera Broccoli Cheddar Soup, 24 oz, 2-count",$11.99,,,,[],Many in stock,"https://www.instacart.com/image-server/197x197/filters:fill(FFF,true):format(jpg)/d2lnr5mha7bycj.cloudfront.net/product-image/file/large_a5f81549-9e0c-4d89-b392-c96f56c9200e.jpeg,"
Costco,"Kirkland Signature Organic Spinach & Cheese Ravioli, 22 oz, 2-count",$14.99,,,,[],Many in stock,"https://www.instacart.com/image-server/197x197/filters:fill(FFF,true):format(jpg)/d2lnr5mha7bycj.cloudfront.net/product-image/file/large_d01027af-3bae-47a6-a2ac-d21d58e48acc.jpeg,"
Costco,"Organic Mediterranean Salad, 12 oz, 2-count",$10.99,,,,[],,"https://www.instacart.com/image-server/197x197/filters:fill(FFF,true):format(jpg)/d2lnr5mha7bycj.cloudfront.net/product-image/file/large_dd3ce90d-e68f-4906-a64a-a737ad60b552.jpeg,"
Costco,"Rana Vegetable Primavera Lasagna, 40 oz",$16.44,,,,[],Many in stock,"https://www.instacart.com/image-server/197x197/filters:fill(FFF,true):format(jpg)/d2lnr5mha7bycj.cloudfront.net/product-image/file/large_c46a0068-3e76-44ce-a464-2cf26b44bf9c.jpeg,"
Costco,"Veggie Snack Pack, 6 oz, 4-count",$9.99,,,,[],,"https://www.instacart.com/image-server/197x197/filters:fill(FFF,true):format(jpg)/d2lnr5mha7bycj.cloudfront.net/product-image/file/large_b911ad25-5141-4b69-8f55-0a6bdebfa41b.jpeg,"
Costco,Reser's Buffalo-Style Macaroni & Cheese,$11.99,,,,[],Many in stock,"https://www.instacart.com/image-server/197x197/filters:fill(FFF,true):format(jpg)/d2lnr5mha7bycj.cloudfront.net/product-image/file/large_bb68d98b-60fb-497a-9e6e-95c348f20051.jpeg,"
Costco,Kirkland Signature Southwest Wrap with Rotisserie Chicken,$21.29,/pkg (est.),$8.69 / lb,About 2.45 lb / package,[],,"https://www.instacart.com/image-server/197x197/filters:fill(FFF,true):format(jpg)/d2lnr5mha7bycj.cloudfront.net/product-image/file/large_fc2326a4-b8b7-4db9-9382-f74dc4e0c0db.jpeg,"
Costco,"La Terra Fina Quiche, 2-Pack, 46 oz",$16.99,,,,[],Many in stock,"https://www.instacart.com/image-server/197x197/filters:fill(FFF,true):format(jpg)/d2lnr5mha7bycj.cloudfront.net/product-image/file/large_a5010de5-343b-4133-a232-e4af55ce476a.jpeg,"
Costco,"Sukhi's Chicken Tikka Masala, 36 oz",$18.99,,,2 ct,[],Many in stock,"https://www.instacart.com/image-server/197x197/filters:fill(FFF,true):format(jpg)/d2lnr5mha7bycj.cloudfront.net/product-image/file/large_8b5e519d-d317-4a40-99ba-b3bf97a4412e.jpeg,"
Costco,Sukhi's Chicken Coconut Curry with Mango,$18.99,,,,[],Many in stock,"https://www.instacart.com/image-server/197x197/filters:fill(FFF,true):format(jpg)/d2lnr5mha7bycj.cloudfront.net/product-image/file/large_8e7011f4-71f8-4dc1-b435-bd0d77094b01.jpeg,"
Costco,"Kirkland Signature Organic Eggs, Large, 24 count",$8.99,,,,"['Cage-Free', 'Organic']",Many in stock,"https://www.instacart.com/image-server/197x197/filters:fill(FFF,true):format(jpg)/d2lnr5mha7bycj.cloudfront.net/product-image/file/large_27631bc6-cf9c-46e6-9929-34b366ae6665.jpeg,"
Costco,"Kirkland Signature Large Eggs, USDA Grade AA, 5 Dozen",$11.99,,,,[],Many in stock,"https://www.instacart.com/image-server/197x197/filters:fill(FFF,true):format(jpg)/d2lnr5mha7bycj.cloudfront.net/product-image/file/large_f4924b87-d899-41ee-b1b9-447ecdd829b9.jpeg,"
Costco,"Kirkland Signature Liquid Egg Whites, Cage Free, 16 oz, 6-count",$11.99,,,6 ct,[],Many in stock,"https://www.instacart.com/image-server/197x197/filters:fill(FFF,true):format(jpg)/d2lnr5mha7bycj.cloudfront.net/product-image/file/large_b2111193-79f9-49a7-bb2b-a943993449a5.jpeg,"
Costco,"Kirkland Signature Cheddar Jack Cheese, 2.5 lbs, 2-count",$15.99,,,2 ct,[],Many in stock,"https://www.instacart.com/image-server/197x197/filters:fill(FFF,true):format(jpg)/d2lnr5mha7bycj.cloudfront.net/product-image/file/large_17c82579-b5f2-4cde-b91c-d57fe1b7b890.jpeg,"
Costco,"Frigo Cheese Heads String Cheese Sticks, 1 oz, 60-count",$12.99,,,60 ct,['Keto'],Many in stock,"https://www.instacart.com/image-server/197x197/filters:fill(FFF,true):format(jpg)/d2lnr5mha7bycj.cloudfront.net/product-image/file/large_d0e28743-4cc9-40c8-8f16-b022476c81df.jpeg,"
Costco,"Sargento Sliced Pepper Jack Cheese, 2 lbs",$11.99,,,,[],,"https://www.instacart.com/image-server/197x197/filters:fill(FFF,true):format(jpg)/d2lnr5mha7bycj.cloudfront.net/product-image/file/large_4041a8a9-73a2-4d62-ba7d-a58afe825437.jpeg,"
Costco,"Babybel Mini Snack Cheese, Original, 0.71 oz, 36-count",$16.99,,,,['Cow Milk'],Many in stock,"https://www.instacart.com/image-server/197x197/filters:fill(FFF,true):format(jpg)/d2lnr5mha7bycj.cloudfront.net/product-image/file/large_248ea257-e563-48dc-98ea-ca89a7a6e8ca.jpeg,"
Costco,"Kirkland Signature Aged Parmigiano Reggiano Cheese, Shredded, 1 lb",$16.99,,,,[],Many in stock,"https://www.instacart.com/image-server/197x197/filters:fill(FFF,true):format(jpg)/d2lnr5mha7bycj.cloudfront.net/product-image/file/large_05f3ea2c-e5ad-45ec-a468-5510ee999154.jpeg,"
Costco,"Cello Variety Pack, Cracker Cut, Premium Sliced Cheeses, 2 lbs",$15.99,,,,[],Many in stock,"https://www.instacart.com/image-server/197x197/filters:fill(FFF,true):format(jpg)/d2lnr5mha7bycj.cloudfront.net/product-image/file/large_12f65186-527e-428b-ae74-178b5ce30ab8.jpeg,"
Costco,"Cabot Classic Vermont Cheddar Cheese, 2 lbs",$10.99,,,,[],Many in stock,"https://www.instacart.com/image-server/197x197/filters:fill(FFF,true):format(jpg)/d2lnr5mha7bycj.cloudfront.net/product-image/file/large_665998f2-dcda-477f-8568-f784f793a3a1.jpeg,"
Costco,"Kirkland Signature Shredded Mozarella Cheese, 2.5 lbs, 2-count",$14.99,,,2 ct,['Keto'],Many in stock,"https://www.instacart.com/image-server/197x197/filters:fill(FFF,true):format(jpg)/d2lnr5mha7bycj.cloudfront.net/product-image/file/large_281fc2af-fe8a-4bd1-b77a-cc55119b7206.jpeg,"
Costco,"Organic Valley Stringles Organic String Cheese, 28 g, 24-count",$11.99,,,,"['Organic', 'Non-GMO']",Many in stock,"https://www.instacart.com/image-server/197x197/filters:fill(FFF,true):format(jpg)/d2lnr5mha7bycj.cloudfront.net/product-image/file/large_c7bae9d8-7ff0-49d4-8b85-e9fb439fd0d2.jpeg,"
Costco,"Tillamook Medium Cheddar Cheese, 2.5 lbs",$10.99,,,,"['Cow Milk', 'Keto']",Many in stock,"https://www.instacart.com/image-server/197x197/filters:fill(FFF,true):format(jpg)/d2lnr5mha7bycj.cloudfront.net/product-image/file/large_193cfcd4-8089-4a07-bbc2-0cf46782e7cc.jpeg,"
Costco,"BelGioioso Fresh Mozzarella Snacking Cheese, 1 oz, 24-count",$11.99,,,24 ct,[],Many in stock,"https://www.instacart.com/image-server/197x197/filters:fill(FFF,true):format(jpg)/d2lnr5mha7bycj.cloudfront.net/product-image/file/large_900895e0-e0d5-4de9-8a88-b632020cb1e5.jpeg,"
Costco,"Kraft Singles American Cheese, 96 Slices, 4 lbs",$15.59,,,"★★★★★
★★★★★
(947)",[],Many in stock,"https://www.instacart.com/image-server/197x197/filters:fill(FFF,true):format(jpg)/d2lnr5mha7bycj.cloudfront.net/product-image/file/large_e899a2e1-f9bf-4340-80e9-3d35cb12efab.jpeg,"
Costco,"Kraft Grated Parmesan Cheese, 24 oz",$9.99,,,"★★★★★
★★★★★
(909)",['Keto'],Many in stock,"https://www.instacart.com/image-server/197x197/filters:fill(FFF,true):format(jpg)/d2lnr5mha7bycj.cloudfront.net/product-image/file/large_c2cce34c-1a72-42dc-a9f0-2fa885e03681.jpeg,"
Costco,"Kirkland Signature Fresh Mozzarella, 18 oz, 2-count",$9.59,,,2 ct,[],Many in stock,"https://www.instacart.com/image-server/197x197/filters:fill(FFF,true):format(jpg)/d2lnr5mha7bycj.cloudfront.net/product-image/file/large_5de3e91f-2f59-48cd-a52e-2fc20e0848c6.jpeg,"
Costco,"Boursin Garlic & Fine Herbs + Shallot & Chive, Gournay Cheese, 5.2 oz, 3-count",$11.99,,,3 ct,[],Many in stock,"https://www.instacart.com/image-server/197x197/filters:fill(FFF,true):format(jpg)/d2lnr5mha7bycj.cloudfront.net/product-image/file/large_88bedde6-86fd-401f-855f-99617673efd1.jpeg,"
Costco,"Kirkland Signature Organic Greek Feta, 28.2 oz",$15.99,,,,"['Organic', 'Non-GMO']",Many in stock,"https://www.instacart.com/image-server/197x197/filters:fill(FFF,true):format(jpg)/d2lnr5mha7bycj.cloudfront.net/product-image/file/large_83c706c6-b41a-4189-9ed5-fa60dffc85a6.jpeg,"
Costco,"Kirkland Signature Coastal Rugged, Mature English Cheddar",$16.49,/pkg (est.),$8.59 / lb,About 1.92 lb / package,[],,"https://www.instacart.com/image-server/197x197/filters:fill(FFF,true):format(jpg)/d2lnr5mha7bycj.cloudfront.net/product-image/file/large_be676a64-91b4-4bbb-9d39-a5d46a7a94f3.jpeg,"
Costco,"Good Culture Cottage Cheese, 48 oz",$8.99,,,,[],Many in stock,"https://www.instacart.com/image-server/197x197/filters:fill(FFF,true):format(jpg)/d2lnr5mha7bycj.cloudfront.net/product-image/file/large_601be56a-ff25-435b-be79-e25d27c81a8a.jpeg,"
Costco,"Arla Havarti Cheese Slices, 2 lbs",$10.59,,,,[],Many in stock,"https://www.instacart.com/image-server/197x197/filters:fill(FFF,true):format(jpg)/d2lnr5mha7bycj.cloudfront.net/product-image/file/large_35f4783d-ea33-46d6-a36c-c41dea67cce4.jpeg,"
Costco,"Roth Cheese Slices, Variety Pack, 2 lbs",$11.99,,,,['Cow Milk'],Many in stock,"https://www.instacart.com/image-server/197x197/filters:fill(FFF,true):format(jpg)/d2lnr5mha7bycj.cloudfront.net/product-image/file/large_c9f01229-0305-41e4-bd9e-22622690875f.jpeg,"
Costco,"Tnuva Feta Cheese, 2 count",$20.28,/pkg (est.),$9.99 / lb,About 2.03 lb / package,[],,"https://www.instacart.com/image-server/197x197/filters:fill(FFF,true):format(jpg)/d2lnr5mha7bycj.cloudfront.net/product-image/file/large_9c3ba8df-f834-406b-8ca4-c601134472d9.jpeg,"
Costco,"Dutch Tradition Gouda Cheese, 1-count",$17.65,/pkg (est.),$8.49 / lb,About 2.08 lb / package,[],,"https://www.instacart.com/image-server/197x197/filters:fill(FFF,true):format(jpg)/d2lnr5mha7bycj.cloudfront.net/product-image/file/large_2d64a07b-549f-48eb-93f8-0be9ba34fd76.jpeg,"
Costco,"Belgioioso Burrata, 2 oz Minis, 8-count",$8.99,,,,['Keto'],Many in stock,"https://www.instacart.com/image-server/197x197/filters:fill(FFF,true):format(jpg)/d2lnr5mha7bycj.cloudfront.net/product-image/file/large_d30f65c4-ceba-494b-a7af-96b455a65849.jpeg,"
Costco,"Kirkland Signature Italian Parmigiano Reggiano, 1 lb",$19.74,/pkg (est.),$12.99 / lb,About 1.52 lb / package,[],,"https://www.instacart.com/image-server/197x197/filters:fill(FFF,true):format(jpg)/d2lnr5mha7bycj.cloudfront.net/product-image/file/large_24b0bda9-ff31-45f6-9a9c-2c0577520a87.jpeg,"
Costco,"Kirkland Signature Fresh Goat Cheese, 10oz, 2-count",$9.59,,,2 ct,['Goat Milk'],Many in stock,"https://www.instacart.com/image-server/197x197/filters:fill(FFF,true):format(jpg)/d2lnr5mha7bycj.cloudfront.net/product-image/file/large_cde2dc2c-2f9c-4a48-9c22-8f8dfa04ace0.jpeg,"
Costco,Beemster Black Label Gouda,$11.75,/pkg (est.),$11.99 / lb,About 0.98 lb / package,[],,"https://www.instacart.com/image-server/197x197/filters:fill(FFF,true):format(jpg)/d2lnr5mha7bycj.cloudfront.net/product-image/file/large_e46d4305-bf7c-4633-8e5c-b5d18666eae3.jpeg,"
Costco,"Meredith Dairy Marinated Goat Cheese, 550 g",$18.99,,,,[],Many in stock,"https://www.instacart.com/image-server/197x197/filters:fill(FFF,true):format(jpg)/d2lnr5mha7bycj.cloudfront.net/product-image/file/large_1863f05e-d75f-4654-8128-ab8304d85783.jpeg,"
Costco,"Tillamook Extra Sharp White Cheddar, 2 lbs",$14.99,,,"★★★★★
★★★★★
(179)","['Cow Milk', 'Keto']",Many in stock,"https://www.instacart.com/image-server/197x197/filters:fill(FFF,true):format(jpg)/d2lnr5mha7bycj.cloudfront.net/product-image/file/large_0fbd4bbf-efdf-4511-8b07-e5ec56bf0191.jpeg,"
Costco,"BelGioioso Parmesan Romano, 2 lbs",$14.99,,,,['Cow Milk'],Many in stock,"https://www.instacart.com/image-server/197x197/filters:fill(FFF,true):format(jpg)/d2lnr5mha7bycj.cloudfront.net/product-image/file/large_8e6dcd26-94b1-4f62-98f3-a2a0cfef0897.jpeg,"
Costco,"Kirkland Signature French Brie, 1.32 lbs",$11.99,,,,[],Many in stock,"https://www.instacart.com/image-server/197x197/filters:fill(FFF,true):format(jpg)/d2lnr5mha7bycj.cloudfront.net/product-image/file/large_8298e4cc-2e3b-402f-939d-7312922fb484.jpeg,"
Costco,Kerrygold Dubliner Cheese,$15.99,/pkg (est.),$8.69 / lb,About 1.84 lb / package,[],,"https://www.instacart.com/image-server/197x197/filters:fill(FFF,true):format(jpg)/d2lnr5mha7bycj.cloudfront.net/product-image/file/large_b65c897e-8dec-4211-8422-b502151ee5b0.jpeg,"
Costco,"Dodoni Feta Cheese, 3.3 lbs",$16.99,,,,[],Many in stock,"https://www.instacart.com/image-server/197x197/filters:fill(FFF,true):format(jpg)/d2lnr5mha7bycj.cloudfront.net/product-image/file/large_19026164-7872-4957-92c4-84020bbf400c.jpeg,"
Costco,"Natural & Kosher Muenster Cheese, Deli Slices, 32 oz",$13.99,,,,['Keto'],Many in stock,"https://www.instacart.com/image-server/197x197/filters:fill(FFF,true):format(jpg)/d2lnr5mha7bycj.cloudfront.net/product-image/file/large_901f6bd6-72c4-4578-9b7a-e9ef07374ac9.jpeg,"
Costco,"Cabot Habanero Cheddar Cheese, 32 oz",$11.99,,,,[],Many in stock,"https://www.instacart.com/image-server/197x197/filters:fill(FFF,true):format(jpg)/d2lnr5mha7bycj.cloudfront.net/product-image/file/large_19d6e922-e708-4d98-ac2c-7c69459b752f.jpeg,"
Costco,"Adams Reserve Extra Sharp Cheddar Cheese Slices, 32 oz",$9.99,,,,[],Many in stock,"https://www.instacart.com/image-server/197x197/filters:fill(FFF,true):format(jpg)/d2lnr5mha7bycj.cloudfront.net/product-image/file/large_08189bef-a2de-4f04-ace5-dac990380081.jpeg,"
Costco,"Cello Feta Crumbles, 1.5 lbs",$8.69,,,,[],Many in stock,"https://www.instacart.com/image-server/197x197/filters:fill(FFF,true):format(jpg)/d2lnr5mha7bycj.cloudfront.net/product-image/file/large_a9236d12-8f8b-42a4-8dbd-e750d925c749.jpeg,"
Costco,Kirkland Signature Spanish Manchego,$27.43,/pkg (est.),$14.99 / lb,About 1.83 lb / package,[],,"https://www.instacart.com/image-server/197x197/filters:fill(FFF,true):format(jpg)/d2lnr5mha7bycj.cloudfront.net/product-image/file/large_9228f37e-7b99-4c18-b46d-196096445e12.jpeg,"
Costco,"Kirkland Signature Shredded Sharp Cheddar Cheese, 2.5 lbs, 2 count",$18.99,,,2 ct,['Keto'],Many in stock,"https://www.instacart.com/image-server/197x197/filters:fill(FFF,true):format(jpg)/d2lnr5mha7bycj.cloudfront.net/product-image/file/large_eb66b996-9dca-4778-b2c7-b589c0524f53.jpeg,"
Costco,"Great Lakes Wisconsin Cheddar Potato Chips, 22 oz",$5.99,,,,[],,"https://www.instacart.com/image-server/197x197/filters:fill(FFF,true):format(jpg)/d2lnr5mha7bycj.cloudfront.net/product-image/file/large_4e23ec69-de13-4d54-b9ef-9afb40b47cc4.jpeg,"
Costco,"Farm Rich Breaded Cheddar Cheese Curds, 2.5 lbs",$13.99,,,,[],Many in stock,"https://www.instacart.com/image-server/197x197/filters:fill(FFF,true):format(jpg)/d2lnr5mha7bycj.cloudfront.net/product-image/file/large_0da8f08f-a5c6-4819-bd75-81283d314bda.jpeg,"
Costco,"Rao's Marinara Sauce, 28 oz, 2-count",$14.99,,,2 ct,[],Many in stock,"https://www.instacart.com/image-server/197x197/filters:fill(FFF,true):format(jpg)/d2lnr5mha7bycj.cloudfront.net/product-image/file/large_d2f45d2c-21b6-474f-9c68-44b1a9c1258d.jpeg,"
Costco,"Kirkland Signature Imported Basil Pesto, 22 oz",$11.99,,,,[],Many in stock,"https://www.instacart.com/image-server/197x197/filters:fill(FFF,true):format(jpg)/d2lnr5mha7bycj.cloudfront.net/product-image/file/large_e0a909d4-41b1-4cf3-bdf3-209007674f14.jpeg,"
Costco,"Heinz Simply Tomato Ketchup, 44 oz, 3-count",$15.99,,,3 ct,[],,"https://www.instacart.com/image-server/197x197/filters:fill(FFF,true):format(jpg)/d2lnr5mha7bycj.cloudfront.net/product-image/file/large_636e0659-bbb1-4a39-8131-0bcad8dae042.jpeg,"
Costco,"Kirkland Signature, Minced California Garlic, 48 oz",$8.69,,,,[],Many in stock,"https://www.instacart.com/image-server/197x197/filters:fill(FFF,true):format(jpg)/d2lnr5mha7bycj.cloudfront.net/product-image/file/large_5ba46fb0-18d9-4b02-8d7b-01538281759d.jpeg,"
Costco,"Hidden Valley, Original Ranch Dressing, 40 fl oz, 2-Count",$14.99,,,40 fl oz,[],,"https://www.instacart.com/image-server/197x197/filters:fill(FFF,true):format(jpg)/d2lnr5mha7bycj.cloudfront.net/product-image/file/large_f22ba863-d781-487c-b11a-6109495be5e5.jpeg,"
Costco,"Japanese Barbecue Sauce, 34 oz",$11.99,,,,['Vegan'],Many in stock,"https://www.instacart.com/image-server/197x197/filters:fill(FFF,true):format(jpg)/d2lnr5mha7bycj.cloudfront.net/product-image/file/large_fe535e9a-a050-467d-b8a2-261979824535.jpeg,"
Costco,"Cleveland Kitchen Dill Pickle Chips, 52 oz",$8.69,,,,[],Many in stock,"https://www.instacart.com/image-server/197x197/filters:fill(FFF,true):format(jpg)/d2lnr5mha7bycj.cloudfront.net/product-image/file/large_83920cd7-f54a-4b6e-bc85-607373f078a4.jpeg,"
Costco,"Jongga Sliced Cabbage Kimchi, 52.9 oz",$9.99,,,,[],Many in stock,"https://www.instacart.com/image-server/197x197/filters:fill(FFF,true):format(jpg)/d2lnr5mha7bycj.cloudfront.net/product-image/file/large_91425efc-ea04-49f0-ac63-5336058b57dc.jpeg,"
Costco,"Hellmann's, Real Mayonnaise, 64 oz",$10.99,,,64 fl oz,[],,"https://www.instacart.com/image-server/197x197/filters:fill(FFF,true):format(jpg)/d2lnr5mha7bycj.cloudfront.net/product-image/file/large_2d8e2fed-a9d6-47c5-9f08-5fe449a456a8.jpeg,"
Costco,"Famous Dave's Sweet 'n Spicy Pickle Chips, 64 fl oz",$7.99,,,,[],Many in stock,"https://www.instacart.com/image-server/197x197/filters:fill(FFF,true):format(jpg)/d2lnr5mha7bycj.cloudfront.net/product-image/file/large_904ae598-7bb6-49f7-be28-2ff7d59eb564.jpeg,"
Costco,"Don Pancho Cilantro Lime Crema, 16 fl oz, 2-count",$9.99,,,2 ct,[],Many in stock,"https://www.instacart.com/image-server/197x197/filters:fill(FFF,true):format(jpg)/d2lnr5mha7bycj.cloudfront.net/product-image/file/large_b107d6e1-1c10-4ec3-83b1-06a4f40542dc.jpeg,"
Costco,"Hellmann's Real Mayonnaise, 25 oz, 2-count",$11.99,,,2 ct,[],Many in stock,"https://www.instacart.com/image-server/197x197/filters:fill(FFF,true):format(jpg)/d2lnr5mha7bycj.cloudfront.net/product-image/file/large_a0e82191-bd6b-4717-85da-73a733690e9a.jpeg,"
Costco,Cholula Original Hot Sauce,$11.99,,,12 fl oz,[],Many in stock,"https://www.instacart.com/image-server/197x197/filters:fill(FFF,true):format(jpg)/d2lnr5mha7bycj.cloudfront.net/product-image/file/large_f389323f-7cbd-4487-aef3-937be8c762a4.jpeg,"
Costco,"Hidden Valley, Ranch Homestyle Seasoning, Dip and Salad Dressing Mix, 20 oz",$12.99,,,"★★★★★
★★★★★
(809)",[],Many in stock,"https://www.instacart.com/image-server/197x197/filters:fill(FFF,true):format(jpg)/d2lnr5mha7bycj.cloudfront.net/product-image/file/large_28de710d-0bf5-4be6-964f-21a16d490039.jpeg,"
Costco,"Kirkland Signature Organic Marinara Sauce, 2 lbs, 3-pack",$15.99,,,3 ct,"['Organic', 'Gluten-Free']",Many in stock,"https://www.instacart.com/image-server/197x197/filters:fill(FFF,true):format(jpg)/d2lnr5mha7bycj.cloudfront.net/product-image/file/large_843cf548-2d03-4e13-8166-cd1d4ef15ee1.jpeg,"
Costco,"Kosher Dill Baby Pickles, 32 oz, 2-count",$7.99,,,2 ct,[],Many in stock,"https://www.instacart.com/image-server/197x197/filters:fill(FFF,true):format(jpg)/d2lnr5mha7bycj.cloudfront.net/product-image/file/large_be697320-e546-4bd8-bd7e-d148693d178a.jpeg,"
Costco,"Rao's Homemade Alfredo Sauce, 15 oz, 2-count",$13.99,,,2 ct,[],,"https://www.instacart.com/image-server/197x197/filters:fill(FFF,true):format(jpg)/d2lnr5mha7bycj.cloudfront.net/product-image/file/large_f6788fb8-a7a7-4e6c-ae3e-f75d69a2d0f6.jpeg,"
Costco,"Sweet Baby Ray's, Barbecue Sauce, 40 oz, 2-Count",$7.39,,,2 ct,['Gluten-Free'],Many in stock,"https://www.instacart.com/image-server/197x197/filters:fill(FFF,true):format(jpg)/d2lnr5mha7bycj.cloudfront.net/product-image/file/large_7dae3296-4679-4398-8ded-f94b0ecf8e23.jpeg,"
Costco,"Tasso's Garlic & Jalapeno Double Stuffed Olives, 35.27 oz",$8.49,,,"★★★★★
★★★★★
(11)",['Vegan'],Many in stock,"https://www.instacart.com/image-server/197x197/filters:fill(FFF,true):format(jpg)/d2lnr5mha7bycj.cloudfront.net/product-image/file/large_4c2cbf2f-cea1-486c-9a19-186f6f2f7d23.jpeg,"
Costco,"Kirkland Signature Organic Tuscan Marinara, 24 oz, 3-count",$11.99,,,3 ct,['Organic'],Many in stock,"https://www.instacart.com/image-server/197x197/filters:fill(FFF,true):format(jpg)/d2lnr5mha7bycj.cloudfront.net/product-image/file/large_5b7b85b5-86ff-4624-a500-e14bcea50c25.jpeg,"
Costco,"Kirkland Signature, Organic Salsa, Medium, 38 oz, 2-Count",$11.99,,,2 ct,['Organic'],Many in stock,"https://www.instacart.com/image-server/197x197/filters:fill(FFF,true):format(jpg)/d2lnr5mha7bycj.cloudfront.net/product-image/file/large_ffe94694-a19f-4580-a0a7-d82e1950f0fb.jpeg,"
Costco,"Garden Fresh Gourmet Organic Jack's Salsa, 48 oz",$7.49,,,,['Organic'],,"https://www.instacart.com/image-server/197x197/filters:fill(FFF,true):format(jpg)/d2lnr5mha7bycj.cloudfront.net/product-image/file/large_831aacf4-974d-4ea0-9a52-244f2c2a2a06.jpeg,"
Costco,"A.1. Original Sauce, 20 oz, 2-count",$13.99,,,2 ct,['Vegan'],,"https://www.instacart.com/image-server/197x197/filters:fill(FFF,true):format(jpg)/d2lnr5mha7bycj.cloudfront.net/product-image/file/large_a8d382d8-e872-4470-bcf4-69cb9e8dd701.jpeg,"
Costco,"Olive Garden Signature Italian Dressing, 28 fl oz, 2 count",$10.99,,,2 ct,[],Many in stock,"https://www.instacart.com/image-server/197x197/filters:fill(FFF,true):format(jpg)/d2lnr5mha7bycj.cloudfront.net/product-image/file/large_b0009c17-825b-4c2d-9661-ed30fe5efbf6.jpeg,"
Costco,"Lea & Perrins, Worcestershire Sauce, 20 fl oz, 2-Count",$9.99,,,2 ct,[],,"https://www.instacart.com/image-server/197x197/filters:fill(FFF,true):format(jpg)/d2lnr5mha7bycj.cloudfront.net/product-image/file/large_2fd562a1-ed52-4fab-b0fd-932b6a8f9bf4.jpeg,"
Costco,"Kirkland Signature Spanish Queen Olives, 21 oz, 2-count",$19.99,,,2 ct,[],Many in stock,"https://www.instacart.com/image-server/197x197/filters:fill(FFF,true):format(jpg)/d2lnr5mha7bycj.cloudfront.net/product-image/file/large_aeddb3bf-8d4a-4e7d-8cf0-286bcc4994cf.jpeg,"
Costco,"Mateo's Gourmet Salsa Medium, 32 oz",$8.69,,,,[],Many in stock,"https://www.instacart.com/image-server/197x197/filters:fill(FFF,true):format(jpg)/d2lnr5mha7bycj.cloudfront.net/product-image/file/large_c540e1e4-19a6-4219-9553-8575ba64eb73.jpeg,"
Costco,"Frank's Red Hot, 25 fl oz, 2 count",$10.99,,,25 fl oz,"['Gluten-Free', 'Vegan']",Many in stock,"https://www.instacart.com/image-server/197x197/filters:fill(FFF,true):format(jpg)/d2lnr5mha7bycj.cloudfront.net/product-image/file/large_da0ff0e5-369c-426a-8b7c-3076d1131324.jpeg,"
Costco,"Rao's Calabrian Chili Marinara Sauce, 22 oz, 2-pack",$18.99,,,,[],Many in stock,"https://www.instacart.com/image-server/197x197/filters:fill(FFF,true):format(jpg)/d2lnr5mha7bycj.cloudfront.net/product-image/file/large_2bb1d603-b51b-486a-a7d9-5d272fb2054c.jpeg,"
Costco,"Lindsay Naturals Large Black Ripe Pitted Olives, 6 oz, 8-count",$16.99,,,8 ct,['Vegan'],Many in stock,"https://www.instacart.com/image-server/197x197/filters:fill(FFF,true):format(jpg)/d2lnr5mha7bycj.cloudfront.net/product-image/file/large_0c65a6e9-3f83-4ccc-a129-264ca4fcfd13.jpeg,"
Costco,"Claussen Kosher Dill Spears, 80 oz",$8.69,,,"★★★★★
★★★★★
(1.6K)",[],,"https://www.instacart.com/image-server/197x197/filters:fill(FFF,true):format(jpg)/d2lnr5mha7bycj.cloudfront.net/product-image/file/large_537cb82f-6535-4313-869f-812a9473525a.jpeg,"
Costco,"Safie Sweet Pickled Beets, 35 fl oz",$6.99,,,,[],Many in stock,"https://www.instacart.com/image-server/197x197/filters:fill(FFF,true):format(jpg)/d2lnr5mha7bycj.cloudfront.net/product-image/file/large_f10ae5ca-6b47-43f4-9de7-b8a8ebdd560b.jpeg,"
Costco,"Garlic Expressions Dressing & Marinade, 12.5 fl oz, 3-count",$11.99,,,,['Vegan'],Many in stock,"https://www.instacart.com/image-server/197x197/filters:fill(FFF,true):format(jpg)/d2lnr5mha7bycj.cloudfront.net/product-image/file/large_ec0033d0-4a10-4f37-87ae-60d6103b0951.jpeg,"
Costco,"Tassos Mediterranean Gourmet Greek Olives, 1.9 Liter",$14.99,,,,[],Many in stock,"https://www.instacart.com/image-server/197x197/filters:fill(FFF,true):format(jpg)/d2lnr5mha7bycj.cloudfront.net/product-image/file/large_eb31bb80-21f4-4e19-afc9-ccf34075a793.jpeg,"
Costco,"Kewpie Japanese Style Mayonnaise, 24 oz",$8.59,,,,[],Many in stock,"https://www.instacart.com/image-server/197x197/filters:fill(FFF,true):format(jpg)/d2lnr5mha7bycj.cloudfront.net/product-image/file/large_18f20ed1-7322-4cb8-b9f5-753eab595b18.jpeg,"
Costco,"French's, Classic Yellow Mustard, 30 oz, 2-Count",$6.99,,,2 ct,[],Many in stock,"https://www.instacart.com/image-server/197x197/filters:fill(FFF,true):format(jpg)/d2lnr5mha7bycj.cloudfront.net/product-image/file/large_723c80d3-5967-4794-b457-7a4602426e5a.jpeg,"
Costco,"Willy's Fresh Salsa Original Medium Salsa, 48 oz",$8.69,,,,[],Many in stock,"https://www.instacart.com/image-server/197x197/filters:fill(FFF,true):format(jpg)/d2lnr5mha7bycj.cloudfront.net/product-image/file/large_82faca21-832b-4e8b-94dc-3385ccdc9a7e.jpeg,"
Costco,"Wildbrine Raw Organic Sauerkraut, 50 oz",$10.99,,,,"['Vegan', 'Organic']",Many in stock,"https://www.instacart.com/image-server/197x197/filters:fill(FFF,true):format(jpg)/d2lnr5mha7bycj.cloudfront.net/product-image/file/large_2ae5d4ed-37d1-4e09-9422-8d11eaf8cbd3.jpeg,"
Costco,"Montgomery Inn Barbecue Sauce, 40 oz",$10.99,,,2 ct,[],Many in stock,"https://www.instacart.com/image-server/197x197/filters:fill(FFF,true):format(jpg)/d2lnr5mha7bycj.cloudfront.net/product-image/file/large_21b21131-a748-4acf-a28e-e4ce48dfb3bd.jpeg,"
Costco,"Tide Ultra Concentrated Liquid Laundry Detergent, 152 Loads, 170 fl oz",$29.99,,,"★★★★★
★★★★★
(1.94K)",['Original'],Many in stock,"https://www.instacart.com/image-server/197x197/filters:fill(FFF,true):format(jpg)/d2lnr5mha7bycj.cloudfront.net/product-image/file/large_50932d65-a51d-4de5-a2c3-a74fb53ee5b6.jpeg,"
Costco,"Kirkland Signature Organic A2 Whole Milk, Half Gallon, 3-count",$16.99,,,3 ct,['Organic'],Many in stock,"https://www.instacart.com/image-server/197x197/filters:fill(FFF,true):format(jpg)/d2lnr5mha7bycj.cloudfront.net/product-image/file/large_bb186f98-c738-43dc-a8da-2453549fec36.jpeg,"
Costco,"Downy Unstopables In-Wash Scent Booster Beads, Fresh, 34 oz",$21.99,,,"★★★★★
★★★★★
(432)",[],Many in stock,"https://www.instacart.com/image-server/197x197/filters:fill(FFF,true):format(jpg)/d2lnr5mha7bycj.cloudfront.net/product-image/file/large_6a699595-294b-4649-af35-bfeda3f7f0e8.jpeg,"
Costco,"Dixie Ultra Ultra Paper Plate, ""10 1/16"", 186 ct",$24.99,,,"★★★★★
★★★★★
(898)",[],Many in stock,"https://www.instacart.com/image-server/197x197/filters:fill(FFF,true):format(jpg)/d2lnr5mha7bycj.cloudfront.net/product-image/file/large_3896998a-a075-4ac1-8a34-4fa7f0350c6d.jpeg,"
Costco,"Kirkland Signature Colombian Cold Brew Coffee, 11 fl oz, 12-count",$18.99,,,11 fl oz,[],Many in stock,"https://www.instacart.com/image-server/197x197/filters:fill(FFF,true):format(jpg)/d2lnr5mha7bycj.cloudfront.net/product-image/file/large_a9ad782d-f1a2-4324-865f-d4389ddeba8f.jpeg,"
Costco,"Kirkland Signature Breakfast Sandwich, 4.82 oz, 8-count",$19.99,,,,[],Many in stock,"https://www.instacart.com/image-server/197x197/filters:fill(FFF,true):format(jpg)/d2lnr5mha7bycj.cloudfront.net/product-image/file/large_361efab1-86bd-46cf-afe3-8cd530d6f291.jpeg,"
Costco,"2 Dozen Premium Roses Rainforest Alliance Certified, Assorted Colors",$23.99,,,,[],,"https://www.instacart.com/image-server/197x197/filters:fill(FFF,true):format(jpg)/d2lnr5mha7bycj.cloudfront.net/product-image/file/large_0ef6526f-a3a2-4c9b-81fb-389ccc37700a.jpeg,"
Costco,"Gain Ultra Concentrated +AromaBoost HE Liquid Laundry Detergent, Original, 159 Loads, 208 fl oz",$24.99,,,208 fl oz,['Original'],,"https://www.instacart.com/image-server/197x197/filters:fill(FFF,true):format(jpg)/d2lnr5mha7bycj.cloudfront.net/product-image/file/large_ce4bb0a3-e78b-4d6c-bb29-1bd0d59c5a81.jpeg,"
Costco,Premium Floral Bouquet,$20.99,,,1 each,[],Many in stock,"https://www.instacart.com/image-server/197x197/filters:fill(FFF,true):format(jpg)/d2lnr5mha7bycj.cloudfront.net/product-image/file/large_9c5bf73f-5230-4464-bbb9-4bedeaf63b40.jpeg,"
Costco,"Kirkland Signature Extra-Large Absorbent Pads, 30 in L X 23 in W, 100-count",$21.99,,,,[],Many in stock,"https://www.instacart.com/image-server/197x197/filters:fill(FFF,true):format(jpg)/d2lnr5mha7bycj.cloudfront.net/product-image/file/large_eae721f7-cfc5-4652-a1c2-d2c96d50a0dc.jpeg,"
Costco,"Kirkland Signature Prosecco DOCG, Italy, 750 ml",$10.09,,,750 ml,['Light-Bodied'],Many in stock,"https://www.instacart.com/image-server/197x197/filters:fill(FFF,true):format(jpg)/d2lnr5mha7bycj.cloudfront.net/product-image/file/large_2c4cfc0e-2571-4ee1-a217-56f324cc90fb.jpeg,"
Costco,"Sabatasso's Four Cheese Pizza, 3-pack",$20.99,,,,['Gluten-Free'],Many in stock,"https://www.instacart.com/image-server/197x197/filters:fill(FFF,true):format(jpg)/d2lnr5mha7bycj.cloudfront.net/product-image/file/large_9fdc973a-1002-4070-b0ad-2ed2cbc89611.jpeg,"
Costco,"Milton's Cauliflower Crust Pizza, Roasted Vegetable, 35.6 oz, 2-count",$16.99,,,,['Gluten-Free'],Many in stock,"https://www.instacart.com/image-server/197x197/filters:fill(FFF,true):format(jpg)/d2lnr5mha7bycj.cloudfront.net/product-image/file/large_cd596431-2d11-44b2-96af-6a9691fa627f.jpeg,"
Costco,"Kirkland Signature Hard Seltzer Variety, 12 fl oz, 24-count",$32.49,,,"12 fl oz, oz",['Gluten-Free'],,"https://www.instacart.com/image-server/197x197/filters:fill(FFF,true):format(jpg)/d2lnr5mha7bycj.cloudfront.net/product-image/file/large_5b0563a4-fd2a-4051-be6b-52071bfa7be9.jpeg,"
Costco,"Kirkland Signature Diapers, Size 6, 132 Count",$55.99,,,,['Size 6'],Many in stock,"https://www.instacart.com/image-server/197x197/filters:fill(FFF,true):format(jpg)/d2lnr5mha7bycj.cloudfront.net/product-image/file/large_0eea8bbe-cfb5-4000-9edb-854931b5be1d.jpeg,"
Costco,"Pepsi, 12 fl oz, 36-count",$18.99,,,"★★★★★
★★★★★
(45)",[],Many in stock,"https://www.instacart.com/image-server/197x197/filters:fill(FFF,true):format(jpg)/d2lnr5mha7bycj.cloudfront.net/product-image/file/large_694a5471-19eb-422d-a90e-865729743254.jpeg,"
Costco,"Arm & Hammer Plus OxiClean Max HE Liquid Laundry Detergent, Fresh, 200 Loads, 200 fl oz",$18.99,,,,['Fresh'],Many in stock,"https://www.instacart.com/image-server/197x197/filters:fill(FFF,true):format(jpg)/d2lnr5mha7bycj.cloudfront.net/product-image/file/large_ddb05e19-e945-43cc-b6fa-d79abf3bcf27.jpeg,"
Costco,"Premier 30g Protein PLUS Energy and Immune Support Shakes, Chocolate, 11 fl oz, 18-pack",$37.99,,,18 ct,[],,"https://www.instacart.com/image-server/197x197/filters:fill(FFF,true):format(jpg)/d2lnr5mha7bycj.cloudfront.net/product-image/file/large_7b90f80f-c7ac-4cde-b2a7-e040cf3bc057.jpeg,"
Costco,"Pepsi-Cola Diet Pepsi, 12 fl oz, 36-count",$18.99,,,36 ct,"['Zero Calories', 'Zero Sugar']",Many in stock,"https://www.instacart.com/image-server/197x197/filters:fill(FFF,true):format(jpg)/d2lnr5mha7bycj.cloudfront.net/product-image/file/large_59f03e74-82a0-4012-b0f6-d2b5f695e973.jpeg,"
Costco,"Kirkland Signature Nature's Domain Salmon & Sweet Potato Formula Dog Food, 35 lbs",$48.99,,,,[],Many in stock,"https://www.instacart.com/image-server/197x197/filters:fill(FFF,true):format(jpg)/d2lnr5mha7bycj.cloudfront.net/product-image/file/large_8cd45dc2-bbdf-41cd-97df-01cf7def6cef.jpeg,"
Costco,"Kirkland Signature Nitrile Exam Gloves, 400-count , Size Medium",$23.99,,,2 ct,[],Many in stock,"https://www.instacart.com/image-server/197x197/filters:fill(FFF,true):format(jpg)/d2lnr5mha7bycj.cloudfront.net/product-image/file/large_3dd6934e-0e91-4fe2-8763-03b4c403cf87.jpeg,"
Costco,"Kirkland Signature Alkaline Water, 1 L, 18-count",$11.99,,,18 ct,[],Many in stock,"https://www.instacart.com/image-server/197x197/filters:fill(FFF,true):format(jpg)/d2lnr5mha7bycj.cloudfront.net/product-image/file/large_73b8b681-9bdf-4e09-8a5f-add24f5f26b2.jpeg,"
Costco,"Cascade Advanced Power Liquid Dishwasher Detergent, Fresh Scent, 125 fl oz",$13.99,,,"★★★★★
★★★★★
(2.02K)",[],Many in stock,"https://www.instacart.com/image-server/197x197/filters:fill(FFF,true):format(jpg)/d2lnr5mha7bycj.cloudfront.net/product-image/file/large_9a95c350-8960-4729-be26-aed5fcd51537.jpeg,"
Costco,"The Original Donut Shop Coffee K-Cup Pod, 100-count",$56.24,,,"★★★★★
★★★★★
(2.6K)",[],Many in stock,"https://www.instacart.com/image-server/197x197/filters:fill(FFF,true):format(jpg)/d2lnr5mha7bycj.cloudfront.net/product-image/file/large_4f822e4e-09ca-4b80-91a0-563b9d36dd9f.jpeg,"
Costco,"Hefty Super Weight 8 7/8-inch Foam Plate, 220-count",$15.99,,,,[],Many in stock,"https://www.instacart.com/image-server/197x197/filters:fill(FFF,true):format(jpg)/d2lnr5mha7bycj.cloudfront.net/product-image/file/large_f349aca1-c4d7-4c44-a9ca-64045ae09f5a.jpeg,"
Costco,"Starbucks Frappuccino, Mocha Chilled Coffee, 9.5 fl oz, 15-count",$26.99,,,15 ct,[],Many in stock,"https://www.instacart.com/image-server/197x197/filters:fill(FFF,true):format(jpg)/d2lnr5mha7bycj.cloudfront.net/product-image/file/large_70cafe7a-1d6f-408a-89d2-31dc8ede2906.jpeg,"
Costco,"Muscle Milk Genuine Protein Shake Chocolate, 11 fl oz, 18-pack",$29.99,,,,[],Many in stock,"https://www.instacart.com/image-server/197x197/filters:fill(FFF,true):format(jpg)/d2lnr5mha7bycj.cloudfront.net/product-image/file/large_6e2c7871-d8db-4037-a7da-3e0797c899e9.jpeg,"
Costco,"Kirkland Signature 2% Reduced Fat Milk, 1 gal",$3.59,,,,['Cow Milk'],Many in stock,"https://www.instacart.com/image-server/197x197/filters:fill(FFF,true):format(jpg)/d2lnr5mha7bycj.cloudfront.net/product-image/file/large_c84ac1cd-cb25-4780-9dbd-68c7473c3b52.jpeg,"
Costco,"Kirkland Signature Organic Whole Milk, Half Gallon, 3-count",$14.99,,,64 fl oz,['Organic'],Many in stock,"https://www.instacart.com/image-server/197x197/filters:fill(FFF,true):format(jpg)/d2lnr5mha7bycj.cloudfront.net/product-image/file/large_d81c4819-6863-48b8-880a-678cbfb461e5.jpeg,"
Costco,"Kirkland Signature Organic Non-Dairy Beverage, 6 X 32 oz",$11.99,,,32 fl oz,['Organic'],Many in stock,"https://www.instacart.com/image-server/197x197/filters:fill(FFF,true):format(jpg)/d2lnr5mha7bycj.cloudfront.net/product-image/file/large_cac642ab-57e3-412c-ad12-6793ec846e33.jpeg,"
Costco,"Kirkland Signature Whole Mlik, 1 gal",$3.99,,,,[],Many in stock,"https://www.instacart.com/image-server/197x197/filters:fill(FFF,true):format(jpg)/d2lnr5mha7bycj.cloudfront.net/product-image/file/large_b6cf9738-5d6b-4896-ae18-5d75d6fd3f30.jpeg,"
Costco,"Kirkland Signature, Organic Almond Beverage, Vanilla, 32 fl oz, 6-Count",$8.69,,,6 ct,['Organic'],Many in stock,"https://www.instacart.com/image-server/197x197/filters:fill(FFF,true):format(jpg)/d2lnr5mha7bycj.cloudfront.net/product-image/file/large_9082edcc-938e-493f-ba29-6e59ac655228.jpeg,"
Costco,"Kirkland Signature Organic 1% Low Fat Milk , 64 fl oz, 3-count",$13.99,,,192 fl oz,['Organic'],Many in stock,"https://www.instacart.com/image-server/197x197/filters:fill(FFF,true):format(jpg)/d2lnr5mha7bycj.cloudfront.net/product-image/file/large_23f35c40-4da7-474f-a019-16d2b9c804f6.jpeg,"
Costco,"Kirkland Signature Fat Free Milk, 1 gal",$2.99,,,,[],Many in stock,"https://www.instacart.com/image-server/197x197/filters:fill(FFF,true):format(jpg)/d2lnr5mha7bycj.cloudfront.net/product-image/file/large_cc61a9cb-ce4d-4182-9e34-39f30fac30f0.jpeg,"
Costco,"Kirkland Signature Organic Lactose Free Milk, 64 fl oz, 3 count",$14.99,,,3 ct,['Organic'],Many in stock,"https://www.instacart.com/image-server/197x197/filters:fill(FFF,true):format(jpg)/d2lnr5mha7bycj.cloudfront.net/product-image/file/large_fd38b150-5741-42f0-ac7c-d07a5527a3ff.jpeg,"
Costco,"Kirkland Signature Low Fat 1% Milk, 1 gal",$3.29,,,,[],Many in stock,"https://www.instacart.com/image-server/197x197/filters:fill(FFF,true):format(jpg)/d2lnr5mha7bycj.cloudfront.net/product-image/file/large_86e6b1a8-a53b-4f75-b4a8-b24a5cdaa039.jpeg,"
Costco,"Kirkland Signature, Organic Reduced Fat Chocolate Milk, 8.25 fl oz, 24-Count",$21.99,,,24 ct,['Organic'],Many in stock,"https://www.instacart.com/image-server/197x197/filters:fill(FFF,true):format(jpg)/d2lnr5mha7bycj.cloudfront.net/product-image/file/large_f9ee191d-75c0-4f3b-9ed7-e8e9b3e2bdd9.jpeg,"
Costco,"Kirkland Signature, Almond Milk, 1 qt, 12-count",$13.99,,,12 ct,['Vegan'],Many in stock,"https://www.instacart.com/image-server/197x197/filters:fill(FFF,true):format(jpg)/d2lnr5mha7bycj.cloudfront.net/product-image/file/large_d5110c54-fb46-41d9-ba98-1919d60c231d.jpeg,"
Costco,"Kirkland Signature Organic 2% Reduced Fat Milk, Half Gallon, 3-count",$15.99,,,64 fl oz,['Organic'],,"https://www.instacart.com/image-server/197x197/filters:fill(FFF,true):format(jpg)/d2lnr5mha7bycj.cloudfront.net/product-image/file/large_09d16461-4619-4116-8731-fe8b3b0786e2.jpeg,"
Costco,"KS Organic Whole Milk, 8 fl oz, 18-count",$15.99,,,,['Organic'],,"https://www.instacart.com/image-server/197x197/filters:fill(FFF,true):format(jpg)/d2lnr5mha7bycj.cloudfront.net/product-image/file/large_9a4d2236-07fd-4b9d-bcb6-ea735cb2c855.jpeg,"
Costco,"Horizon, Organic Whole Milk, 8 oz, 18-Count",$23.99,,,18 ct,['Organic'],Many in stock,"https://www.instacart.com/image-server/197x197/filters:fill(FFF,true):format(jpg)/d2lnr5mha7bycj.cloudfront.net/product-image/file/large_0c934fa7-c4dd-4ec9-bf79-33d86272dcc8.jpeg,"
Costco,Silk Original Organic Almond Milk,$13.99,,,3 ct,['Organic'],,"https://www.instacart.com/image-server/197x197/filters:fill(FFF,true):format(jpg)/d2lnr5mha7bycj.cloudfront.net/product-image/file/large_12c96aa3-6139-411c-9597-9ef825b0cd7d.jpeg,"
Costco,"Kirkland Signature Organic Chocolate Banana Beverage, 11 oz, 18-count",$26.99,,,,['Organic'],Many in stock,"https://www.instacart.com/image-server/197x197/filters:fill(FFF,true):format(jpg)/d2lnr5mha7bycj.cloudfront.net/product-image/file/large_d146316f-fe38-4b13-8abf-fa7c8d104738.jpeg,"
Costco,"Kirkland Signature, Organic Soy Beverage, Vanilla, 32 fl oz, 12-Count",$17.99,,,12 ct,['Organic'],Many in stock,"https://www.instacart.com/image-server/197x197/filters:fill(FFF,true):format(jpg)/d2lnr5mha7bycj.cloudfront.net/product-image/file/large_70d1658e-05a5-4942-92be-4025cee97d24.jpeg,"
Costco,"SO Delicious, Organic Coconut Milk, 32 oz, 6-Count",$13.99,,,32 fl oz,"['Organic', 'Vegan']",,"https://www.instacart.com/image-server/197x197/filters:fill(FFF,true):format(jpg)/d2lnr5mha7bycj.cloudfront.net/product-image/file/large_154bfb90-9d5f-4396-91cb-63dc3bba0afa.jpeg,"
Costco,"Kirkland Signature, Organic Extra Virgin Olive Oil, 2 L",$26.99,,,,['Organic'],Many in stock,"https://www.instacart.com/image-server/197x197/filters:fill(FFF,true):format(jpg)/d2lnr5mha7bycj.cloudfront.net/product-image/file/large_b0e349a0-4f52-4990-ac3b-24da5fde504c.jpeg,"
Costco,"Kirkland Signature, Vegetable Oil, 3 qt, 2-Count",$13.99,,,2 ct,[],Many in stock,"https://www.instacart.com/image-server/197x197/filters:fill(FFF,true):format(jpg)/d2lnr5mha7bycj.cloudfront.net/product-image/file/large_720870c8-0e81-4e89-9fbd-f561f2038734.jpeg,"
Costco,"Truff Truffle Oil, 5.64 oz, 2-count",$18.99,,,,[],Many in stock,"https://www.instacart.com/image-server/197x197/filters:fill(FFF,true):format(jpg)/d2lnr5mha7bycj.cloudfront.net/product-image/file/large_32622c05-8138-4004-aa56-fa64b5708a56.jpeg,"
Costco,"Chosen Foods Avocado Oil Spray, 13.5 oz, 2-count",$15.99,,,2 ct,[],Many in stock,"https://www.instacart.com/image-server/197x197/filters:fill(FFF,true):format(jpg)/d2lnr5mha7bycj.cloudfront.net/product-image/file/large_71963d1d-a672-4b13-bd87-f796b5ad976a.jpeg,"
Costco,"Kirkland Signature, Organic Sugar, 10 lbs",$10.99,,,,['Organic'],Many in stock,"https://www.instacart.com/image-server/197x197/filters:fill(FFF,true):format(jpg)/d2lnr5mha7bycj.cloudfront.net/product-image/file/large_adbb9fa7-2c69-4f82-9d76-ae682eb7c230.jpeg,"
Costco,"Pam Cooking Spray, 12 oz, 2 count",$8.99,,,2 ct,[],Many in stock,"https://www.instacart.com/image-server/197x197/filters:fill(FFF,true):format(jpg)/d2lnr5mha7bycj.cloudfront.net/product-image/file/large_3b43e712-711c-4a5a-9f91-c57f553e95d3.jpeg,"
Costco,"Arm & Hammer, Pure Baking Soda, 13.5 lbs",$10.49,,,"★★★★★
★★★★★
(94)",[],Many in stock,"https://www.instacart.com/image-server/197x197/filters:fill(FFF,true):format(jpg)/d2lnr5mha7bycj.cloudfront.net/product-image/file/large_1d3ad762-b013-4780-8bca-8f219a537d1b.jpeg,"
Costco,"Kirkland Signature, Canola Oil, 3 qt, 2-count",$13.99,,,2 ct,[],Many in stock,"https://www.instacart.com/image-server/197x197/filters:fill(FFF,true):format(jpg)/d2lnr5mha7bycj.cloudfront.net/product-image/file/large_0229e4bb-ea06-4d4a-879f-840764939b6b.jpeg,"
Costco,"Ghirardelli, Triple Chocolate Premium Brownie Mix, 6-Count",$15.99,,,,[],Many in stock,"https://www.instacart.com/image-server/197x197/filters:fill(FFF,true):format(jpg)/d2lnr5mha7bycj.cloudfront.net/product-image/file/large_6c00c412-8786-4d50-9f80-6fbf039513cc.jpeg,"
Costco,"Miss Jones Monster Cookie Mix, 10.57 oz, 3-count",$11.99,,,,[],Many in stock,"https://www.instacart.com/image-server/197x197/filters:fill(FFF,true):format(jpg)/d2lnr5mha7bycj.cloudfront.net/product-image/file/large_e5daaac4-2f43-464f-b87d-635692c269f8.jpeg,"
Costco,"Kirkland Signature, Granulated California Garlic, 18 oz",$9.99,,,,[],Many in stock,"https://www.instacart.com/image-server/197x197/filters:fill(FFF,true):format(jpg)/d2lnr5mha7bycj.cloudfront.net/product-image/file/large_e775a221-1486-45d6-bbff-33f0b5c0ef8c.jpeg,"
Costco,"Kirkland Signature, Pure Sea Salt, 30 oz",$4.19,,,,[],Many in stock,"https://www.instacart.com/image-server/197x197/filters:fill(FFF,true):format(jpg)/d2lnr5mha7bycj.cloudfront.net/product-image/file/large_cae90e9a-ab59-4481-acf8-9f6b6ca3c8de.jpeg,"
Costco,"Four Monks Distilled Vinegar, 1 gal, 2-count",$7.39,,,2 ct,[],,"https://www.instacart.com/image-server/197x197/filters:fill(FFF,true):format(jpg)/d2lnr5mha7bycj.cloudfront.net/product-image/file/large_e30d58b8-c6db-4a04-9073-ba78e8a8f6d4.jpeg,"
Costco,"Pbfit Organic Peanut Butter Powder Pouch, 30 oz",$15.99,,,,['Organic'],Many in stock,"https://www.instacart.com/image-server/197x197/filters:fill(FFF,true):format(jpg)/d2lnr5mha7bycj.cloudfront.net/product-image/file/large_4d30e289-61e7-44f8-8ec9-54093cc0b169.jpeg,"
Costco,"Kirkland Signature, Extra Virgin Italian Olive Oil, 2 L",$29.99,,,,[],Many in stock,"https://www.instacart.com/image-server/197x197/filters:fill(FFF,true):format(jpg)/d2lnr5mha7bycj.cloudfront.net/product-image/file/large_f44cd8ff-ed84-4844-a2f0-fec9d5917c8e.jpeg,"
Costco,"Kirkland Signature Organic Chopped Onions, 11.3 oz",$6.59,,,11.3 each,['Organic'],Many in stock,"https://www.instacart.com/image-server/197x197/filters:fill(FFF,true):format(jpg)/d2lnr5mha7bycj.cloudfront.net/product-image/file/large_f242eb7e-1b4e-4372-a622-f2609c19e218.jpeg,"
Costco,"Spice Islands Premium Taco Seasoning, 24.5 oz",$7.49,,,,[],Many in stock,"https://www.instacart.com/image-server/197x197/filters:fill(FFF,true):format(jpg)/d2lnr5mha7bycj.cloudfront.net/product-image/file/large_3915de5d-acba-4f09-b4d9-19aaf8460505.jpeg,"
Costco,"Kirkland Signature Organic Raw Honey, 24 oz, 3-count",$18.99,,,3 ct,['Organic'],Many in stock,"https://www.instacart.com/image-server/197x197/filters:fill(FFF,true):format(jpg)/d2lnr5mha7bycj.cloudfront.net/product-image/file/large_874e399b-8f83-40d4-9eff-ed9b786e1c28.jpeg,"
Costco,"Kirkland Signature, Pink Salt, Fine Grain, 5 lbs",$8.99,,,,[],Many in stock,"https://www.instacart.com/image-server/197x197/filters:fill(FFF,true):format(jpg)/d2lnr5mha7bycj.cloudfront.net/product-image/file/large_9c9c8c0d-7087-4b59-8c1e-ed76a97f34f6.jpeg,"
Costco,"Kirkland Signature Wild Flower Honey, 5 lbs",$19.99,,,,[],Many in stock,"https://www.instacart.com/image-server/197x197/filters:fill(FFF,true):format(jpg)/d2lnr5mha7bycj.cloudfront.net/product-image/file/large_3809ace5-e2af-46e8-a811-565eedbb13da.jpeg,"
Costco,"Truvia Sweetener Packets, 400 count",$17.99,,,"★★★★★
★★★★★
(8.36K)","['Gluten-Free', 'Keto']",Many in stock,"https://www.instacart.com/image-server/197x197/filters:fill(FFF,true):format(jpg)/d2lnr5mha7bycj.cloudfront.net/product-image/file/large_2f17d5c7-9fa5-426b-b2e9-cedb5f577913.jpeg,"
Costco,"Kirkland Signature Organic Blue Agave, 36 oz, 2-count",$10.99,,,2 ct,['Organic'],Many in stock,"https://www.instacart.com/image-server/197x197/filters:fill(FFF,true):format(jpg)/d2lnr5mha7bycj.cloudfront.net/product-image/file/large_82d4db74-a1ad-4672-8d68-edfd59723d3d.jpeg,"
Costco,"Kirkland Signature, Almond Flour, 3 lbs",$11.99,,,,['Gluten-Free'],Many in stock,"https://www.instacart.com/image-server/197x197/filters:fill(FFF,true):format(jpg)/d2lnr5mha7bycj.cloudfront.net/product-image/file/large_b34c2faf-9ebb-4a80-aea5-ced391734e64.jpeg,"
Costco,"Kirkland Signature, Refined Olive Oil, 3 Liter, 2-count",$69.99,,,2 ct,[],Many in stock,"https://www.instacart.com/image-server/197x197/filters:fill(FFF,true):format(jpg)/d2lnr5mha7bycj.cloudfront.net/product-image/file/large_1e6be92f-06f0-4c31-854c-8cf7d0f05773.jpeg,"
Costco,"Spice Islands Ground Cumin Seed, 15 oz",$6.99,,,,[],Many in stock,"https://www.instacart.com/image-server/197x197/filters:fill(FFF,true):format(jpg)/d2lnr5mha7bycj.cloudfront.net/product-image/file/large_0e99fdcd-4598-4ca0-b445-57bbc54c024a.jpeg,"
Costco,"Kirkland Signature Fine Ground Black Pepper, 12.3 oz",$5.99,,,,[],Many in stock,"https://www.instacart.com/image-server/197x197/filters:fill(FFF,true):format(jpg)/d2lnr5mha7bycj.cloudfront.net/product-image/file/large_db03d6ba-8804-4f87-bf53-83f2ebbcf323.jpeg,"
Costco,"Kirkland Signature Semi-Sweet Chocolate Chips, 4.5 lbs",$13.99,,,,[],Many in stock,"https://www.instacart.com/image-server/197x197/filters:fill(FFF,true):format(jpg)/d2lnr5mha7bycj.cloudfront.net/product-image/file/large_9aeda5e3-0013-42a1-b038-7693400a25f9.jpeg,"
Costco,"Kirkland Signature Organic No-Salt Seasoning, 14.5 oz",$10.59,,,,['Organic'],Many in stock,"https://www.instacart.com/image-server/197x197/filters:fill(FFF,true):format(jpg)/d2lnr5mha7bycj.cloudfront.net/product-image/file/large_d511cb58-9288-48cb-a0c4-a9c985068b4d.jpeg,"
Costco,"Whole Earth Plant-Based Sugar Alternative Erythritol & Monk Fruit, 32 oz",$10.59,,,,"['Gluten-Free', 'Keto']",Many in stock,"https://www.instacart.com/image-server/197x197/filters:fill(FFF,true):format(jpg)/d2lnr5mha7bycj.cloudfront.net/product-image/file/large_8e17a7cc-09dd-4c30-ae85-a860aea880fc.jpeg,"
Costco,"Kirkland Signature Organic Granulated Onion, 16 oz",$9.69,,,,['Organic'],Many in stock,"https://www.instacart.com/image-server/197x197/filters:fill(FFF,true):format(jpg)/d2lnr5mha7bycj.cloudfront.net/product-image/file/large_658ac875-85e2-48e1-a984-ae9fba1946e1.jpeg,"
Costco,"Kirkland Signature Coarse Ground Black Pepper, 12.7 oz",$5.99,,,,[],Many in stock,"https://www.instacart.com/image-server/197x197/filters:fill(FFF,true):format(jpg)/d2lnr5mha7bycj.cloudfront.net/product-image/file/large_f4b8bd0c-1912-4001-9554-12e321cb8fc0.jpeg,"
Costco,"Kirkland Signature, Whole Black Peppercorn, 14.1 oz",$6.59,,,,[],Many in stock,"https://www.instacart.com/image-server/197x197/filters:fill(FFF,true):format(jpg)/d2lnr5mha7bycj.cloudfront.net/product-image/file/large_526859cf-fd05-46b1-8809-f72f28eef939.jpeg,"
Costco,"Kinder's Organic The Blend Seasoning, 12.25 oz",$7.49,,,,['Organic'],Many in stock,"https://www.instacart.com/image-server/197x197/filters:fill(FFF,true):format(jpg)/d2lnr5mha7bycj.cloudfront.net/product-image/file/large_a18b8537-82f3-425a-80c1-cd6a003a50c5.jpeg,"
Costco,"Pure Vanilla Extract, 16 fl oz",$14.99,,,,[],Many in stock,"https://www.instacart.com/image-server/197x197/filters:fill(FFF,true):format(jpg)/d2lnr5mha7bycj.cloudfront.net/product-image/file/large_4397a74d-a0ae-40b8-acf2-158827ae3271.jpeg,"
Costco,"Kirkland Signature Extra Virgin Olive Oil, 1 L",$13.99,,,,[],Many in stock,"https://www.instacart.com/image-server/197x197/filters:fill(FFF,true):format(jpg)/d2lnr5mha7bycj.cloudfront.net/product-image/file/large_ee1c396e-56e1-4184-bde5-8c158b4ef7b7.jpeg,"
Costco,"Organic Unbleached All Purpose Flour, 10 lbs, 2-count",$21.99,,,,['Organic'],Many in stock,"https://www.instacart.com/image-server/197x197/filters:fill(FFF,true):format(jpg)/d2lnr5mha7bycj.cloudfront.net/product-image/file/large_375ce67d-3d11-40ed-8816-f13b1b5e6fd7.jpeg,"
Costco,"Better Than Bouillon Organic Roasted Chicken Base, 21 oz",$10.99,,,,['Organic'],Many in stock,"https://www.instacart.com/image-server/197x197/filters:fill(FFF,true):format(jpg)/d2lnr5mha7bycj.cloudfront.net/product-image/file/large_dc2119b3-e663-4f27-be6a-fcf2940e47f9.jpeg,"
Costco,"Kirkland Signature, Black Pepper with Grinder, 6.3 oz, 2-Count",$9.99,,,,[],Many in stock,"https://www.instacart.com/image-server/197x197/filters:fill(FFF,true):format(jpg)/d2lnr5mha7bycj.cloudfront.net/product-image/file/large_7447d592-4bb3-4048-8cb9-2407177e6fcd.jpeg,"
Costco,"Spiceology Greek Freak Mediterranean Seasoning, 6.7 oz",$11.99,,,,[],Many in stock,"https://www.instacart.com/image-server/197x197/filters:fill(FFF,true):format(jpg)/d2lnr5mha7bycj.cloudfront.net/product-image/file/large_bdd645ca-b9e8-4f77-89c0-ea0d6dd8d9ed.jpeg,"
Costco,"Kirkland Signature, Organic Virgin Coconut Oil, 84 fl oz",$15.99,,,,['Organic'],Many in stock,"https://www.instacart.com/image-server/197x197/filters:fill(FFF,true):format(jpg)/d2lnr5mha7bycj.cloudfront.net/product-image/file/large_91f8da07-612b-4105-b8b6-36170e38245d.jpeg,"
Costco,"Kirkland Signature Ground Turmeric, 12 oz",$5.39,,,,[],Many in stock,"https://www.instacart.com/image-server/197x197/filters:fill(FFF,true):format(jpg)/d2lnr5mha7bycj.cloudfront.net/product-image/file/large_ccaa3069-5e9e-45de-8db5-6288cf4f23f3.jpeg,"
Costco,"Lawry's, Coarse Ground Garlic Salt with Parsley, 33 oz",$10.99,,,,[],Many in stock,"https://www.instacart.com/image-server/197x197/filters:fill(FFF,true):format(jpg)/d2lnr5mha7bycj.cloudfront.net/product-image/file/large_e90d271c-3ec8-46e7-a37b-41afde1a41d5.jpeg,"
Costco,"Kirkland Signature 100% Spanish Extra Virgin Olive Oil, 3 L",$43.99,,,,[],Many in stock,"https://www.instacart.com/image-server/197x197/filters:fill(FFF,true):format(jpg)/d2lnr5mha7bycj.cloudfront.net/product-image/file/large_4949efd1-1b61-42eb-b9d7-3a278b2cfd91.jpeg,"
Costco,"Thai Kitchen Organic Coconut Milk, Unsweetened, 13.66 fl oz, 6-count",$11.99,,,6 ct,['Organic'],Many in stock,"https://www.instacart.com/image-server/197x197/filters:fill(FFF,true):format(jpg)/d2lnr5mha7bycj.cloudfront.net/product-image/file/large_09d173da-dc3a-4e43-921f-3427c929ad43.jpeg,"
Costco,"Ardent Mills, Harvest Hotel & Restaurant, All-Purpose Flour, 25 lbs",$10.99,,,,[],Many in stock,"https://www.instacart.com/image-server/197x197/filters:fill(FFF,true):format(jpg)/d2lnr5mha7bycj.cloudfront.net/product-image/file/large_fecac953-8b78-4c00-9efb-88f6eccdb147.jpeg,"
Costco,"El Monterey Mexican Grill Taquitos, Chicken & Cheese, 30-count",$16.99,,,,[],Many in stock,"https://www.instacart.com/image-server/197x197/filters:fill(FFF,true):format(jpg)/d2lnr5mha7bycj.cloudfront.net/product-image/file/large_a1c48957-9f0b-4d7a-882b-86699e428bcd.jpeg,"
Costco,"CJ Bibigo Chicken & Cilantro Mini Wontons, 3 lbs",$11.99,,,,[],Many in stock,"https://www.instacart.com/image-server/197x197/filters:fill(FFF,true):format(jpg)/d2lnr5mha7bycj.cloudfront.net/product-image/file/large_6c707dfc-484a-4738-b40f-6d759bc4d27c.jpeg,"
Costco,"Ling Ling All Natural Potstickers, Chicken & Vegetable, 4.2 lbs",$15.99,,,,[],Many in stock,"https://www.instacart.com/image-server/197x197/filters:fill(FFF,true):format(jpg)/d2lnr5mha7bycj.cloudfront.net/product-image/file/large_44e7ffeb-4464-479b-8e6a-8fc958ed3264.jpeg,"
Costco,"Tropicland Organic Sweet Potato Fries, 64 oz",$11.99,,,,[],Many in stock,"https://www.instacart.com/image-server/197x197/filters:fill(FFF,true):format(jpg)/d2lnr5mha7bycj.cloudfront.net/product-image/file/large_f826603c-24e5-420d-b1cc-5aa0dbf5d60e.jpeg,"
Costco,"Petite Cuisine Mozzarella Sticks In A Crispy Seasoned Breading, 5 lbs",$19.99,,,,[],Many in stock,"https://www.instacart.com/image-server/197x197/filters:fill(FFF,true):format(jpg)/d2lnr5mha7bycj.cloudfront.net/product-image/file/large_d5199cbd-7c28-4d91-9042-859b2cbbe847.jpeg,"
Costco,"Royal Asia Vegetable Spring Rolls with Soy Ginger Sauce, 50-count, 48 oz",$11.99,,,,['Vegan'],,"https://www.instacart.com/image-server/197x197/filters:fill(FFF,true):format(jpg)/d2lnr5mha7bycj.cloudfront.net/product-image/file/large_4b7c465a-4076-4917-9fb4-c2c48464fd05.jpeg,"
Costco,"Brazi Bites Brazilian Cheese Bread, Cheddar & Parmesan, 62-count",$17.99,,,62 ct,['Gluten-Free'],,"https://www.instacart.com/image-server/197x197/filters:fill(FFF,true):format(jpg)/d2lnr5mha7bycj.cloudfront.net/product-image/file/large_bc54470a-062d-4f34-b304-e73b5ff7d400.jpeg,"
Costco,"Macabee Pizza Bagels, Mozzarella Cheese And Seasoned Sauce, 24-count",$14.99,,,,[],Many in stock,"https://www.instacart.com/image-server/197x197/filters:fill(FFF,true):format(jpg)/d2lnr5mha7bycj.cloudfront.net/product-image/file/large_be71cb51-2081-4ea5-acb0-164028b14e42.jpeg,"
Costco,"Bagel Bites Pizza Snacks, Cheese & Pepperoni, 3 lbs",$10.99,,,"★★★★★
★★★★★
(2.65K)",[],Many in stock,"https://www.instacart.com/image-server/197x197/filters:fill(FFF,true):format(jpg)/d2lnr5mha7bycj.cloudfront.net/product-image/file/large_d424744e-12a7-4b93-981c-7eb03f960975.jpeg,"
Costco,"Partini Bacon Wrapped Jalapeno Poppers, 20-count",$14.99,,,,[],Many in stock,"https://www.instacart.com/image-server/197x197/filters:fill(FFF,true):format(jpg)/d2lnr5mha7bycj.cloudfront.net/product-image/file/large_55b4a64c-1af3-4491-84de-cc4857a28a80.jpeg,"
Costco,"La Vie Gourmand Halloumi Cheese Fries, 20.5 oz",$15.99,,,,[],Many in stock,"https://www.instacart.com/image-server/197x197/filters:fill(FFF,true):format(jpg)/d2lnr5mha7bycj.cloudfront.net/product-image/file/large_537f7da1-85cf-4f53-ae16-a615cd3634a9.jpeg,"
Costco,"Snyear Soup Dumpling Pork, 48 oz",$18.99,,,,[],,"https://www.instacart.com/image-server/197x197/filters:fill(FFF,true):format(jpg)/d2lnr5mha7bycj.cloudfront.net/product-image/file/large_70dc21b4-c026-46dd-9042-5fc542fdbc72.jpeg,"
Costco,"Kasia's Cheese Blintzes, 13 oz, 2-count",$10.99,,,2 ct,[],Many in stock,"https://www.instacart.com/image-server/197x197/filters:fill(FFF,true):format(jpg)/d2lnr5mha7bycj.cloudfront.net/product-image/file/large_4ec127d3-5caf-41ea-9eae-42eb1d948c8d.jpeg,"
Costco,"General Mills Honey Nut Cheerios Honey Nut Cheerios, 2 x 27.5 oz",$10.99,,,2 ct,"['Gluten-Free', 'Whole Grain']",,"https://www.instacart.com/image-server/197x197/filters:fill(FFF,true):format(jpg)/d2lnr5mha7bycj.cloudfront.net/product-image/file/large_ea2d97ec-1ebc-4399-b130-43a2167f631c.jpeg,"
Costco,"Cinnamon, Toast Crunch Cereal, 49.5 oz",$9.99,,,"★★★★★
★★★★★
(2.8K)",['Whole Grain'],Many in stock,"https://www.instacart.com/image-server/197x197/filters:fill(FFF,true):format(jpg)/d2lnr5mha7bycj.cloudfront.net/product-image/file/large_a547bb59-f25f-4630-9de4-a11f7838f7dc.jpeg,"
Costco,"Krusteaz, Complete Buttermilk Pancake Mix, 10 lbs",$9.99,,,"★★★★★
★★★★★
(56)",[],Many in stock,"https://www.instacart.com/image-server/197x197/filters:fill(FFF,true):format(jpg)/d2lnr5mha7bycj.cloudfront.net/product-image/file/large_6792ceab-eb0c-4e04-932d-c00ee6a9d66b.jpeg,"
Costco,"Quaker, Instant Oatmeal, Variety Pack, 1.51 oz, 52-Count",$15.99,,,,[],Many in stock,"https://www.instacart.com/image-server/197x197/filters:fill(FFF,true):format(jpg)/d2lnr5mha7bycj.cloudfront.net/product-image/file/large_6a924ebf-54c8-480e-a753-98145b4ee587.jpeg,"
Costco,"Nu Trail Keto Blueberry Cinnamon Nut Granola, 22 oz",$16.99,,,,"['Gluten-Free', 'Keto']",Many in stock,"https://www.instacart.com/image-server/197x197/filters:fill(FFF,true):format(jpg)/d2lnr5mha7bycj.cloudfront.net/product-image/file/large_f27554d2-98d7-45ec-ae70-ee794ca619ad.jpeg,"
Costco,"Quaker, Oats Old Fashioned Oatmeal, 10 lbs",$13.99,,,2 ct,[],Many in stock,"https://www.instacart.com/image-server/197x197/filters:fill(FFF,true):format(jpg)/d2lnr5mha7bycj.cloudfront.net/product-image/file/large_c1f80ee3-29f8-41f9-ab2d-37ba5c8e3ba9.jpeg,"
Costco,"Kellogg's Frosted Flakes Cereal, 30.95 oz, 2-count",$10.44,,,"★★★★★
★★★★★
(1.03K)",[],Many in stock,"https://www.instacart.com/image-server/197x197/filters:fill(FFF,true):format(jpg)/d2lnr5mha7bycj.cloudfront.net/product-image/file/large_ba6a2846-1721-47da-b8a9-8c6c0818dcdf.jpeg,"
Costco,"Kellogg's Nutri-Grain Bars, 1.3 oz, 64-count",$19.86,,,64 ct,[],Many in stock,"https://www.instacart.com/image-server/197x197/filters:fill(FFF,true):format(jpg)/d2lnr5mha7bycj.cloudfront.net/product-image/file/large_ee45d895-9296-4328-8b5d-8ce453828d5e.jpeg,"
Costco,"General Mills, Cheerios Cereal, 20.35 oz, 2-Count",$7.99,,,2 ct,"['Gluten-Free', 'Whole Grain']",,"https://www.instacart.com/image-server/197x197/filters:fill(FFF,true):format(jpg)/d2lnr5mha7bycj.cloudfront.net/product-image/file/large_55f9901a-4ed7-4398-bf43-24ea77c0a555.jpeg,"
Costco,"Kirkland Signature Organic Ancient Grain Granola, 35.3 oz",$10.99,,,,['Organic'],Many in stock,"https://www.instacart.com/image-server/197x197/filters:fill(FFF,true):format(jpg)/d2lnr5mha7bycj.cloudfront.net/product-image/file/large_12f1673e-c870-4af4-99b0-04e357b2488b.jpeg,"
Costco,"Kellogg's, Special K Red Berries Cereal, 43 oz",$11.99,,,2 ct,['Whole Grain'],,"https://www.instacart.com/image-server/197x197/filters:fill(FFF,true):format(jpg)/d2lnr5mha7bycj.cloudfront.net/product-image/file/large_6d5fe0cb-4244-4c94-a878-2d2556e02d55.jpeg,"
Costco,"Catalina Crunch Cinnamon Toast Keto Cereal, 20 oz",$13.99,,,,"['Gluten-Free', 'Keto']",Many in stock,"https://www.instacart.com/image-server/197x197/filters:fill(FFF,true):format(jpg)/d2lnr5mha7bycj.cloudfront.net/product-image/file/large_61b09a3a-37a1-418d-a7fe-1c923de6266d.jpeg,"
Costco,"General Mills Minis Cereal Variety, 34.8 oz",$8.99,,,,[],Many in stock,"https://www.instacart.com/image-server/197x197/filters:fill(FFF,true):format(jpg)/d2lnr5mha7bycj.cloudfront.net/product-image/file/large_b59ad2c4-25cb-40dc-9675-c9e1ff90b7d8.jpeg,"
Costco,"One Degree Gluten-Free Organic Rolled Oats, 80 oz",$11.99,,,,"['Organic', 'Gluten-Free']",Many in stock,"https://www.instacart.com/image-server/197x197/filters:fill(FFF,true):format(jpg)/d2lnr5mha7bycj.cloudfront.net/product-image/file/large_b03f91f3-b61d-4408-aa92-4b6973330b24.jpeg,"
Costco,"Organic Blueberry Almond Crunch Cereal, 2 lbs 2 oz",$16.99,,,2 ct,"['Organic', 'Whole Grain']",Many in stock,"https://www.instacart.com/image-server/197x197/filters:fill(FFF,true):format(jpg)/d2lnr5mha7bycj.cloudfront.net/product-image/file/large_400de7c8-e439-4d16-8205-9081e1d60082.jpeg,"
Costco,"Seven Sundays Breakfast Wildberry Protein Oats, 28 oz",$10.99,,,,[],Many in stock,"https://www.instacart.com/image-server/197x197/filters:fill(FFF,true):format(jpg)/d2lnr5mha7bycj.cloudfront.net/product-image/file/large_82b84c2b-6c0d-4d7e-ad29-2b18815769bd.jpeg,"
Costco,"Heart & Steel Fruit & Nut Granola Bag, 22 oz.",$10.59,,,,[],Many in stock,"https://www.instacart.com/image-server/197x197/filters:fill(FFF,true):format(jpg)/d2lnr5mha7bycj.cloudfront.net/product-image/file/large_525d85e6-41ca-47c8-96d7-7d10add22fee.jpeg,"
Costco,"Kirkland Signature Whole Grain Rolled Oats, 10 lbs",$9.99,,,,[],Many in stock,"https://www.instacart.com/image-server/197x197/filters:fill(FFF,true):format(jpg)/d2lnr5mha7bycj.cloudfront.net/product-image/file/large_113ca31e-61c9-46ab-8aad-224a8b01e738.jpeg,"
Costco,"Kellogg's Raisin Bran Crunch, 56.6 oz",$11.99,,,,['Whole Grain'],Many in stock,"https://www.instacart.com/image-server/197x197/filters:fill(FFF,true):format(jpg)/d2lnr5mha7bycj.cloudfront.net/product-image/file/large_80d4e69b-2c7b-40ab-9d66-7acd6ccc4a95.jpeg,"
Costco,"Nature Valley Oats & Honey Granola, 28 oz",$10.59,,,,[],,"https://www.instacart.com/image-server/197x197/filters:fill(FFF,true):format(jpg)/d2lnr5mha7bycj.cloudfront.net/product-image/file/large_d217e32f-cdb0-4830-8700-95e99b95563d.jpeg,"
Costco,"General Mills Morning Summit Cereal, 38 oz",$15.99,,,,['Whole Grain'],Many in stock,"https://www.instacart.com/image-server/197x197/filters:fill(FFF,true):format(jpg)/d2lnr5mha7bycj.cloudfront.net/product-image/file/large_c2b49a1a-674b-417a-8431-c26d018aab34.jpeg,"
Costco,"Crazy Cuizine Mandarin Orange Chicken, 2-count",$19.99,,,,[],Many in stock,"https://www.instacart.com/image-server/197x197/filters:fill(FFF,true):format(jpg)/d2lnr5mha7bycj.cloudfront.net/product-image/file/large_38bccaed-cdc3-44c3-bc79-052615fbba83.jpeg,"
Costco,"Ajinomoto Yakitori Chicken Fried Rice, 9 oz, 6-count",$18.99,,,,[],Many in stock,"https://www.instacart.com/image-server/197x197/filters:fill(FFF,true):format(jpg)/d2lnr5mha7bycj.cloudfront.net/product-image/file/large_795b241c-c04d-4114-bf44-68cb5ea3a399.jpeg,"
Costco,"Marie Callender's, Chicken Pot Pies, 10 oz, 8-count",$16.99,,,8 ct,[],Many in stock,"https://www.instacart.com/image-server/197x197/filters:fill(FFF,true):format(jpg)/d2lnr5mha7bycj.cloudfront.net/product-image/file/large_4bddfa59-667c-4935-9c17-ef7b8e307687.jpeg,"
Costco,"Kirkland Signature Pepperoni Pizza, 19.05 oz, 4-count",$16.99,,,4 ct,[],Many in stock,"https://www.instacart.com/image-server/197x197/filters:fill(FFF,true):format(jpg)/d2lnr5mha7bycj.cloudfront.net/product-image/file/large_22d6c05d-a8a3-4fb5-8055-c5cbad9c96ed.jpeg,"
Costco,"Kirkland Signature Italian Sausage and Beef Lasagna, 3 lbs, 2-count",$20.99,,,2 ct,[],Many in stock,"https://www.instacart.com/image-server/197x197/filters:fill(FFF,true):format(jpg)/d2lnr5mha7bycj.cloudfront.net/product-image/file/large_5366b28f-0c6e-4895-9423-ef97798922b6.jpeg,"
Costco,"Kirkland Signature Cauliflower Crust Pizza, Supreme, 2-count",$14.99,,,,['Gluten-Free'],Many in stock,"https://www.instacart.com/image-server/197x197/filters:fill(FFF,true):format(jpg)/d2lnr5mha7bycj.cloudfront.net/product-image/file/large_025d0425-9ea0-46cd-9511-d7ef8dc95acd.jpeg,"
Costco,"Ajinomoto Yakisoba with Vegetables, All Natural, 9 oz, 6-count",$17.99,,,6 ct,[],Many in stock,"https://www.instacart.com/image-server/197x197/filters:fill(FFF,true):format(jpg)/d2lnr5mha7bycj.cloudfront.net/product-image/file/large_174aca18-ff62-4e1a-885e-17d1b82c449c.jpeg,"
Costco,"Ajinomoto Shoyu Ramen, 268 g, 6-count",$21.99,,,,[],Many in stock,"https://www.instacart.com/image-server/197x197/filters:fill(FFF,true):format(jpg)/d2lnr5mha7bycj.cloudfront.net/product-image/file/large_eeb66ca2-8b6e-487f-8a45-efa9d57d0b33.jpeg,"
Costco,"Birds Eye Garlic Chicken, 63 oz",$12.99,,,,[],Many in stock,"https://www.instacart.com/image-server/197x197/filters:fill(FFF,true):format(jpg)/d2lnr5mha7bycj.cloudfront.net/product-image/file/large_1056294a-baa8-4d69-866e-497e3098e0b5.jpeg,"
Costco,"Authentic Motor City Pizza Co Detroit-Style Deep Dish Pizza, Double Pepperoni, 2-count",$15.99,,,2 ct,[],Many in stock,"https://www.instacart.com/image-server/197x197/filters:fill(FFF,true):format(jpg)/d2lnr5mha7bycj.cloudfront.net/product-image/file/large_a8c2d3c7-0a07-4e13-8bbe-3c53732a6725.jpeg,"
Costco,"Kirkland Signature Cheese Pizza, 4-count",$13.99,,,,[],Many in stock,"https://www.instacart.com/image-server/197x197/filters:fill(FFF,true):format(jpg)/d2lnr5mha7bycj.cloudfront.net/product-image/file/large_e744e3db-4d97-4c16-8032-b4b43dc3bc5e.jpeg,"
Costco,"Don Miguel Egg & Sausage Breakfast Burritos , 7 oz, 6 count",$14.99,,,,[],Many in stock,"https://www.instacart.com/image-server/197x197/filters:fill(FFF,true):format(jpg)/d2lnr5mha7bycj.cloudfront.net/product-image/file/large_abee7079-36bd-4935-bc39-4ebef1c0e1b0.jpeg,"
Costco,Ventera Nashville Style Hot Chicken,$25.03,/pkg (est.),$9.59 / lb,About 2.61 lb / package,[],,"https://www.instacart.com/image-server/197x197/filters:fill(FFF,true):format(jpg)/d2lnr5mha7bycj.cloudfront.net/product-image/file/large_49324deb-6fd2-4ec3-9f8b-5b69809c0342.jpeg,"
Costco,"The Falafel Company Beef Kebabs, 24 oz",$14.99,,,,[],,"https://www.instacart.com/image-server/197x197/filters:fill(FFF,true):format(jpg)/d2lnr5mha7bycj.cloudfront.net/product-image/file/large_7f3895f0-c26a-41b8-bb46-e39aa984682a.jpeg,"
Costco,"Snapdragon Chicken Pad Thai, 32 oz",$16.99,,,,[],Many in stock,"https://www.instacart.com/image-server/197x197/filters:fill(FFF,true):format(jpg)/d2lnr5mha7bycj.cloudfront.net/product-image/file/large_5b671cec-9873-42f6-9505-de9331f1543e.jpeg,"
Costco,"Heggies Pizza Sausage & Pepperoni, 2-count",$17.99,,,,[],Many in stock,"https://www.instacart.com/image-server/197x197/filters:fill(FFF,true):format(jpg)/d2lnr5mha7bycj.cloudfront.net/product-image/file/large_760b799d-e8e7-4bea-b354-ae03d42ac9fe.jpeg,"
Costco,"New York Select Amnon's Pizza, 36 oz, 8 count",$24.99,,,,[],Many in stock,"https://www.instacart.com/image-server/197x197/filters:fill(FFF,true):format(jpg)/d2lnr5mha7bycj.cloudfront.net/product-image/file/large_e16bf7c8-645a-474b-ba26-0992920c174c.jpeg,"
Costco,"Pierre Signatures Chicken Sandwiches, 6 oz, 6-count",$15.99,,,,[],Many in stock,"https://www.instacart.com/image-server/197x197/filters:fill(FFF,true):format(jpg)/d2lnr5mha7bycj.cloudfront.net/product-image/file/large_8416c927-6efb-4536-b49c-dc03a66e51cd.jpeg,"
Costco,"Beecher's ""World's Best"" Mac & Cheese, 46 oz",$18.99,,,,[],,"https://www.instacart.com/image-server/197x197/filters:fill(FFF,true):format(jpg)/d2lnr5mha7bycj.cloudfront.net/product-image/file/large_d780fc68-cbed-4a40-9075-5ba1fb70b179.jpeg,"
Costco,Ruprecht's Irish Stew,$24.13,/pkg (est.),$7.99 / lb,About 3.02 lb / package,[],,"https://www.instacart.com/image-server/197x197/filters:fill(FFF,true):format(jpg)/d2lnr5mha7bycj.cloudfront.net/product-image/file/large_08efdedd-b65a-44ef-b07e-a0a1bdeb64f6.jpeg,"
Costco,"Kirkland Signature Mini Chocolate Chip Cookies, 60-count",$11.99,,,,[],Many in stock,"https://www.instacart.com/image-server/197x197/filters:fill(FFF,true):format(jpg)/d2lnr5mha7bycj.cloudfront.net/product-image/file/large_9849d9f8-b25f-40fb-b554-ee820e95ffef.jpeg,"
Costco,"Kirkland Signature Gourmet Chocolate Chunk Cookies, 24-count",$11.99,,,,[],Many in stock,"https://www.instacart.com/image-server/197x197/filters:fill(FFF,true):format(jpg)/d2lnr5mha7bycj.cloudfront.net/product-image/file/large_d57b42a2-2fdb-4930-8494-0a8fcae86250.jpeg,"
Costco,"Kirkland Signature Variety Cookies, 24-count",$11.99,,,,[],Many in stock,"https://www.instacart.com/image-server/197x197/filters:fill(FFF,true):format(jpg)/d2lnr5mha7bycj.cloudfront.net/product-image/file/large_68fee5cd-e342-47c1-9ab4-7b3213be93ae.jpeg,"
Costco,Kirkland Signature Tuxedo Chocolate Mousse Cake,$20.99,,,1 each,[],Many in stock,"https://www.instacart.com/image-server/197x197/filters:fill(FFF,true):format(jpg)/d2lnr5mha7bycj.cloudfront.net/product-image/file/large_61464995-fecc-4b19-81be-5b2a9a58003e.jpeg,"
Costco,"Kirkland Signature 12"" Cheesecake",$23.99,,,1 each,[],Many in stock,"https://www.instacart.com/image-server/197x197/filters:fill(FFF,true):format(jpg)/d2lnr5mha7bycj.cloudfront.net/product-image/file/large_85d8c56d-89fe-4be9-89c3-71396abd6147.jpeg,"
Costco,"Kirkland Signature White Chocolate Cranberry Cookies, 24-count",$9.99,,,,[],Many in stock,"https://www.instacart.com/image-server/197x197/filters:fill(FFF,true):format(jpg)/d2lnr5mha7bycj.cloudfront.net/product-image/file/large_d29c2fe9-2744-4cf0-9990-90b2d90d5207.jpeg,"
Costco,"Bobo's Oat Bites, Variety Pack, 1.3 oz, 24-count",$15.99,,,24 ct,[],Many in stock,"https://www.instacart.com/image-server/197x197/filters:fill(FFF,true):format(jpg)/d2lnr5mha7bycj.cloudfront.net/product-image/file/large_3f2fe9bd-b4b4-4360-937e-5b3269d85441.jpeg,"
Costco,"Sugar Bowl Bakery, Petite Palmiers, 32 oz",$10.59,,,,[],,"https://www.instacart.com/image-server/197x197/filters:fill(FFF,true):format(jpg)/d2lnr5mha7bycj.cloudfront.net/product-image/file/large_4f633c10-7649-47e3-afb6-28426533bf76.jpeg,"
Costco,"Kirkland Signature 10"" White Cake with Vanilla Mousse",$19.99,,,1 each,[],Many in stock,"https://www.instacart.com/image-server/197x197/filters:fill(FFF,true):format(jpg)/d2lnr5mha7bycj.cloudfront.net/product-image/file/large_f7f869f4-c1bd-4f3b-8d47-47bfd6598c58.jpeg,"
Costco,"Jessica's Banana Nut Bread, 3 lbs",$13.99,,,,[],Many in stock,"https://www.instacart.com/image-server/197x197/filters:fill(FFF,true):format(jpg)/d2lnr5mha7bycj.cloudfront.net/product-image/file/large_ee286c02-06cb-40e8-a879-608fc5baad5f.jpeg,"
Costco,Kirkland Signature Caramel Flan,$18.99,,,,[],,"https://www.instacart.com/image-server/197x197/filters:fill(FFF,true):format(jpg)/d2lnr5mha7bycj.cloudfront.net/product-image/file/large_6c3fdc6f-80fe-483d-9f70-6299d7ea7c02.jpeg,"
Costco,Kirkland Signature Peanut Butter Chocolate Cream Pie,$24.99,,,,[],,"https://www.instacart.com/image-server/197x197/filters:fill(FFF,true):format(jpg)/d2lnr5mha7bycj.cloudfront.net/product-image/file/large_5077f675-7f5f-44ba-b35c-c9721c9c1ec0.jpeg,"
Costco,"Marie Morin Creme Brulee, 3.7 oz, 8-count",$12.99,,,8 ct,['Gluten-Free'],Many in stock,"https://www.instacart.com/image-server/197x197/filters:fill(FFF,true):format(jpg)/d2lnr5mha7bycj.cloudfront.net/product-image/file/large_7ff20a29-a216-4aca-a438-11bc60c0a7bb.jpeg,"
Costco,Kirkland Signature Lemon Meringue Cheesecake,$26.99,,,,[],,"https://www.instacart.com/image-server/197x197/filters:fill(FFF,true):format(jpg)/d2lnr5mha7bycj.cloudfront.net/product-image/file/large_8c6f6cb7-515c-4983-8cbc-1d99f0491be2.jpeg,"
Costco,"Marie Morin Caramel Flan, 4.6 oz, 8-count",$11.99,,,8 ct,[],Many in stock,"https://www.instacart.com/image-server/197x197/filters:fill(FFF,true):format(jpg)/d2lnr5mha7bycj.cloudfront.net/product-image/file/large_2878416d-bd9e-436f-a84c-9be4b6adb30e.jpeg,"
Costco,"Kirkland Signature 10"" Chocolate Cake Filled with Chocolate Mousse",$19.99,,,1 each,[],,"https://www.instacart.com/image-server/197x197/filters:fill(FFF,true):format(jpg)/d2lnr5mha7bycj.cloudfront.net/product-image/file/large_66672712-5fd6-4456-9510-03cf10263a22.jpeg,"
Costco,"Dessert Italiano Tiramisu Cups, 3 oz, 6 count",$14.99,,,6 ct,[],,"https://www.instacart.com/image-server/197x197/filters:fill(FFF,true):format(jpg)/d2lnr5mha7bycj.cloudfront.net/product-image/file/large_6bc6d308-eefb-4e9c-8b27-2fffac564536.jpeg,"
Costco,"Kirkland Signature Butter Pound Cake, 3-count",$11.99,,,,[],,"https://www.instacart.com/image-server/197x197/filters:fill(FFF,true):format(jpg)/d2lnr5mha7bycj.cloudfront.net/product-image/file/large_89b61159-3d27-4c52-9e97-6ec756ed26b8.jpeg,"
Costco,"Upper Crust Bakery Lemon Bites, 30 oz",$8.69,,,28 ct,[],,"https://www.instacart.com/image-server/197x197/filters:fill(FFF,true):format(jpg)/d2lnr5mha7bycj.cloudfront.net/product-image/file/large_35536d6b-0625-470f-b754-9ef5c36c21a6.jpeg,"
Costco,"Le Chic Patissier Macarons Variety, 16.5 oz",$14.99,,,,[],Many in stock,"https://www.instacart.com/image-server/197x197/filters:fill(FFF,true):format(jpg)/d2lnr5mha7bycj.cloudfront.net/product-image/file/large_9bfdbde3-1b21-4d1a-843e-7e788f68c238.jpeg,"
Costco,"Kirkland Signature Oatmeal Raisin Cookies, 24-count",$11.99,,,,[],,"https://www.instacart.com/image-server/197x197/filters:fill(FFF,true):format(jpg)/d2lnr5mha7bycj.cloudfront.net/product-image/file/large_6fe0c572-25ac-453e-a3c2-709fcb9f9efa.jpeg,"
Costco,"Kirkland Signature Mini Carrot Cakes with Cream Cheese Icing, 6-count",$11.99,,,,[],,"https://www.instacart.com/image-server/197x197/filters:fill(FFF,true):format(jpg)/d2lnr5mha7bycj.cloudfront.net/product-image/file/large_ed8c7012-84da-4505-9713-934ef70785ff.jpeg,"
Costco,"Donsuemor Traditional Madeleines, 28 oz",$10.99,,,,[],,"https://www.instacart.com/image-server/197x197/filters:fill(FFF,true):format(jpg)/d2lnr5mha7bycj.cloudfront.net/product-image/file/large_79c85eed-1601-4765-97fd-1801a702e03d.jpeg,"
Costco,"Mini Almond Cakes, 24-count, 21.16 oz",$10.99,,,,[],,"https://www.instacart.com/image-server/197x197/filters:fill(FFF,true):format(jpg)/d2lnr5mha7bycj.cloudfront.net/product-image/file/large_dc812145-abf8-4fe9-a27a-e699403979d7.jpeg,"
Costco,"Two-Bite Oreo Mini Cupcakes, .08 oz, 24-count",$7.49,,,,[],,"https://www.instacart.com/image-server/197x197/filters:fill(FFF,true):format(jpg)/d2lnr5mha7bycj.cloudfront.net/product-image/file/large_b51fe343-28d4-425c-addd-89d9a36e3ec2.jpeg,"
Costco,"Junior's Peanut Butter Cheesecake, 48 oz",$22.99,,,,[],,"https://www.instacart.com/image-server/197x197/filters:fill(FFF,true):format(jpg)/d2lnr5mha7bycj.cloudfront.net/product-image/file/large_775e646c-0fc8-4dc4-89d2-5df38896caf0.jpeg,"
Costco,"Jessica's Zuchini Walnut Bread, 3 lbs",$13.99,,,,[],,"https://www.instacart.com/image-server/197x197/filters:fill(FFF,true):format(jpg)/d2lnr5mha7bycj.cloudfront.net/product-image/file/large_deba51f4-4ea7-4ac8-9371-66f5a0fda684.jpeg,"
Costco,Kirkland Signature Strawberries and Cream Bar Cake,$23.99,,,,[],Likely out of stock,"https://www.instacart.com/image-server/197x197/filters:fill(FFF,true):format(jpg)/d2lnr5mha7bycj.cloudfront.net/product-image/file/large_f95b1fd9-00c7-4abe-8a06-781fbd70f42c.jpeg,"
Costco,"Kirkland Signature, Chicken Breast, 12.5 oz, 6-Count",$14.99,,,6 ct,[],Many in stock,"https://www.instacart.com/image-server/197x197/filters:fill(FFF,true):format(jpg)/d2lnr5mha7bycj.cloudfront.net/product-image/file/large_a8f5e181-709c-48ef-9793-a9b940efb552.jpeg,"
Costco,"Chicken of the Sea, Chunk Light Premium Tuna in Water, 7 oz, 12-Count",$18.99,,,12 ct,[],Many in stock,"https://www.instacart.com/image-server/197x197/filters:fill(FFF,true):format(jpg)/d2lnr5mha7bycj.cloudfront.net/product-image/file/large_a7855a80-9592-46ff-9d09-69f0a6dff377.jpeg,"
Costco,"Kirkland Signature, Albacore Solid White Tuna in Water, 7 oz, 8-Count",$19.99,,,,[],Many in stock,"https://www.instacart.com/image-server/197x197/filters:fill(FFF,true):format(jpg)/d2lnr5mha7bycj.cloudfront.net/product-image/file/large_64566fe9-816a-45e7-858e-039b3ba0c8e3.jpeg,"
Costco,"Del Monte, Canned Corn-Whole Kernel, 15.25 oz, 12-Count",$13.99,,,12 ct,[],Many in stock,"https://www.instacart.com/image-server/197x197/filters:fill(FFF,true):format(jpg)/d2lnr5mha7bycj.cloudfront.net/product-image/file/large_c99ac49c-883e-41e3-bf86-010451ca96e2.jpeg,"
Costco,"S&W, Organic Garbanzo Beans, 15.5 oz, 8-Count",$10.59,,,8 ct,['Organic'],,"https://www.instacart.com/image-server/197x197/filters:fill(FFF,true):format(jpg)/d2lnr5mha7bycj.cloudfront.net/product-image/file/large_b5343fb9-d4d0-44e0-a98b-2fc0a891d124.jpeg,"
Costco,"Kirkland Signature Sliced Peaches, 24 oz, 2-count",$15.59,,,4 ct,[],Many in stock,"https://www.instacart.com/image-server/197x197/filters:fill(FFF,true):format(jpg)/d2lnr5mha7bycj.cloudfront.net/product-image/file/large_355d3d35-a9f3-48a1-acc0-db3786624bd2.jpeg,"
Costco,"Kirkland Signature, Organic Diced Tomatoes, 14.5 oz, 8-Count",$10.99,,,8 ct,['Organic'],Many in stock,"https://www.instacart.com/image-server/197x197/filters:fill(FFF,true):format(jpg)/d2lnr5mha7bycj.cloudfront.net/product-image/file/large_4987df2f-18aa-48f8-9b8c-493713ca4cc6.jpeg,"
Costco,"Gogo Squeeze Fruit on the Go, Variety Pack, 3.2 oz, 48-count",$24.99,,,,[],Many in stock,"https://www.instacart.com/image-server/197x197/filters:fill(FFF,true):format(jpg)/d2lnr5mha7bycj.cloudfront.net/product-image/file/large_e4a222c0-f0d7-4955-bc2b-511b012f23c5.jpeg,"
Costco,"Kirkland Signature, Organic Tomato Sauce, 15 oz, 12-Count",$14.99,,,12 ct,['Organic'],Many in stock,"https://www.instacart.com/image-server/197x197/filters:fill(FFF,true):format(jpg)/d2lnr5mha7bycj.cloudfront.net/product-image/file/large_7320ab44-f70d-4ccc-85ff-9cd70597cf1b.jpeg,"
Costco,"Marie Callender's Angus Beef Chili with Beans, 15 oz, 8-count",$15.59,,,,[],Many in stock,"https://www.instacart.com/image-server/197x197/filters:fill(FFF,true):format(jpg)/d2lnr5mha7bycj.cloudfront.net/product-image/file/large_704d9d6b-b134-4a4f-9c52-37117b79db87.jpeg,"
Costco,"Kirkland Signature Artichoke Hearts, 33 oz, 2-count",$13.99,,,2 ct,[],Many in stock,"https://www.instacart.com/image-server/197x197/filters:fill(FFF,true):format(jpg)/d2lnr5mha7bycj.cloudfront.net/product-image/file/large_8c751f3c-9966-4311-bc07-f0b57afbbd0d.jpeg,"
Costco,"GoGo SqueeZ, Organic Applesauce, Variety Pack, 3.2 oz, 28-Count",$20.99,,,,['Organic'],Many in stock,"https://www.instacart.com/image-server/197x197/filters:fill(FFF,true):format(jpg)/d2lnr5mha7bycj.cloudfront.net/product-image/file/large_c8b7c7ce-8c37-4dd2-9642-0c23ebea8aaf.jpeg,"
Costco,"Spam 25% Less Sodium, 12 oz, 8-Count",$27.99,,,8 ct,[],Many in stock,"https://www.instacart.com/image-server/197x197/filters:fill(FFF,true):format(jpg)/d2lnr5mha7bycj.cloudfront.net/product-image/file/large_70ee1a34-3814-4376-acaf-ddec4c3285ad.jpeg,"
Costco,"505 Southwestern Flame Roasted Green Chile, 40 oz",$10.99,,,,[],Many in stock,"https://www.instacart.com/image-server/197x197/filters:fill(FFF,true):format(jpg)/d2lnr5mha7bycj.cloudfront.net/product-image/file/large_dcf55776-3984-4cc2-b393-75a3deea9ccb.jpeg,"
Costco,"Mott's, Organic Apple Sauce, 3.9 oz, 36-Count",$19.99,,,36 ct,['Organic'],,"https://www.instacart.com/image-server/197x197/filters:fill(FFF,true):format(jpg)/d2lnr5mha7bycj.cloudfront.net/product-image/file/large_78129586-e75a-475c-a5fd-1097f4ce3530.jpeg,"
Costco,"Season, Skinless & Boneless Sardines In Olive Oil, 4.375 oz, 6-Count",$13.99,,,6 ct,[],Many in stock,"https://www.instacart.com/image-server/197x197/filters:fill(FFF,true):format(jpg)/d2lnr5mha7bycj.cloudfront.net/product-image/file/large_247fa3e2-9af3-4608-b32b-7a3bceb9e133.jpeg,"
Costco,"Kirkland Signature, Wild Alaskan Pink Salmon, 6 oz, 6-Count",$18.99,,,6 ct,[],Many in stock,"https://www.instacart.com/image-server/197x197/filters:fill(FFF,true):format(jpg)/d2lnr5mha7bycj.cloudfront.net/product-image/file/large_56f9ac95-e239-4216-85a2-5859ed30996a.jpeg,"
Costco,"Kirkland Signature, Organic Tomato Paste, 6 oz, 12-Count",$10.99,,,12 ct,['Organic'],Many in stock,"https://www.instacart.com/image-server/197x197/filters:fill(FFF,true):format(jpg)/d2lnr5mha7bycj.cloudfront.net/product-image/file/large_55336a07-11f0-4279-b3a3-49c6859fcf8b.jpeg,"
Costco,"Safe Catch Ahi Wild Yellowfin Tuna Steaks, 6-count, 5 oz cans",$15.99,,,6 ct,[],Many in stock,"https://www.instacart.com/image-server/197x197/filters:fill(FFF,true):format(jpg)/d2lnr5mha7bycj.cloudfront.net/product-image/file/large_e536460b-ca02-4006-a76d-53f2ed14c02a.jpeg,"
Costco,"Gefen Organic Beets, 17.6 oz, 3-count",$8.69,,,3 ct,['Organic'],,"https://www.instacart.com/image-server/197x197/filters:fill(FFF,true):format(jpg)/d2lnr5mha7bycj.cloudfront.net/product-image/file/large_38c256a9-e124-4206-8c02-49537f7403ec.jpeg,"
Costco,"Bush's Baked Beans, 16.5 oz, 8-count",$12.99,,,,[],Many in stock,"https://www.instacart.com/image-server/197x197/filters:fill(FFF,true):format(jpg)/d2lnr5mha7bycj.cloudfront.net/product-image/file/large_dba31a98-51b4-4bd3-b0a6-44bf88a70ce9.jpeg,"
Costco,"Wild Planet, Albacore Wilda Tuna, 5 oz, 6-Count",$19.99,,,6 ct,[],Many in stock,"https://www.instacart.com/image-server/197x197/filters:fill(FFF,true):format(jpg)/d2lnr5mha7bycj.cloudfront.net/product-image/file/large_1e8f584a-f242-4cbb-867e-948eee5a6e1e.jpeg,"
Costco,"Rotel Diced Tomatoes & Green Chilies, Original, 10 oz, 8 count",$8.99,,,8 ct,[],Many in stock,"https://www.instacart.com/image-server/197x197/filters:fill(FFF,true):format(jpg)/d2lnr5mha7bycj.cloudfront.net/product-image/file/large_f4c621eb-7c30-4b4e-8007-42dd2ce7a4e1.jpeg,"
Costco,"Bella Sun Luci Sun Dried Tomatoes In Olive Oil & Italian Herbs, 35 oz",$14.99,,,,[],Many in stock,"https://www.instacart.com/image-server/197x197/filters:fill(FFF,true):format(jpg)/d2lnr5mha7bycj.cloudfront.net/product-image/file/large_8288d4c5-c8bb-4302-b1b2-43182da4dbd1.jpeg,"
Costco,"Fabbri Amarena Wild Cherries in Syrup, 35.2 oz",$23.99,,,,[],,"https://www.instacart.com/image-server/197x197/filters:fill(FFF,true):format(jpg)/d2lnr5mha7bycj.cloudfront.net/product-image/file/large_fe9d5e1a-41bc-4470-96ac-07d630c71461.jpeg,"
Costco,"Nina Peeled Tomatoes, 6 lbs 10 oz",$7.49,,,,[],Many in stock,"https://www.instacart.com/image-server/197x197/filters:fill(FFF,true):format(jpg)/d2lnr5mha7bycj.cloudfront.net/product-image/file/large_e7676886-9a23-477c-adc4-cdefdb0ae113.jpeg,"
Costco,"Kirkland Signature San Marzano Whole Peeled Tomatoes, 28 oz, 3-count",$15.99,,,3 ct,[],,"https://www.instacart.com/image-server/197x197/filters:fill(FFF,true):format(jpg)/d2lnr5mha7bycj.cloudfront.net/product-image/file/large_0b7f07cc-3ff3-446e-bfdf-591a8eaad5be.jpeg,"
Costco,"Poshi Marinated Artichoke, 1.58 oz, 12-count",$15.99,,,,[],,"https://www.instacart.com/image-server/197x197/filters:fill(FFF,true):format(jpg)/d2lnr5mha7bycj.cloudfront.net/product-image/file/large_51e917f8-6210-4551-8c08-857097c32fea.jpeg,"
Costco,"Vita Perfect Catch Wild Herring, 32 oz",$8.99,,,,[],,"https://www.instacart.com/image-server/197x197/filters:fill(FFF,true):format(jpg)/d2lnr5mha7bycj.cloudfront.net/product-image/file/large_00e3e853-429c-49bf-ba2f-ea8eba947da4.jpeg,"
Costco,"Frontera Organic Refried Beans Cans, 16 oz, 8-count",$14.99,,,,['Organic'],Many in stock,"https://www.instacart.com/image-server/197x197/filters:fill(FFF,true):format(jpg)/d2lnr5mha7bycj.cloudfront.net/product-image/file/large_1b76758d-655d-4bdd-9e7b-a0e123143253.jpeg,"
