Store,Item Name,Price,Units,Unit Price,Amount,Tags,In Stock,Image
DavesMarkets,Banana,$0.32,each (est.),$0.69 / lb,About 0.47 lb each,[],,"https://www.instacart.com/image-server/197x197/filters:fill(FFF,true):format(jpg)/d2lnr5mha7bycj.cloudfront.net/product-image/file/large_d85da0df-7f4a-4a8c-b066-b7bbfd871f70.jpg,"
DavesMarkets,Red Seedless Grapes,$4.39,/lb,,/lb,[],Many in stock,"https://www.instacart.com/image-server/197x197/filters:fill(FFF,true):format(jpg)/d2lnr5mha7bycj.cloudfront.net/product-image/file/large_4f1e62a9-3d61-4f5f-8f71-f51d61cf8cec.jpg,"
DavesMarkets,Lemon,$0.89,,,,[],Many in stock,"https://www.instacart.com/image-server/197x197/filters:fill(FFF,true):format(jpg)/d2lnr5mha7bycj.cloudfront.net/product-image/file/large_86387158-32f9-4d2c-9fbc-01852aa880f9.jpg,"
DavesMarkets,Hass Avocado,$1.69,,,1 ct,[],Many in stock,"https://www.instacart.com/image-server/197x197/filters:fill(FFF,true):format(jpg)/d2lnr5mha7bycj.cloudfront.net/product-image/file/large_09ff3801-efef-43e6-a14b-6dc55a3fe4c8.jpg,"
DavesMarkets,Limes,$0.89,,,,[],Many in stock,"https://www.instacart.com/image-server/197x197/filters:fill(FFF,true):format(jpg)/d2lnr5mha7bycj.cloudfront.net/product-image/file/large_42bb0e57-f304-4375-984a-01f3ba6ddb8f.jpg,"
DavesMarkets,White Seedless Grapes,$4.39,/lb,,/lb,[],,"https://www.instacart.com/image-server/197x197/filters:fill(FFF,true):format(jpg)/d2lnr5mha7bycj.cloudfront.net/product-image/file/large_28a8dd52-2302-4528-a19e-2d93dc6b2249.jpg,"
DavesMarkets,Red Seedless Grapes Bunch,$4.39,/lb,,/lb,[],Many in stock,"https://www.instacart.com/image-server/197x197/filters:fill(FFF,true):format(jpg)/d2lnr5mha7bycj.cloudfront.net/product-image/file/large_72e63be6-78e1-4a34-a2bd-e504df80c6b9.jpg,"
DavesMarkets,Strawberries,$4.39,,,16 oz,[],,"https://www.instacart.com/image-server/197x197/filters:fill(FFF,true):format(jpg)/d2lnr5mha7bycj.cloudfront.net/product-image/file/large_352ecf81-962e-4886-8c06-db9151b50d59.jpg,"
DavesMarkets,Organic Bananas,$0.37,each (est.),$0.99 / lb,About 0.37 lb each,"['Organic', 'Non-GMO']",,"https://www.instacart.com/image-server/197x197/filters:fill(FFF,true):format(jpg)/d2lnr5mha7bycj.cloudfront.net/product-image/file/large_7418ae1d-6990-4e22-9f8e-2b7a18fd0013.jpg,"
DavesMarkets,Original price: $6.59,$4.39,,,"Original price: $6.59
$6.59",[],,"https://www.instacart.com/image-server/197x197/filters:fill(FFF,true):format(jpg)/d2lnr5mha7bycj.cloudfront.net/product-image/file/large_25d2dd77-6056-4b20-b472-0856d70a2ecb.jpg,"
DavesMarkets,Cotton Candy Grapes,$5.49,/lb,,/lb,[],,"https://www.instacart.com/image-server/197x197/filters:fill(FFF,true):format(jpg)/d2lnr5mha7bycj.cloudfront.net/product-image/file/large_b246a46c-bce8-4a98-b367-60aefe3fd7b0.jpg,"
DavesMarkets,Blueberries,$4.39,,,11 oz,[],,"https://www.instacart.com/image-server/197x197/filters:fill(FFF,true):format(jpg)/d2lnr5mha7bycj.cloudfront.net/product-image/file/large_4ea9d844-b5f8-4b59-9b84-e1c0b62d19e3.png,"
DavesMarkets,Red Mango,$2.19,,,,[],,"https://www.instacart.com/image-server/197x197/filters:fill(FFF,true):format(jpg)/d2lnr5mha7bycj.cloudfront.net/product-image/file/large_ed03fbed-7cc0-48b1-a3e8-decaa6513178.jpg,"
DavesMarkets,Green Banana,$0.28,each (est.),$0.69 / lb,About 0.41 lb each,['Organic'],,"https://www.instacart.com/image-server/197x197/filters:fill(FFF,true):format(jpg)/d2lnr5mha7bycj.cloudfront.net/product-image/file/large_09ee2cb6-6f1a-42aa-8718-67333c525783.jpg,"
DavesMarkets,Florida Avocado,$3.29,,,,[],,"https://www.instacart.com/image-server/197x197/filters:fill(FFF,true):format(jpg)/d2lnr5mha7bycj.cloudfront.net/product-image/file/large_22f3252b-e750-49c4-a647-cd250fb05b3e.jpg,"
DavesMarkets,Honeycrisp Apple,$5.49,,,3 lb bag,[],,"https://www.instacart.com/image-server/197x197/filters:fill(FFF,true):format(jpg)/d2lnr5mha7bycj.cloudfront.net/product-image/file/large_435e9e41-4ab8-44ab-8822-396392e53694.jpg,"
DavesMarkets,Plantain,$0.89,each (est.),$1.69 / lb,About 0.53 lb each,[],,"https://www.instacart.com/image-server/197x197/filters:fill(FFF,true):format(jpg)/d2lnr5mha7bycj.cloudfront.net/product-image/file/large_a1ae4407-67e1-44d5-aa66-b8caddd16361.jpg,"
DavesMarkets,Foxy Strawberries,$4.39,,,1 ct,[],,"https://www.instacart.com/image-server/197x197/filters:fill(FFF,true):format(jpg)/d2lnr5mha7bycj.cloudfront.net/product-image/file/large_46ed5baa-012f-4706-8ca2-d7ece8c4f949.png,"
DavesMarkets,Pink Grapefruit,$1.69,,,1 ct,[],Many in stock,"https://www.instacart.com/image-server/197x197/filters:fill(FFF,true):format(jpg)/d2lnr5mha7bycj.cloudfront.net/product-image/file/large_dc72b2c4-605a-4dd8-a341-614dbe9f76b5.jpg,"
DavesMarkets,Gala Apple,$1.50,each (est.),$2.79 / lb,About 0.54 lb each,[],,"https://www.instacart.com/image-server/197x197/filters:fill(FFF,true):format(jpg)/d2lnr5mha7bycj.cloudfront.net/product-image/file/large_66b4805e-a886-4a85-8c7f-be4afb629f7b.jpg,"
DavesMarkets,Avocado,$1.69,,,,[],Many in stock,"https://www.instacart.com/image-server/197x197/filters:fill(FFF,true):format(jpg)/d2lnr5mha7bycj.cloudfront.net/product-image/file/large_0bbdc77c-9d52-4909-8bd4-86eb6938621b.jpg,"
DavesMarkets,Burnham Orchards Blackberries,$4.39,,,0.5 pt,[],,"https://www.instacart.com/image-server/197x197/filters:fill(FFF,true):format(jpg)/d1s8987jlndkbs.cloudfront.net/assets/missing-item-4bbe82b8555e4d1c12626fd482cb2409713e8e30835645ff3650ef66a725d03c.png,"
DavesMarkets,Blueberries,$4.39,,,1 Container,[],,"https://www.instacart.com/image-server/197x197/filters:fill(FFF,true):format(jpg)/d2lnr5mha7bycj.cloudfront.net/product-image/file/large_286366a4-0e02-45cd-bcc8-e2909b2b41de.jpg,"
DavesMarkets,Organic Lemon,$6.59,,,1 ct,"['Organic', 'Non-GMO']",,"https://www.instacart.com/image-server/197x197/filters:fill(FFF,true):format(jpg)/d2lnr5mha7bycj.cloudfront.net/product-image/file/large_086f8f9c-4431-40a5-8f5b-41ef5bb7ca92.jpg,"
DavesMarkets,Watermelon,$4.39,,,1 lb,[],,"https://www.instacart.com/image-server/197x197/filters:fill(FFF,true):format(jpg)/d2lnr5mha7bycj.cloudfront.net/product-image/file/large_5e87f965-707f-4911-a099-c327e3b642c8.jpg,"
DavesMarkets,Golden Delicious Apple,$1.36,each (est.),$2.79 / lb,About 0.49 lb each,[],,"https://www.instacart.com/image-server/197x197/filters:fill(FFF,true):format(jpg)/d2lnr5mha7bycj.cloudfront.net/product-image/file/large_e13957c8-4769-4f9a-ba56-880d9ce4f8ae.jpg,"
DavesMarkets,Broadway Joe Mixed Fruit Assortment,$6.59,/lb,,/lb,[],,"https://www.instacart.com/image-server/197x197/filters:fill(FFF,true):format(jpg)/d1s8987jlndkbs.cloudfront.net/assets/missing-item-4bbe82b8555e4d1c12626fd482cb2409713e8e30835645ff3650ef66a725d03c.png,"
DavesMarkets,Driscoll's Blackberries,$4.39,,,6 oz container,[],,"https://www.instacart.com/image-server/197x197/filters:fill(FFF,true):format(jpg)/d2lnr5mha7bycj.cloudfront.net/product-image/file/large_c37d3dac-5bf4-42f0-85e3-13ef581301fc.jpg,"
DavesMarkets,Original price: $6.59,$4.39,,,1.4 kg,[],,"https://www.instacart.com/image-server/197x197/filters:fill(FFF,true):format(jpg)/d1s8987jlndkbs.cloudfront.net/assets/missing-item-4bbe82b8555e4d1c12626fd482cb2409713e8e30835645ff3650ef66a725d03c.png,"
DavesMarkets,Original price: $6.59,$4.39,,,3 lb box,[],,"https://www.instacart.com/image-server/197x197/filters:fill(FFF,true):format(jpg)/d2lnr5mha7bycj.cloudfront.net/product-image/file/large_13115c7c-081e-4013-90ad-19eb8059e796.jpg,"
DavesMarkets,Red Grapes,$3.29,/lb,,/lb,[],Many in stock,"https://www.instacart.com/image-server/197x197/filters:fill(FFF,true):format(jpg)/d2lnr5mha7bycj.cloudfront.net/product-image/file/large_df21f925-4691-4f9d-97a6-040b0dd79be9.jpg,"
DavesMarkets,Original price: $6.59,$4.39,,,3 lb,[],,"https://www.instacart.com/image-server/197x197/filters:fill(FFF,true):format(jpg)/d1s8987jlndkbs.cloudfront.net/assets/missing-item-4bbe82b8555e4d1c12626fd482cb2409713e8e30835645ff3650ef66a725d03c.png,"
DavesMarkets,Fuji Apple,$1.30,each (est.),$2.19 / lb,About 0.59 lb each,[],,"https://www.instacart.com/image-server/197x197/filters:fill(FFF,true):format(jpg)/d2lnr5mha7bycj.cloudfront.net/product-image/file/large_daedc2bb-883b-42cd-9c4f-31ff0abc5c81.jpg,"
DavesMarkets,Navel Orange,$6.59,,,,[],Many in stock,"https://www.instacart.com/image-server/197x197/filters:fill(FFF,true):format(jpg)/d2lnr5mha7bycj.cloudfront.net/product-image/file/large_f511cc86-b9c1-4848-ad58-283f98883f1b.jpg,"
DavesMarkets,Granny Smith Apple,$1.50,each (est.),$2.79 / lb,About 0.54 lb each,[],,"https://www.instacart.com/image-server/197x197/filters:fill(FFF,true):format(jpg)/d2lnr5mha7bycj.cloudfront.net/product-image/file/large_c95973fb-6b73-45f8-975d-5cabeec59322.jpg,"
DavesMarkets,Broadway Joe Small Cantaloupe Honeydew Watermelon Melon Mix,$6.59,/lb,,/lb,[],,"https://www.instacart.com/image-server/197x197/filters:fill(FFF,true):format(jpg)/d1s8987jlndkbs.cloudfront.net/assets/missing-item-4bbe82b8555e4d1c12626fd482cb2409713e8e30835645ff3650ef66a725d03c.png,"
DavesMarkets,Honeycrisp Apple,$1.46,each (est.),$2.19 / lb,About 0.67 lb each,[],,"https://www.instacart.com/image-server/197x197/filters:fill(FFF,true):format(jpg)/d2lnr5mha7bycj.cloudfront.net/product-image/file/large_15b5c75b-39c0-466e-98bd-f70c04f07e80.jpg,"
DavesMarkets,Organic Honeycrisp Apple,$1.77,each (est.),$3.29 / lb,About 0.54 lb each,"['Non-GMO', 'Organic']",,"https://www.instacart.com/image-server/197x197/filters:fill(FFF,true):format(jpg)/d2lnr5mha7bycj.cloudfront.net/product-image/file/large_378c9d02-4f04-413d-994f-7d873985e569.jpg,"
DavesMarkets,Jumbo Packed Ground Beef,$5.09,/lb,,/lb,[],,"https://www.instacart.com/image-server/197x197/filters:fill(FFF,true):format(jpg)/d2lnr5mha7bycj.cloudfront.net/product-image/file/large_921a92ed-3419-41fd-9a80-79e4a3079fd2.jpg,"
DavesMarkets,Chicken Tenders,$5.49,/lb,,/lb,['Breast'],,"https://www.instacart.com/image-server/197x197/filters:fill(FFF,true):format(jpg)/d2lnr5mha7bycj.cloudfront.net/product-image/file/large_8c852464-f591-46fe-a060-5e0ceafa3a8e.jpg,"
DavesMarkets,Original price: $26.39,$24.19,,,5 L,"['Light-Bodied', 'Dry']",,"https://www.instacart.com/image-server/197x197/filters:fill(FFF,true):format(jpg)/d2lnr5mha7bycj.cloudfront.net/product-image/file/large_e1ac4801-b9b6-4f38-bc71-4c88c300337b.jpg,"
DavesMarkets,Ritz Fresh Stacks Original Crackers,$5.49,,,8 x 1.48 oz,[],,"https://www.instacart.com/image-server/197x197/filters:fill(FFF,true):format(jpg)/d2lnr5mha7bycj.cloudfront.net/product-image/file/large_2f87bf55-29b3-44fc-a625-f37c626ab5b2.jpg,"
DavesMarkets,King's Hawaiian Original Hawaiian Sweet Rolls 12PK,$5.49,,,12 x 1 oz,[],,"https://www.instacart.com/image-server/197x197/filters:fill(FFF,true):format(jpg)/d2lnr5mha7bycj.cloudfront.net/product-image/file/large_ad78fdda-d405-4935-b0ce-977942d8fc41.jpg,"
DavesMarkets,Farm Fresh 2% Reduced Fat Milk,$3.29,,,1 gal,[],,"https://www.instacart.com/image-server/197x197/filters:fill(FFF,true):format(jpg)/d2lnr5mha7bycj.cloudfront.net/product-image/file/large_b828f044-12b1-49c2-bffb-4baeb91cc2b7.jpg,"
DavesMarkets,Original price: $5.49,$4.39,,,12 x 3 oz,[],,"https://www.instacart.com/image-server/197x197/filters:fill(FFF,true):format(jpg)/d2lnr5mha7bycj.cloudfront.net/product-image/file/large_2eb07735-7fc7-4937-b4fc-8d7130ac34e7.png,"
DavesMarkets,"Deep Indian Kitchen Chicken Tikka Masala, Medium Spice",$8.79,,,9 oz,['Gluten-Free'],,"https://www.instacart.com/image-server/197x197/filters:fill(FFF,true):format(jpg)/d2lnr5mha7bycj.cloudfront.net/product-image/file/large_6ff7c3bb-2622-4deb-a3b0-5fac924fcfd4.png,"
DavesMarkets,"Celsius Sparkling Watermelon, Energy Drink",$2.79,,,12 fl oz,['Zero Sugar'],,"https://www.instacart.com/image-server/197x197/filters:fill(FFF,true):format(jpg)/d2lnr5mha7bycj.cloudfront.net/product-image/file/large_f13c2093-43ab-4770-b679-dd298321a86d.jpg,"
DavesMarkets,"George's Chicken Wing, Sections",$18.69,,,64 oz,[],,"https://www.instacart.com/image-server/197x197/filters:fill(FFF,true):format(jpg)/d2lnr5mha7bycj.cloudfront.net/product-image/file/large_8346baa3-026c-4903-9d78-ff6a3cb85928.png,"
DavesMarkets,Pureau Ultra - Purified Water,$4.39,,,24 x 16.9 fl oz,[],,"https://www.instacart.com/image-server/197x197/filters:fill(FFF,true):format(jpg)/d2lnr5mha7bycj.cloudfront.net/product-image/file/large_2df54011-22d3-4363-a2c1-3282a4d50f49.jpg,"
DavesMarkets,Dave's White Bread,$2.19,,,20 oz,[],Many in stock,"https://www.instacart.com/image-server/197x197/filters:fill(FFF,true):format(jpg)/d2lnr5mha7bycj.cloudfront.net/product-image/file/large_ed4c0d90-7aca-49d5-b400-37a62b2dc1a1.jpg,"
DavesMarkets,Suja Organic Ginger Love Cold-Pressed Juice 1,$4.39,,,12 fl oz,['Organic'],,"https://www.instacart.com/image-server/197x197/filters:fill(FFF,true):format(jpg)/d2lnr5mha7bycj.cloudfront.net/product-image/file/large_2ce6961a-95a6-4a5b-bd68-1c423269c8e3.jpg,"
DavesMarkets,TYLENOL Extra Strength Caplets With 500 Mg Acetaminophen,$6.59,,,24 ct,['FSA/HSA'],,"https://www.instacart.com/image-server/197x197/filters:fill(FFF,true):format(jpg)/d2lnr5mha7bycj.cloudfront.net/product-image/file/large_8be4aa7e-824c-44b1-82d7-5045f825ce57.jpg,"
DavesMarkets,Original price: $2.99,$2.59,,,59 fl oz • 3 options,[],,"https://www.instacart.com/image-server/197x197/filters:fill(FFF,true):format(jpg)/d2lnr5mha7bycj.cloudfront.net/product-image/file/large_6f6de70d-54b3-4929-b9e8-2a8cde7eb10a.jpg,"
DavesMarkets,Sauder's Eggs Large White Eggs,$3.69,,,12 ct,[],,"https://www.instacart.com/image-server/197x197/filters:fill(FFF,true):format(jpg)/d2lnr5mha7bycj.cloudfront.net/product-image/file/large_5a219a2e-e88b-4203-9da3-c424b5f21cf3.jpg,"
DavesMarkets,Food Club Petite Broccoli Florets,$3.29,,,16 oz,[],,"https://www.instacart.com/image-server/197x197/filters:fill(FFF,true):format(jpg)/d2lnr5mha7bycj.cloudfront.net/product-image/file/large_bd98ac77-1c9f-4bb3-bbd9-2ab94a69aec7.png,"
DavesMarkets,Stouffer's Macaroni & Cheese Frozen Meal,$5.49,,,12 oz,[],,"https://www.instacart.com/image-server/197x197/filters:fill(FFF,true):format(jpg)/d2lnr5mha7bycj.cloudfront.net/product-image/file/large_74cbb5a1-3633-4459-b319-d26051db25e1.jpg,"
DavesMarkets,Planters Honey Roasted Mixed Nuts,$8.79,,,10 oz,[],,"https://www.instacart.com/image-server/197x197/filters:fill(FFF,true):format(jpg)/d2lnr5mha7bycj.cloudfront.net/product-image/file/large_97c640af-e728-4fa8-90a2-1a4378b7f937.jpg,"
DavesMarkets,Original price: $5.19,$4.79,,,1 pt,[],,"https://www.instacart.com/image-server/197x197/filters:fill(FFF,true):format(jpg)/d2lnr5mha7bycj.cloudfront.net/product-image/file/large_0764ed83-9b8c-48c8-955e-539604df21db.png,"
DavesMarkets,Red Onion,$1.53,each (est.),$2.19 / lb,About 0.7 lb each,[],,"https://www.instacart.com/image-server/197x197/filters:fill(FFF,true):format(jpg)/d2lnr5mha7bycj.cloudfront.net/product-image/file/large_01ad8efc-cdc1-4503-b80e-94851b480230.jpg,"
DavesMarkets,Food Club Spring Water,$5.49,,,24 x 16.9 fl oz,[],Many in stock,"https://www.instacart.com/image-server/197x197/filters:fill(FFF,true):format(jpg)/d2lnr5mha7bycj.cloudfront.net/product-image/file/large_bf3fa714-3005-49f4-9532-249202646f42.JPG,"
DavesMarkets,Original price: $6.09,$4.39,,,52 fl oz,[],,"https://www.instacart.com/image-server/197x197/filters:fill(FFF,true):format(jpg)/d2lnr5mha7bycj.cloudfront.net/product-image/file/large_fdcc103e-47f9-41d0-88b8-56aa4e04e969.jpg,"
DavesMarkets,Original price: $4.39,$3.29,,,8 x 0.78 oz,['Gluten-Free'],,"https://www.instacart.com/image-server/197x197/filters:fill(FFF,true):format(jpg)/d2lnr5mha7bycj.cloudfront.net/product-image/file/large_58466151-28c5-4193-8d37-e73e05205eeb.jpg,"
DavesMarkets,Original price: $13.19,$11.59,,,10 ct,[],,"https://www.instacart.com/image-server/197x197/filters:fill(FFF,true):format(jpg)/d2lnr5mha7bycj.cloudfront.net/product-image/file/large_e422dc54-cecd-482a-b193-94b3f935304c.jpg,"
DavesMarkets,Original price: $3.69,$3.29,,,8 oz,['Keto'],,"https://www.instacart.com/image-server/197x197/filters:fill(FFF,true):format(jpg)/d2lnr5mha7bycj.cloudfront.net/product-image/file/large_c48ae80c-2ff5-4a74-9ba3-6b8a620413c6.png,"
DavesMarkets,Original price: $3.89,$3.79,/lb,,"/lb
Original price: $3.89
$3.89",['Chops'],,"https://www.instacart.com/image-server/197x197/filters:fill(FFF,true):format(jpg)/d2lnr5mha7bycj.cloudfront.net/product-image/file/large_f5355ec1-f626-4cae-b277-4209590fd9fb.jpg,"
DavesMarkets,Original price: $20.89,$19.79,,,12 Pack,['Gluten-Free'],,"https://www.instacart.com/image-server/197x197/filters:fill(FFF,true):format(jpg)/d2lnr5mha7bycj.cloudfront.net/product-image/file/large_0f65f939-6a5d-4263-b97f-e37f006531fe.jpg,"
DavesMarkets,Chicken of the Sea Pink Salmon,$5.49,,,14.75 oz,[],,"https://www.instacart.com/image-server/197x197/filters:fill(FFF,true):format(jpg)/d2lnr5mha7bycj.cloudfront.net/product-image/file/large_c3f81c2e-575e-449f-81e7-34d085861883.png,"
DavesMarkets,Canada Dry Ginger Ale,$9.89,,,12 x 12 fl oz • 4 options,[],,"https://www.instacart.com/image-server/197x197/filters:fill(FFF,true):format(jpg)/d2lnr5mha7bycj.cloudfront.net/product-image/file/large_f40d5265-801a-447b-822b-57e899a75ba1.png,"
DavesMarkets,Hillshire Farm Beef Smoked Sausage,$5.49,,,12 oz,[],,"https://www.instacart.com/image-server/197x197/filters:fill(FFF,true):format(jpg)/d2lnr5mha7bycj.cloudfront.net/product-image/file/large_751e591e-4e14-49e4-9830-c1f905955081.jpg,"
DavesMarkets,Original price: $8.79,$7.69,/lb,,"/lb
Original price: $8.79
$8.79",['Roast'],,"https://www.instacart.com/image-server/197x197/filters:fill(FFF,true):format(jpg)/d2lnr5mha7bycj.cloudfront.net/product-image/file/large_7444500f-532e-44da-b687-aa81f49da234.jpg,"
DavesMarkets,Jennie-O Fresh Ground Turkey,$6.09,,,16 oz,[],,"https://www.instacart.com/image-server/197x197/filters:fill(FFF,true):format(jpg)/d2lnr5mha7bycj.cloudfront.net/product-image/file/large_98fba83b-26f9-4ecc-9ed8-82ca9f26c420.jpg,"
DavesMarkets,Original price: $17.59,$15.39,,,12 Pack,[],Many in stock,"https://www.instacart.com/image-server/197x197/filters:fill(FFF,true):format(jpg)/d2lnr5mha7bycj.cloudfront.net/product-image/file/large_4718a805-f293-4d8e-9a85-d0e289d10417.png,"
DavesMarkets,Original price: $5.49,$4.39,,,8 ct,[],,"https://www.instacart.com/image-server/197x197/filters:fill(FFF,true):format(jpg)/d2lnr5mha7bycj.cloudfront.net/product-image/file/large_1ac16597-4b87-4fbd-ab0a-788114e0b2be.png,"
DavesMarkets,Cinnamon Toast Crunch Breakfast Cereal,$6.59,,,12 oz,['Whole Grain'],,"https://www.instacart.com/image-server/197x197/filters:fill(FFF,true):format(jpg)/d2lnr5mha7bycj.cloudfront.net/product-image/file/large_6b35f52d-628d-4215-a996-42df93fd8cb4.png,"
DavesMarkets,Lipton Tea Bags Black Tea,$6.59,,,100 ct,[],,"https://www.instacart.com/image-server/197x197/filters:fill(FFF,true):format(jpg)/d2lnr5mha7bycj.cloudfront.net/product-image/file/large_49705147-5822-478a-8f1e-bcd92f6420d3.jpg,"
DavesMarkets,Original price: $4.09,$3.89,,,16 oz,[],,"https://www.instacart.com/image-server/197x197/filters:fill(FFF,true):format(jpg)/d2lnr5mha7bycj.cloudfront.net/product-image/file/large_3eed3100-5e7a-4a66-9380-05a786702414.jpg,"
DavesMarkets,Heluva Good! French Onion Dip,$3.29,,,12 oz,[],,"https://www.instacart.com/image-server/197x197/filters:fill(FFF,true):format(jpg)/d2lnr5mha7bycj.cloudfront.net/product-image/file/large_70dccdd5-fd4c-4ced-a27b-9c7103e23aa1.jpg,"
DavesMarkets,Original price: $15.39,$10.99,,,1 gal,[],,"https://www.instacart.com/image-server/197x197/filters:fill(FFF,true):format(jpg)/d2lnr5mha7bycj.cloudfront.net/product-image/file/large_8b1f71ce-6c06-43b7-822c-d247974b1339.png,"
DavesMarkets,Mission Super Soft Soft Taco Flour Tortillas,$4.39,,,10 ct,[],,"https://www.instacart.com/image-server/197x197/filters:fill(FFF,true):format(jpg)/d2lnr5mha7bycj.cloudfront.net/product-image/file/large_6fdc69a7-f605-4d6c-94ea-1ef33a699dce.jpg,"
DavesMarkets,Original price: $12.09,$10.99,,,6 Pack,['Gluten-Free'],,"https://www.instacart.com/image-server/197x197/filters:fill(FFF,true):format(jpg)/d2lnr5mha7bycj.cloudfront.net/product-image/file/large_2a0c2ff6-52a9-4ad0-a1b9-d78bfba17878.png,"
DavesMarkets,Lunchables Turkey & American Cheese Cracker Stackers Kids Lunch Snack Meal Kit & Capri Sun,$3.79,,,8.9 oz,[],,"https://www.instacart.com/image-server/197x197/filters:fill(FFF,true):format(jpg)/d2lnr5mha7bycj.cloudfront.net/product-image/file/large_6e018395-fa3d-41fa-abd0-4f3f387ca96f.jpg,"
DavesMarkets,"Hillshire Farm Ultra Thin Sliced Lunchmeat, Honey Roasted Turkey",$7.19,,,9 oz,[],,"https://www.instacart.com/image-server/197x197/filters:fill(FFF,true):format(jpg)/d2lnr5mha7bycj.cloudfront.net/product-image/file/large_5e7c2975-cf9b-4b8b-8c17-9674df9ea377.jpg,"
DavesMarkets,"Checkers & Rally's Fries, Famous, Seasoned",$7.29,,,28 oz,[],,"https://www.instacart.com/image-server/197x197/filters:fill(FFF,true):format(jpg)/d2lnr5mha7bycj.cloudfront.net/product-image/file/large_9a6c9062-8fb9-4f04-84f5-0dbcb94151dc.png,"
DavesMarkets,Original price: $4.09,$3.29,,,14 oz,[],Likely out of stock,"https://www.instacart.com/image-server/197x197/filters:fill(FFF,true):format(jpg)/d2lnr5mha7bycj.cloudfront.net/product-image/file/large_b057d4c7-f2ff-49fc-9512-a9b5584c9cc6.png,"
DavesMarkets,Original price: $10.99,$10.29,,,8 x 20 fl oz • 3 options,[],,"https://www.instacart.com/image-server/197x197/filters:fill(FFF,true):format(jpg)/d2lnr5mha7bycj.cloudfront.net/product-image/file/large_49adb5f9-6438-483d-b4dd-4d7c1facc366.png,"
DavesMarkets,Drano Max Gel Clog Remover,$6.59,,,32 fl oz,[],,"https://www.instacart.com/image-server/197x197/filters:fill(FFF,true):format(jpg)/d2lnr5mha7bycj.cloudfront.net/product-image/file/large_471b870c-10a3-4efa-a7e9-e9d462f9ad82.jpg,"
DavesMarkets,Oscar Mayer Real Bacon Bits,$3.99,,,3 oz,[],,"https://www.instacart.com/image-server/197x197/filters:fill(FFF,true):format(jpg)/d2lnr5mha7bycj.cloudfront.net/product-image/file/large_63dfe506-8093-4190-8b52-f1b1d1bec781.jpg,"
DavesMarkets,Ensure Original Nutrition Shake Vanilla Ready-to-Drink Bottles,$17.59,,,6 x 8 fl oz,[],,"https://www.instacart.com/image-server/197x197/filters:fill(FFF,true):format(jpg)/d2lnr5mha7bycj.cloudfront.net/product-image/file/large_edc1daff-de64-429d-a485-fb59ff3d5306.jpg,"
DavesMarkets,Danimals Strawberry Explosion Dairy Drink Multi-Pack Smoothie Bottles,$5.49,,,6 x 3.1 fl oz,[],,"https://www.instacart.com/image-server/197x197/filters:fill(FFF,true):format(jpg)/d2lnr5mha7bycj.cloudfront.net/product-image/file/large_69be7e43-dfc7-4284-a511-e4de9570f902.jpg,"
DavesMarkets,Original price: $7.39,$7.19,,,8 fl oz,['FSA/HSA'],,"https://www.instacart.com/image-server/197x197/filters:fill(FFF,true):format(jpg)/d2lnr5mha7bycj.cloudfront.net/product-image/file/large_65a2b27e-0225-4bdb-a0f1-d8ba2f6d7fdb.png,"
DavesMarkets,Red Baron Deep Dish Singles Pepperoni Pizzas,$5.89,,,11.2 oz,[],,"https://www.instacart.com/image-server/197x197/filters:fill(FFF,true):format(jpg)/d2lnr5mha7bycj.cloudfront.net/product-image/file/large_aeb4895e-b46e-4712-b0da-0ab119d5205a.jpg,"
DavesMarkets,Original price: $4.19,$3.89,,,20 oz,[],,"https://www.instacart.com/image-server/197x197/filters:fill(FFF,true):format(jpg)/d2lnr5mha7bycj.cloudfront.net/product-image/file/large_d34be4b6-d0cd-443b-b425-0d86ee576a49.jpg,"
DavesMarkets,Heinz Tomato Ketchup,$4.99,,,20 oz,[],,"https://www.instacart.com/image-server/197x197/filters:fill(FFF,true):format(jpg)/d2lnr5mha7bycj.cloudfront.net/product-image/file/large_01b297ae-8fd8-4439-b88e-2e8298536bd9.jpg,"
DavesMarkets,Original price: $15.39,$9.89,,,750 ml,"['Very Sweet', 'Full-Bodied']",,"https://www.instacart.com/image-server/197x197/filters:fill(FFF,true):format(jpg)/d2lnr5mha7bycj.cloudfront.net/product-image/file/large_85548b0e-6db9-4a48-b8ea-c1a1ddce0b76.png,"
DavesMarkets,Thomas’ Plain Bagels,$6.09,,,6 ct,[],Many in stock,"https://www.instacart.com/image-server/197x197/filters:fill(FFF,true):format(jpg)/d2lnr5mha7bycj.cloudfront.net/product-image/file/large_98defcfb-8f1c-456a-8b8f-dfa3cf493180.jpg,"
DavesMarkets,Original price: $12.09,$8.79,,750 ml,"Notes of apple, peach, and jasmine",['Semi-Dry'],,"https://www.instacart.com/image-server/197x197/filters:fill(FFF,true):format(jpg)/d2lnr5mha7bycj.cloudfront.net/product-image/file/large_91406268-03bf-4a04-8c56-42f9716c2a16.png,"
DavesMarkets,Pepsi Soda - Pack,$10.29,,,12 x 12 fl oz • 5 options,[],,"https://www.instacart.com/image-server/197x197/filters:fill(FFF,true):format(jpg)/d2lnr5mha7bycj.cloudfront.net/product-image/file/large_acdb2dab-0a4e-486b-8758-ada8f2e89bcd.png,"
DavesMarkets,VELVEETA Shells & Cheese Original Mac & Cheese Meal,$4.99,,,12 oz,[],,"https://www.instacart.com/image-server/197x197/filters:fill(FFF,true):format(jpg)/d2lnr5mha7bycj.cloudfront.net/product-image/file/large_e3b4976a-5ee7-4571-9054-472560485bec.jpg,"
DavesMarkets,Mug Root Beer Soda - Pack,$10.29,,,12 x 12 fl oz,[],,"https://www.instacart.com/image-server/197x197/filters:fill(FFF,true):format(jpg)/d2lnr5mha7bycj.cloudfront.net/product-image/file/large_fa47d7da-c4f1-43f7-8d19-5e6bfb8256ec.png,"
DavesMarkets,"Pine-Sol All Purpose Multi-Surface Cleaner, Original Pine",$6.09,,,40 oz,[],,"https://www.instacart.com/image-server/197x197/filters:fill(FFF,true):format(jpg)/d2lnr5mha7bycj.cloudfront.net/product-image/file/large_22047979-d37a-422c-a539-71ccef9742ff.jpg,"
DavesMarkets,Huggies Natural Care Aloe & Vitamin E Baby Wipes,$3.29,,,56 ct,[],,"https://www.instacart.com/image-server/197x197/filters:fill(FFF,true):format(jpg)/d2lnr5mha7bycj.cloudfront.net/product-image/file/large_9d299507-6994-4a2c-9f0b-8a48c3e1be54.png,"
DavesMarkets,"Gain Liquid Laundry Detergent, Original Scent",$9.89,,,46 fl oz,['Original'],,"https://www.instacart.com/image-server/197x197/filters:fill(FFF,true):format(jpg)/d2lnr5mha7bycj.cloudfront.net/product-image/file/large_8be6635d-9c9e-48f0-b861-f2d45340469c.png,"
DavesMarkets,Original price: $30.79,$21.99,,3 L,"Notes of currant, oak, vanilla, blackberry, and chocolate","['Medium-Bodied', 'Dry']",,"https://www.instacart.com/image-server/197x197/filters:fill(FFF,true):format(jpg)/d2lnr5mha7bycj.cloudfront.net/product-image/file/large_34bf710c-c501-4c51-be39-3e3405dc2ebc.png,"
DavesMarkets,"Tostitos Chunky Salsa, Mild",$5.09,,,15.5 oz,[],,"https://www.instacart.com/image-server/197x197/filters:fill(FFF,true):format(jpg)/d2lnr5mha7bycj.cloudfront.net/product-image/file/large_fe08fa3b-90f9-4bed-8059-9c523698e54f.png,"
DavesMarkets,M&M's Peanut Milk Chocolate Sharing Size Resealable,$7.19,,,10.05 oz,[],,"https://www.instacart.com/image-server/197x197/filters:fill(FFF,true):format(jpg)/d2lnr5mha7bycj.cloudfront.net/product-image/file/large_2da47ad5-2f4d-4367-a579-af0f2cd7ddab.jpg,"
DavesMarkets,McCormick® All Natural Pure Vanilla Extract,$7.19,,,1 fl oz,['Gluten-Free'],,"https://www.instacart.com/image-server/197x197/filters:fill(FFF,true):format(jpg)/d2lnr5mha7bycj.cloudfront.net/product-image/file/large_7a31cb2d-4610-4eaf-a655-5a475460500c.jpg,"
DavesMarkets,"bubly Sparkling Water, Lime - Pack",$5.49,,,8 x 12 fl oz,"['Zero Calories', 'Zero Sugar']",,"https://www.instacart.com/image-server/197x197/filters:fill(FFF,true):format(jpg)/d2lnr5mha7bycj.cloudfront.net/product-image/file/large_90e00aeb-5ca9-44ab-868b-374e06cac6eb.png,"
DavesMarkets,Fritos Jalapeno & Cheddar Flavored Cheese Dip,$4.39,,,9 oz,[],,"https://www.instacart.com/image-server/197x197/filters:fill(FFF,true):format(jpg)/d2lnr5mha7bycj.cloudfront.net/product-image/file/large_40cf0eed-f6a1-4403-9815-1e355ab6d422.png,"
DavesMarkets,Success Ten Minute Boil-in-Bag White Rice,$4.39,,,14 oz,[],Many in stock,"https://www.instacart.com/image-server/197x197/filters:fill(FFF,true):format(jpg)/d2lnr5mha7bycj.cloudfront.net/product-image/file/large_efb6889e-b98f-4379-a6b9-ed73340db3b9.png,"
DavesMarkets,Febreze Odor-Fighting Air Freshener Linen & Sky,$4.39,,,8.8 fl oz,[],,"https://www.instacart.com/image-server/197x197/filters:fill(FFF,true):format(jpg)/d2lnr5mha7bycj.cloudfront.net/product-image/file/large_1f24642b-5339-45cf-b7a9-8424bf27a355.png,"
DavesMarkets,Original price: $2.79,$2.19,,,8 oz bag,[],Many in stock,"https://www.instacart.com/image-server/197x197/filters:fill(FFF,true):format(jpg)/d2lnr5mha7bycj.cloudfront.net/product-image/file/large_3e4ab555-70d5-4d02-a1be-691faace6b2a.png,"
DavesMarkets,Roma Tomato,$0.77,each (est.),$2.19 / lb,About 0.35 lb each,[],,"https://www.instacart.com/image-server/197x197/filters:fill(FFF,true):format(jpg)/d2lnr5mha7bycj.cloudfront.net/product-image/file/large_3d1c36ab-4b8c-4b4c-b8f6-7c63e939e53d.jpg,"
DavesMarkets,Yellow Onion,$2.44,each (est.),$2.09 / lb,About 1.17 lb each,[],,"https://www.instacart.com/image-server/197x197/filters:fill(FFF,true):format(jpg)/d2lnr5mha7bycj.cloudfront.net/product-image/file/large_c52783e5-46ee-4c38-b0a0-6e792b9fe497.jpg,"
DavesMarkets,Gourmet Garden™ Lightly Dried Cilantro,$5.49,,,0.35 oz container,"['Non-GMO', 'Organic']",Many in stock,"https://www.instacart.com/image-server/197x197/filters:fill(FFF,true):format(jpg)/d2lnr5mha7bycj.cloudfront.net/product-image/file/large_21761ddb-265d-4494-a01b-15fe044b2fab.jpg,"
DavesMarkets,Red Bell Pepper,$2.63,each (est.),$4.39 / lb,About 0.6 lb each,[],,"https://www.instacart.com/image-server/197x197/filters:fill(FFF,true):format(jpg)/d2lnr5mha7bycj.cloudfront.net/product-image/file/large_91e6ebd6-fb26-4320-bc37-2003de8b54ce.jpg,"
DavesMarkets,Sweet Onion,$2.26,each (est.),$2.09 / lb,About 1.08 lb each,[],,"https://www.instacart.com/image-server/197x197/filters:fill(FFF,true):format(jpg)/d2lnr5mha7bycj.cloudfront.net/product-image/file/large_cebc4e90-bfb2-462c-9b78-fe5770d20416.jpg,"
DavesMarkets,Green Cabbage,$3.66,each (est.),$1.09 / lb,About 3.36 lb each,[],,"https://www.instacart.com/image-server/197x197/filters:fill(FFF,true):format(jpg)/d2lnr5mha7bycj.cloudfront.net/product-image/file/large_848473e2-7418-4f10-a154-a14531b9eb02.jpg,"
DavesMarkets,Gourmet Garden™ Lightly Dried Basil,$5.49,,,0.4 oz,[],Many in stock,"https://www.instacart.com/image-server/197x197/filters:fill(FFF,true):format(jpg)/d2lnr5mha7bycj.cloudfront.net/product-image/file/large_9b63f128-c888-49c2-9a8d-053644b886cd.jpg,"
DavesMarkets,Cilantro Bunch,$1.09,,,1 bunch,[],Many in stock,"https://www.instacart.com/image-server/197x197/filters:fill(FFF,true):format(jpg)/d2lnr5mha7bycj.cloudfront.net/product-image/file/large_6deb475e-057d-4334-a104-a258d764f494.jpg,"
DavesMarkets,Asparagus,$3.29,/lb,,/lb,['In season'],Many in stock,"https://www.instacart.com/image-server/197x197/filters:fill(FFF,true):format(jpg)/d2lnr5mha7bycj.cloudfront.net/product-image/file/large_8d89cd38-6e96-4402-864e-55f9fa126b43.jpg,"
DavesMarkets,Green Onions (Scallions) Bunch,$1.69,,,per lb,[],Many in stock,"https://www.instacart.com/image-server/197x197/filters:fill(FFF,true):format(jpg)/d2lnr5mha7bycj.cloudfront.net/product-image/file/large_1078b6b8-f905-4e82-bb5d-f2d613bfa162.jpg,"
DavesMarkets,Bolthouse Farms Baby Carrots,$2.19,,,16 oz,[],Many in stock,"https://www.instacart.com/image-server/197x197/filters:fill(FFF,true):format(jpg)/d2lnr5mha7bycj.cloudfront.net/product-image/file/large_969b31a7-2fe7-42c2-aac3-0fcf77563df3.jpg,"
DavesMarkets,Ginger Root,$1.78,each (est.),$5.49 / lb,About 0.33 lb each,[],,"https://www.instacart.com/image-server/197x197/filters:fill(FFF,true):format(jpg)/d2lnr5mha7bycj.cloudfront.net/product-image/file/large_88ed1125-47b4-4d35-ba4a-640a82d865cd.jpg,"
DavesMarkets,Tomato,$1.74,each (est.),$3.29 / lb,About 0.53 lb each,[],,"https://www.instacart.com/image-server/197x197/filters:fill(FFF,true):format(jpg)/d2lnr5mha7bycj.cloudfront.net/product-image/file/large_5319d10e-1707-4d6f-9f56-08c84c84e69d.jpg,"
DavesMarkets,Green Onions (Scallions),$1.69,,,1 bunch,[],Many in stock,"https://www.instacart.com/image-server/197x197/filters:fill(FFF,true):format(jpg)/d2lnr5mha7bycj.cloudfront.net/product-image/file/large_52f86e5a-a448-4186-b726-2e6f506a5a4a.jpg,"
DavesMarkets,Original price: $1.25,$0.83,each (est.),$2.19 / lb,About 0.38 lb each,[],,"https://www.instacart.com/image-server/197x197/filters:fill(FFF,true):format(jpg)/d2lnr5mha7bycj.cloudfront.net/product-image/file/large_75068ae6-6ba0-4376-af36-ef1b01b7b608.jpg,"
DavesMarkets,Yellow Bell Pepper,$2.63,each (est.),$4.39 / lb,About 0.6 lb each,[],,"https://www.instacart.com/image-server/197x197/filters:fill(FFF,true):format(jpg)/d2lnr5mha7bycj.cloudfront.net/product-image/file/large_4fdf8171-7dae-458a-a500-ae2969af48fd.jpg,"
DavesMarkets,Red B Potatoes,$1.99,/lb,,/lb,[],,"https://www.instacart.com/image-server/197x197/filters:fill(FFF,true):format(jpg)/d2lnr5mha7bycj.cloudfront.net/product-image/file/large_ee675b59-8805-4cf7-8b8f-35a9fa1bcf9f.jpg,"
DavesMarkets,Romaine Lettuce,$4.96,each (est.),$4.39 / lb,About 1.13 lb each,[],,"https://www.instacart.com/image-server/197x197/filters:fill(FFF,true):format(jpg)/d2lnr5mha7bycj.cloudfront.net/product-image/file/large_b149f8f0-0d2e-4d83-9c2e-4230db09130b.jpg,"
DavesMarkets,Fresh Express Iceberg Garden Salad Blend,$2.19,,,12 oz bag,[],Many in stock,"https://www.instacart.com/image-server/197x197/filters:fill(FFF,true):format(jpg)/d2lnr5mha7bycj.cloudfront.net/product-image/file/large_43727a3d-6985-43d1-a629-65d0fae3991b.png,"
DavesMarkets,Celery,$2.19,,,,[],Many in stock,"https://www.instacart.com/image-server/197x197/filters:fill(FFF,true):format(jpg)/d2lnr5mha7bycj.cloudfront.net/product-image/file/large_16407a67-0bab-4e18-8cbf-9ae3cf18b983.jpg,"
DavesMarkets,Giorgio Fresh Baby Bella Mushrooms,$3.89,,,10 oz container,['In season'],,"https://www.instacart.com/image-server/197x197/filters:fill(FFF,true):format(jpg)/d2lnr5mha7bycj.cloudfront.net/product-image/file/large_0a188bea-da82-4cc5-a9c0-e28427cfc5e7.JPG,"
DavesMarkets,Orange Bell Pepper,$2.46,each (est.),$4.39 / lb,About 0.56 lb each,[],,"https://www.instacart.com/image-server/197x197/filters:fill(FFF,true):format(jpg)/d2lnr5mha7bycj.cloudfront.net/product-image/file/large_ecc30501-1c03-4ef0-8a2f-cecfef1549e9.jpg,"
DavesMarkets,Yellow Sweet Corn Package,$3.89,,,3 count container,[],,"https://www.instacart.com/image-server/197x197/filters:fill(FFF,true):format(jpg)/d2lnr5mha7bycj.cloudfront.net/product-image/file/large_86780a6a-827d-4b62-820e-2c8472c50f00.jpg,"
DavesMarkets,"Nature's Greens Cilantro, Not Packed",$1.09,,,1 ct,[],Many in stock,"https://www.instacart.com/image-server/197x197/filters:fill(FFF,true):format(jpg)/d2lnr5mha7bycj.cloudfront.net/product-image/file/large_87436d5e-6501-4304-9ab7-fc740a41c439.JPEG,"
DavesMarkets,Fresh Express Spinach,$3.29,,,8 oz,['Non-GMO'],,"https://www.instacart.com/image-server/197x197/filters:fill(FFF,true):format(jpg)/d2lnr5mha7bycj.cloudfront.net/product-image/file/large_75851ff4-4438-4046-ad82-e2186d49a00e.png,"
DavesMarkets,Celery,$2.19,,,24 count bag,[],,"https://www.instacart.com/image-server/197x197/filters:fill(FFF,true):format(jpg)/d2lnr5mha7bycj.cloudfront.net/product-image/file/large_79e81668-9fce-43dc-a2e9-c2e74a214168.jpg,"
DavesMarkets,Jalapeno Pepper,$0.66,/pkg (est.),$4.39 / lb,About 0.15 lb / package,[],,"https://www.instacart.com/image-server/197x197/filters:fill(FFF,true):format(jpg)/d2lnr5mha7bycj.cloudfront.net/product-image/file/large_74cea424-2ceb-469b-9f34-17b3a745917a.jpg,"
DavesMarkets,Iceberg Lettuce,$2.19,,,,[],Many in stock,"https://www.instacart.com/image-server/197x197/filters:fill(FFF,true):format(jpg)/d2lnr5mha7bycj.cloudfront.net/product-image/file/large_3ea38082-38f8-41f8-a6fc-0c4ed481c040.jpg,"
DavesMarkets,Original price: $1.31,$1.01,each (est.),$1.69 / lb,About 0.6 lb each,[],,"https://www.instacart.com/image-server/197x197/filters:fill(FFF,true):format(jpg)/d2lnr5mha7bycj.cloudfront.net/product-image/file/large_63fd3c1e-9349-487e-a819-31cf44203603.jpg,"
DavesMarkets,Green Tomato,$1.74,each (est.),$3.29 / lb,About 0.53 lb each,[],,"https://www.instacart.com/image-server/197x197/filters:fill(FFF,true):format(jpg)/d2lnr5mha7bycj.cloudfront.net/product-image/file/large_26c758a9-67ae-4e87-8c91-f130dc1a49b3.jpg,"
DavesMarkets,Dole Idaho Potato Microwave Ready,$2.19,,,8 oz,[],,"https://www.instacart.com/image-server/197x197/filters:fill(FFF,true):format(jpg)/d2lnr5mha7bycj.cloudfront.net/product-image/file/large_b4acbe6e-25fc-4049-8276-fc548f81262d.jpg,"
DavesMarkets,Golden West Vegetable Celery,$2.19,,,30 ct,[],Many in stock,"https://www.instacart.com/image-server/197x197/filters:fill(FFF,true):format(jpg)/d1s8987jlndkbs.cloudfront.net/assets/missing-item-4bbe82b8555e4d1c12626fd482cb2409713e8e30835645ff3650ef66a725d03c.png,"
DavesMarkets,Celery Sleeve,$2.19,,,,[],,"https://www.instacart.com/image-server/197x197/filters:fill(FFF,true):format(jpg)/d1s8987jlndkbs.cloudfront.net/assets/missing-item-4bbe82b8555e4d1c12626fd482cb2409713e8e30835645ff3650ef66a725d03c.png,"
DavesMarkets,Green Beans,$2.79,/lb,,/lb,[],Many in stock,"https://www.instacart.com/image-server/197x197/filters:fill(FFF,true):format(jpg)/d2lnr5mha7bycj.cloudfront.net/product-image/file/large_a74ecbde-eb59-4af4-8ba0-60d241f9d2a5.jpg,"
DavesMarkets,Yellow Sweet Corn,$1.09,,,1 each,[],,"https://www.instacart.com/image-server/197x197/filters:fill(FFF,true):format(jpg)/d1s8987jlndkbs.cloudfront.net/assets/missing-item-4bbe82b8555e4d1c12626fd482cb2409713e8e30835645ff3650ef66a725d03c.png,"
DavesMarkets,Original price: $1.41,$1.09,each (est.),$1.69 / lb,About 0.65 lb each,[],,"https://www.instacart.com/image-server/197x197/filters:fill(FFF,true):format(jpg)/d2lnr5mha7bycj.cloudfront.net/product-image/file/large_942e82f8-be5d-4179-be03-e39f123c7fe8.jpg,"
DavesMarkets,Russet Potatoes,$6.59,,,10 lb,[],,"https://www.instacart.com/image-server/197x197/filters:fill(FFF,true):format(jpg)/d2lnr5mha7bycj.cloudfront.net/product-image/file/large_e0d1bf16-391c-4054-bce9-6bd4a936bb04.jpg,"
DavesMarkets,"Robinson Fresh Collard, Greens",$3.29,,,16 oz,[],,"https://www.instacart.com/image-server/197x197/filters:fill(FFF,true):format(jpg)/d2lnr5mha7bycj.cloudfront.net/product-image/file/large_529d05a7-4870-42c1-989d-8725ea0513e5.png,"
DavesMarkets,Greens Collard,$2.19,/lb,,/lb,[],Many in stock,"https://www.instacart.com/image-server/197x197/filters:fill(FFF,true):format(jpg)/d2lnr5mha7bycj.cloudfront.net/product-image/file/large_2602c02a-00e8-458e-93d2-00ed14b739fe.jpg,"
DavesMarkets,"Fresh Express Salad, Leafy Green Romaine, Crunchy Blends",$4.39,,,9 oz,[],,"https://www.instacart.com/image-server/197x197/filters:fill(FFF,true):format(jpg)/d2lnr5mha7bycj.cloudfront.net/product-image/file/large_f1375b10-409b-41eb-bc24-4a0a8bd47c58.png,"
DavesMarkets,Little Debbie Strawberry Shortcake Rolls,$3.09,,,6 ct,[],Many in stock,"https://www.instacart.com/image-server/197x197/filters:fill(FFF,true):format(jpg)/d2lnr5mha7bycj.cloudfront.net/product-image/file/large_ff3a9a25-1bb2-44da-832d-90a01c1f6215.png,"
DavesMarkets,"General Mills Fruit Flavored Snacks, Fruit Fusion Assorted Flavors, Variety Pack",$6.09,,,5.1 oz,['Gluten-Free'],,"https://www.instacart.com/image-server/197x197/filters:fill(FFF,true):format(jpg)/d2lnr5mha7bycj.cloudfront.net/product-image/file/large_a5976692-8e27-415a-bb87-b39a9161b335.png,"
DavesMarkets,Little Debbie Nutty Bars,$3.09,,,12 x 1 oz,[],,"https://www.instacart.com/image-server/197x197/filters:fill(FFF,true):format(jpg)/d2lnr5mha7bycj.cloudfront.net/product-image/file/large_dc85abaa-3b95-4563-943e-186d91e59b8e.png,"
DavesMarkets,Oreo Mini Chocolate Sandwich Cookies Snacks,$9.39,,,12 ct,[],,"https://www.instacart.com/image-server/197x197/filters:fill(FFF,true):format(jpg)/d2lnr5mha7bycj.cloudfront.net/product-image/file/large_ffef14e4-9d73-4dbd-820e-c58a5e2db850.jpg,"
DavesMarkets,Original price: $4.39,$3.89,,,10.75 oz,[],,"https://www.instacart.com/image-server/197x197/filters:fill(FFF,true):format(jpg)/d2lnr5mha7bycj.cloudfront.net/product-image/file/large_bac95faf-db97-4a9d-a9ab-2c290083075c.jpg,"
DavesMarkets,Original price: $5.49,$5.19,,,8 oz,"['Gluten-Free', 'Vegan']",,"https://www.instacart.com/image-server/197x197/filters:fill(FFF,true):format(jpg)/d2lnr5mha7bycj.cloudfront.net/product-image/file/large_8d41cdb7-9340-4032-9042-0f6f63ba111a.png,"
DavesMarkets,"Little Debbie Donuts, Powdered, Mini",$2.89,,,10 oz,[],,"https://www.instacart.com/image-server/197x197/filters:fill(FFF,true):format(jpg)/d2lnr5mha7bycj.cloudfront.net/product-image/file/large_d0385d00-5ef7-4c11-9a61-9b23d0636617.png,"
DavesMarkets,"Oreo Chocolate Sandwich Cookies, Snacks",$9.39,,,12 ct,[],,"https://www.instacart.com/image-server/197x197/filters:fill(FFF,true):format(jpg)/d2lnr5mha7bycj.cloudfront.net/product-image/file/large_372e348f-d343-4c26-b091-d50f505576b7.jpg,"
DavesMarkets,Original price: $4.39,$3.89,,,10.5 oz,[],,"https://www.instacart.com/image-server/197x197/filters:fill(FFF,true):format(jpg)/d2lnr5mha7bycj.cloudfront.net/product-image/file/large_cf4ae471-e03e-4e5a-981b-0b594c04c712.jpg,"
DavesMarkets,MUNCHOS Potato Crisps,$3.29,,,4.25 oz,[],,"https://www.instacart.com/image-server/197x197/filters:fill(FFF,true):format(jpg)/d2lnr5mha7bycj.cloudfront.net/product-image/file/large_d9e749dd-5074-464b-a2f3-c84e53e46795.png,"
DavesMarkets,Gushers Tropical and Strawberry Fruit Flavored Snacks,$6.09,,,4.8 oz,['Gluten-Free'],,"https://www.instacart.com/image-server/197x197/filters:fill(FFF,true):format(jpg)/d2lnr5mha7bycj.cloudfront.net/product-image/file/large_8dfe7f0a-8d5f-4b00-8441-45393ea51c0e.png,"
DavesMarkets,Original price: $7.69,$7.19,,,27 oz,[],,"https://www.instacart.com/image-server/197x197/filters:fill(FFF,true):format(jpg)/d2lnr5mha7bycj.cloudfront.net/product-image/file/large_86268f78-af40-4ee6-9417-2c3ed6f8c947.jpg,"
DavesMarkets,Entenmann's Classic Rich Frosted Donuts,$7.29,,,8 ct,[],,"https://www.instacart.com/image-server/197x197/filters:fill(FFF,true):format(jpg)/d2lnr5mha7bycj.cloudfront.net/product-image/file/large_aaeb89fc-51ec-4256-85e4-54607a64ac29.png,"
DavesMarkets,Original price: $6.99,$6.39,,,9.25 oz,[],,"https://www.instacart.com/image-server/197x197/filters:fill(FFF,true):format(jpg)/d2lnr5mha7bycj.cloudfront.net/product-image/file/large_0c8c6fca-ea87-41ca-8a04-5e58e4f01a6e.png,"
DavesMarkets,Tate's Bake Shop Chocolate Chip Cookies,$7.19,,,7 oz,[],,"https://www.instacart.com/image-server/197x197/filters:fill(FFF,true):format(jpg)/d2lnr5mha7bycj.cloudfront.net/product-image/file/large_35cbf99b-98d1-46ea-86e7-8d2622f4fe13.jpg,"
DavesMarkets,Entenmann's Soft'ees Variety Pack Donuts,$8.09,,,12 ct,[],,"https://www.instacart.com/image-server/197x197/filters:fill(FFF,true):format(jpg)/d2lnr5mha7bycj.cloudfront.net/product-image/file/large_7a72e562-9ac4-4f43-9d56-408b406df9b8.png,"
DavesMarkets,"Chester's Corn Snacks, Flamin' Hot Flavored, Fries",$0.69,,,1 oz,['Gluten-Free'],,"https://www.instacart.com/image-server/197x197/filters:fill(FFF,true):format(jpg)/d2lnr5mha7bycj.cloudfront.net/product-image/file/large_ac6fb7ba-a843-42cb-99f6-931806937afb.png,"
DavesMarkets,Original price: $6.09,$5.49,,,11.5 oz,[],,"https://www.instacart.com/image-server/197x197/filters:fill(FFF,true):format(jpg)/d2lnr5mha7bycj.cloudfront.net/product-image/file/large_e3b2e2a3-ed21-4668-9d3e-934df59c7632.png,"
DavesMarkets,Original price: $7.69,$7.19,,,26 oz,[],,"https://www.instacart.com/image-server/197x197/filters:fill(FFF,true):format(jpg)/d2lnr5mha7bycj.cloudfront.net/product-image/file/large_b7d41a98-f808-4b81-871b-9f42e2d76f65.jpg,"
DavesMarkets,Original price: $5.89,$5.49,,,8 ct,[],,"https://www.instacart.com/image-server/197x197/filters:fill(FFF,true):format(jpg)/d2lnr5mha7bycj.cloudfront.net/product-image/file/large_14aa21fb-5caf-4324-9874-285b1e36decb.jpg,"
DavesMarkets,Original price: $6.09,$5.49,,,11.2 oz,[],Many in stock,"https://www.instacart.com/image-server/197x197/filters:fill(FFF,true):format(jpg)/d2lnr5mha7bycj.cloudfront.net/product-image/file/large_90a93263-469d-4674-8f30-66b4269b57d7.png,"
DavesMarkets,Original price: $5.89,$5.49,,,10 ct,[],,"https://www.instacart.com/image-server/197x197/filters:fill(FFF,true):format(jpg)/d2lnr5mha7bycj.cloudfront.net/product-image/file/large_e68e0a16-baf4-4dfb-b816-c653008da699.jpg,"
DavesMarkets,Original price: $6.59,$5.29,,,18 oz,[],,"https://www.instacart.com/image-server/197x197/filters:fill(FFF,true):format(jpg)/d2lnr5mha7bycj.cloudfront.net/product-image/file/large_6e7ed80b-bd4b-4a38-9603-72d6b9e1c3f8.jpg,"
DavesMarkets,Original price: $5.49,$4.99,,,16 oz,[],,"https://www.instacart.com/image-server/197x197/filters:fill(FFF,true):format(jpg)/d2lnr5mha7bycj.cloudfront.net/product-image/file/large_5ab4be16-a452-493e-b5ff-7a2f762d395e.jpg,"
DavesMarkets,Original price: $4.39,$3.89,,,9.5 oz,[],,"https://www.instacart.com/image-server/197x197/filters:fill(FFF,true):format(jpg)/d2lnr5mha7bycj.cloudfront.net/product-image/file/large_0372c611-9577-4be3-91e1-4d0d7a4545bc.jpg,"
DavesMarkets,Premium Original Saltine Crackers,$4.99,,,16 oz,[],,"https://www.instacart.com/image-server/197x197/filters:fill(FFF,true):format(jpg)/d2lnr5mha7bycj.cloudfront.net/product-image/file/large_8d0d2f1f-41b7-4cec-8115-3f7a1e552626.jpg,"
DavesMarkets,Original price: $6.09,$5.49,,,12 oz,[],,"https://www.instacart.com/image-server/197x197/filters:fill(FFF,true):format(jpg)/d2lnr5mha7bycj.cloudfront.net/product-image/file/large_6a66be1c-5d04-4fcc-9517-5e59162c2652.png,"
DavesMarkets,Original price: $6.59,$5.29,,,17 oz,[],,"https://www.instacart.com/image-server/197x197/filters:fill(FFF,true):format(jpg)/d2lnr5mha7bycj.cloudfront.net/product-image/file/large_f5383588-6809-47ba-b9e7-b3656c324ad6.jpg,"
DavesMarkets,Original price: $4.99,$3.69,,,10 oz,[],,"https://www.instacart.com/image-server/197x197/filters:fill(FFF,true):format(jpg)/d2lnr5mha7bycj.cloudfront.net/product-image/file/large_e2d8db57-145a-4c96-99eb-3e520896a6b2.jpg,"
DavesMarkets,Original price: $6.59,$5.49,,,6 x 16.5 oz,[],,"https://www.instacart.com/image-server/197x197/filters:fill(FFF,true):format(jpg)/d2lnr5mha7bycj.cloudfront.net/product-image/file/large_b8b8c129-948a-46b2-ad20-5771103a2e85.jpg,"
DavesMarkets,Entenmann's Original Recipe Soft Baked Chocolate Chip Cookies,$5.29,,,12 oz,[],,"https://www.instacart.com/image-server/197x197/filters:fill(FFF,true):format(jpg)/d2lnr5mha7bycj.cloudfront.net/product-image/file/large_49d9c15e-507c-4bae-8ea9-64125958c60e.png,"
DavesMarkets,Lorna Doone Shortbread Cookies,$7.19,,,10 x 1 oz,[],,"https://www.instacart.com/image-server/197x197/filters:fill(FFF,true):format(jpg)/d2lnr5mha7bycj.cloudfront.net/product-image/file/large_7f32301b-630a-41fd-864f-6f769b394f9b.jpg,"
DavesMarkets,Original price: $8.79,$6.59,,,6 x 3.2 oz,[],,"https://www.instacart.com/image-server/197x197/filters:fill(FFF,true):format(jpg)/d2lnr5mha7bycj.cloudfront.net/product-image/file/large_0a965a06-a369-4638-9ffc-5cf452f0ff44.jpg,"
DavesMarkets,"Kellogg's Rice Krispies Treats Crispy Marshmallow Squares, Kids Snacks, Snack Bars, Original",$4.39,,,8 ct,[],,"https://www.instacart.com/image-server/197x197/filters:fill(FFF,true):format(jpg)/d2lnr5mha7bycj.cloudfront.net/product-image/file/large_ba8974d9-5b14-49b5-80e8-1dc243babc44.jpg,"
DavesMarkets,Original price: $6.59,$5.29,,,13 oz,[],,"https://www.instacart.com/image-server/197x197/filters:fill(FFF,true):format(jpg)/d2lnr5mha7bycj.cloudfront.net/product-image/file/large_396c273d-ecde-488d-b6e1-5d85b814b302.jpg,"
DavesMarkets,Original price: $5.49,$4.39,,,8.1 oz,[],,"https://www.instacart.com/image-server/197x197/filters:fill(FFF,true):format(jpg)/d2lnr5mha7bycj.cloudfront.net/product-image/file/large_d00cb01f-11d3-4ec5-9953-bcb01affa626.jpg,"
DavesMarkets,Original price: $4.99,$3.29,,,4 oz,[],,"https://www.instacart.com/image-server/197x197/filters:fill(FFF,true):format(jpg)/d2lnr5mha7bycj.cloudfront.net/product-image/file/large_d0bf89c0-8af4-4555-9554-dd5b3fb83f5f.png,"
DavesMarkets,Original price: $4.39,$4.19,,,6 x 3.25 oz,['Gluten-Free'],Many in stock,"https://www.instacart.com/image-server/197x197/filters:fill(FFF,true):format(jpg)/d2lnr5mha7bycj.cloudfront.net/product-image/file/large_f0091bcc-0e54-4dba-8cc8-9ce0353c8db4.jpg,"
DavesMarkets,Lay's Classic Party Size Potato Chips,$6.89,,,13 oz,"['Gluten-Free', 'Vegan']",Many in stock,"https://www.instacart.com/image-server/197x197/filters:fill(FFF,true):format(jpg)/d2lnr5mha7bycj.cloudfront.net/product-image/file/large_c916d1c6-28ee-40b0-b4bb-5c3ce58af2bb.png,"
DavesMarkets,Original price: $9.89,$8.79,,,23 oz,['Gluten-Free'],,"https://www.instacart.com/image-server/197x197/filters:fill(FFF,true):format(jpg)/d2lnr5mha7bycj.cloudfront.net/product-image/file/large_b1d8fa29-0055-4edd-9c88-65a2bcf93f06.png,"
DavesMarkets,"Ritz Original Flavor Crackers, 1 Box",$5.49,,,14 oz,[],,"https://www.instacart.com/image-server/197x197/filters:fill(FFF,true):format(jpg)/d2lnr5mha7bycj.cloudfront.net/product-image/file/large_764511ee-7451-415b-9d9e-42bd9f0f765b.jpg,"
DavesMarkets,Original price: $5.49,$5.19,,,7.75 oz,"['Gluten-Free', 'Vegan']",,"https://www.instacart.com/image-server/197x197/filters:fill(FFF,true):format(jpg)/d2lnr5mha7bycj.cloudfront.net/product-image/file/large_ec6d2020-2048-4a21-bff9-ec2417a8d7df.png,"
DavesMarkets,Original price: $10.99,$8.79,,,12 x 3.2 oz,[],,"https://www.instacart.com/image-server/197x197/filters:fill(FFF,true):format(jpg)/d2lnr5mha7bycj.cloudfront.net/product-image/file/large_5c50c50a-805a-4227-be75-b445c79037e6.jpg,"
DavesMarkets,Original price: $5.89,$5.49,,,8 x 2.5 oz,[],,"https://www.instacart.com/image-server/197x197/filters:fill(FFF,true):format(jpg)/d2lnr5mha7bycj.cloudfront.net/product-image/file/large_057bfd8d-3e64-47db-bbb3-9140b674b04a.jpg,"
DavesMarkets,Tate's Bake Shop Oatmeal Raisin Cookies,$7.19,,,7 oz,[],,"https://www.instacart.com/image-server/197x197/filters:fill(FFF,true):format(jpg)/d2lnr5mha7bycj.cloudfront.net/product-image/file/large_3d6b6f2e-870e-4016-8609-5eebedf56861.jpg,"
DavesMarkets,Original price: $9.39,$8.29,,,21 oz,['Light Sodium'],,"https://www.instacart.com/image-server/197x197/filters:fill(FFF,true):format(jpg)/d2lnr5mha7bycj.cloudfront.net/product-image/file/large_77203ce0-09ec-4620-83ed-3018a05cadc1.jpg,"
DavesMarkets,Lotus Biscoff Cookies,$5.49,,,8.78 oz,['Vegan'],,"https://www.instacart.com/image-server/197x197/filters:fill(FFF,true):format(jpg)/d2lnr5mha7bycj.cloudfront.net/product-image/file/large_a89fe455-7d00-450b-9c06-6227e807ed93.jpg,"
DavesMarkets,Ritz Hint Of Salt Crackers,$5.49,,,13.7 oz,[],,"https://www.instacart.com/image-server/197x197/filters:fill(FFF,true):format(jpg)/d2lnr5mha7bycj.cloudfront.net/product-image/file/large_26aadd7c-b774-46e5-9bee-d65232565dff.jpg,"
DavesMarkets,Original price: $6.59,$5.29,,,20 oz,[],,"https://www.instacart.com/image-server/197x197/filters:fill(FFF,true):format(jpg)/d2lnr5mha7bycj.cloudfront.net/product-image/file/large_646497ea-c017-4fe9-9629-493edb7afff4.jpg,"
DavesMarkets,Oreo Cakesters Soft Snack Cakes,$6.09,,,5 x 10 oz,[],,"https://www.instacart.com/image-server/197x197/filters:fill(FFF,true):format(jpg)/d2lnr5mha7bycj.cloudfront.net/product-image/file/large_5df8cfed-be43-4c8d-ac69-5f26bedb55d3.jpg,"
DavesMarkets,"Voortman Bakery Wafers, Vanilla",$5.29,,,10.6 oz,[],,"https://www.instacart.com/image-server/197x197/filters:fill(FFF,true):format(jpg)/d2lnr5mha7bycj.cloudfront.net/product-image/file/large_e4806d61-83e7-4f25-b624-b82c84831f76.jpg,"
DavesMarkets,Ritz Whole Wheat Crackers,$5.49,,,12.9 oz,['Whole Grain'],,"https://www.instacart.com/image-server/197x197/filters:fill(FFF,true):format(jpg)/d2lnr5mha7bycj.cloudfront.net/product-image/file/large_1e746b88-24ab-4695-95f2-98d254a6415a.jpg,"
DavesMarkets,Swedish Fish Mini Soft & Chewy Candy,$9.89,,,29 oz,[],,"https://www.instacart.com/image-server/197x197/filters:fill(FFF,true):format(jpg)/d2lnr5mha7bycj.cloudfront.net/product-image/file/large_adbb6bef-df2e-4a3a-8003-cb03a5c5c64c.jpg,"
DavesMarkets,Original price: $5.29,$4.39,,,8 oz,['Zero Sugar'],,"https://www.instacart.com/image-server/197x197/filters:fill(FFF,true):format(jpg)/d2lnr5mha7bycj.cloudfront.net/product-image/file/large_c95a40cf-8a0b-40e8-9bd7-5a0e0d4205bf.jpg,"
DavesMarkets,"Walkers Shortbread Pure Butter, Shortbread Fingers",$6.59,,,5.3 oz,[],,"https://www.instacart.com/image-server/197x197/filters:fill(FFF,true):format(jpg)/d2lnr5mha7bycj.cloudfront.net/product-image/file/large_b96650db-f297-463a-9b57-e9f8063b5ac9.png,"
DavesMarkets,Stauffer's SNAPS Ginger,$3.89,,,14 oz,[],,"https://www.instacart.com/image-server/197x197/filters:fill(FFF,true):format(jpg)/d2lnr5mha7bycj.cloudfront.net/product-image/file/large_1d7e7e3c-ce31-44d9-b4ff-c8a42e1447ca.png,"
DavesMarkets,Original price: $6.59,$5.29,,,12 ct,[],,"https://www.instacart.com/image-server/197x197/filters:fill(FFF,true):format(jpg)/d2lnr5mha7bycj.cloudfront.net/product-image/file/large_3c28bd85-1b32-48ae-ae21-9314ad9ed8ce.jpg,"
DavesMarkets,Original price: $8.79,$6.59,,,12 ct,['Gluten-Free'],,"https://www.instacart.com/image-server/197x197/filters:fill(FFF,true):format(jpg)/d2lnr5mha7bycj.cloudfront.net/product-image/file/large_49a4c40c-81d0-457b-a059-53cd38b420f5.jpg,"
DavesMarkets,Original price: $5.29,$4.79,,,8 oz,['Gluten-Free'],,"https://www.instacart.com/image-server/197x197/filters:fill(FFF,true):format(jpg)/d2lnr5mha7bycj.cloudfront.net/product-image/file/large_3ad50d87-cdbe-492d-b953-7ac0a4a10313.png,"
DavesMarkets,"Voortman Bakery Wafers, Chocolate",$5.29,,,10.6 oz,[],,"https://www.instacart.com/image-server/197x197/filters:fill(FFF,true):format(jpg)/d2lnr5mha7bycj.cloudfront.net/product-image/file/large_a4c1aa53-eb0f-4e44-a58c-3e42159b793d.jpg,"
DavesMarkets,Original price: $8.79,$6.59,,,6 x 3.29 oz,"['Gluten-Free', 'Vegan']",,"https://www.instacart.com/image-server/197x197/filters:fill(FFF,true):format(jpg)/d2lnr5mha7bycj.cloudfront.net/product-image/file/large_465e2181-183e-477a-88c4-324c58ff9715.jpg,"
DavesMarkets,Original price: $5.49,$4.99,,,4 x 2 oz,[],,"https://www.instacart.com/image-server/197x197/filters:fill(FFF,true):format(jpg)/d2lnr5mha7bycj.cloudfront.net/product-image/file/large_6ced0397-b7d7-4d8f-bfae-bd888c2da427.jpg,"
DavesMarkets,"Totino's Pizza Rolls, Pepperoni",$9.89,,,50 ct,[],,"https://www.instacart.com/image-server/197x197/filters:fill(FFF,true):format(jpg)/d2lnr5mha7bycj.cloudfront.net/product-image/file/large_02edecfd-2ee7-4873-96b1-6c4a72178c33.png,"
DavesMarkets,Foster Farms Mini Chicken Corn Dogs,$6.09,,,13.3 oz,[],,"https://www.instacart.com/image-server/197x197/filters:fill(FFF,true):format(jpg)/d2lnr5mha7bycj.cloudfront.net/product-image/file/large_8fe123e8-7b39-4f89-aaa1-945351935cd9.png,"
DavesMarkets,"Deep Indian Kitchen Samosas, Chicken Tikka, Medium Spice",$8.79,,,8 each,[],,"https://www.instacart.com/image-server/197x197/filters:fill(FFF,true):format(jpg)/d2lnr5mha7bycj.cloudfront.net/product-image/file/large_e46f5954-bbd7-4e17-bbfc-05ecb186fb91.png,"
DavesMarkets,Bibigo Pork & Vegetable Steamed Dumplings,$4.39,,,6.6 oz,[],,"https://www.instacart.com/image-server/197x197/filters:fill(FFF,true):format(jpg)/d2lnr5mha7bycj.cloudfront.net/product-image/file/large_756df4fd-d517-43fb-9ba8-af935ea55fef.jpg,"
DavesMarkets,Original price: $12.09,$10.99,,,48 oz,[],,"https://www.instacart.com/image-server/197x197/filters:fill(FFF,true):format(jpg)/d2lnr5mha7bycj.cloudfront.net/product-image/file/large_42d0c1b3-c788-4c29-b605-1e35ef832a5e.jpg,"
DavesMarkets,"Yasso Poppables, Greek Yogurt, Sea Salt Caramel",$8.79,,,6.84 fl oz,[],,"https://www.instacart.com/image-server/197x197/filters:fill(FFF,true):format(jpg)/d2lnr5mha7bycj.cloudfront.net/product-image/file/large_53547024-8cde-45f1-9da1-def73a71c949.png,"
DavesMarkets,Original price: $12.09,$10.99,,,20 each,[],,"https://www.instacart.com/image-server/197x197/filters:fill(FFF,true):format(jpg)/d2lnr5mha7bycj.cloudfront.net/product-image/file/large_08501e9d-fdea-4377-a209-fb09ca38517f.png,"
DavesMarkets,Original price: $8.79,$7.19,,,18 ct,[],,"https://www.instacart.com/image-server/197x197/filters:fill(FFF,true):format(jpg)/d2lnr5mha7bycj.cloudfront.net/product-image/file/large_b8e01482-ed23-4524-b9b8-47d84baef198.jpg,"
DavesMarkets,Bibigo Steamed Dumplings Chicken and Vegetable,$4.39,,,6.6 oz,[],,"https://www.instacart.com/image-server/197x197/filters:fill(FFF,true):format(jpg)/d2lnr5mha7bycj.cloudfront.net/product-image/file/large_f2b8bbae-4c44-4978-a9eb-aada34593188.jpg,"
DavesMarkets,Mrs. T's Classic Cheddar,$4.39,,,16 oz,[],,"https://www.instacart.com/image-server/197x197/filters:fill(FFF,true):format(jpg)/d2lnr5mha7bycj.cloudfront.net/product-image/file/large_66916bae-3dbb-474b-ae7b-6f1abde41096.jpg,"
DavesMarkets,"Nathan’s Famous French Fries, Crinkle Cut, Jumbo",$7.29,,,28 oz,[],,"https://www.instacart.com/image-server/197x197/filters:fill(FFF,true):format(jpg)/d2lnr5mha7bycj.cloudfront.net/product-image/file/large_06c13112-e989-4431-bc2d-db3f621d263e.png,"
DavesMarkets,Original price: $8.79,$7.19,,,23 oz,[],,"https://www.instacart.com/image-server/197x197/filters:fill(FFF,true):format(jpg)/d2lnr5mha7bycj.cloudfront.net/product-image/file/large_9ae62d18-c567-41b0-86dc-8e711de12eb6.jpg,"
DavesMarkets,"Goya Frozen Tostones, Fried Plantains",$4.79,,,16 oz,['Vegan'],Many in stock,"https://www.instacart.com/image-server/197x197/filters:fill(FFF,true):format(jpg)/d2lnr5mha7bycj.cloudfront.net/product-image/file/large_141cd5a0-2944-4da6-b4d7-e35a853ab246.jpg,"
DavesMarkets,Mrs. T's Classic Onion,$4.39,,,16 oz,[],,"https://www.instacart.com/image-server/197x197/filters:fill(FFF,true):format(jpg)/d2lnr5mha7bycj.cloudfront.net/product-image/file/large_3e3a8eef-a9b7-4d3c-bb6a-486d857c8c2f.jpg,"
DavesMarkets,State Fair Classic Corn Dogs Frozen,$13.99,,,16 x 2.67 oz,[],,"https://www.instacart.com/image-server/197x197/filters:fill(FFF,true):format(jpg)/d2lnr5mha7bycj.cloudfront.net/product-image/file/large_e067cd16-dc02-4b34-a19f-ec44e14b3174.jpg,"
DavesMarkets,"Tyson Anytizers Home-Style Chicken Fries, Frozen",$10.99,,,28.05 oz,[],,"https://www.instacart.com/image-server/197x197/filters:fill(FFF,true):format(jpg)/d2lnr5mha7bycj.cloudfront.net/product-image/file/large_179a35da-2f7d-4301-9a71-3adb6d25fff1.jpg,"
DavesMarkets,Original price: $6.09,$5.49,,,5 ct,[],,"https://www.instacart.com/image-server/197x197/filters:fill(FFF,true):format(jpg)/d2lnr5mha7bycj.cloudfront.net/product-image/file/large_13e3a772-e115-49bc-9501-5e01d63cdd9b.jpg,"
DavesMarkets,Original price: $9.89,$8.79,,,1.5 lb,[],,"https://www.instacart.com/image-server/197x197/filters:fill(FFF,true):format(jpg)/d2lnr5mha7bycj.cloudfront.net/product-image/file/large_cbd77837-47a0-4304-a6ba-86292c586930.png,"
DavesMarkets,"Caribbean Food Delights Beef Patties, Spicy, Jamaican Style",$16.49,,,10 each,[],,"https://www.instacart.com/image-server/197x197/filters:fill(FFF,true):format(jpg)/d2lnr5mha7bycj.cloudfront.net/product-image/file/large_c1006852-58fe-4381-9ae6-641a73229772.png,"
DavesMarkets,Original price: $7.69,$6.09,,,28 oz,['Gluten-Free'],,"https://www.instacart.com/image-server/197x197/filters:fill(FFF,true):format(jpg)/d2lnr5mha7bycj.cloudfront.net/product-image/file/large_0dd35412-a394-4b23-9d6f-2423982a2b3d.jpg,"
DavesMarkets,Original price: $6.59,$6.09,,,32 oz,['Vegan'],,"https://www.instacart.com/image-server/197x197/filters:fill(FFF,true):format(jpg)/d1s8987jlndkbs.cloudfront.net/assets/missing-item-4bbe82b8555e4d1c12626fd482cb2409713e8e30835645ff3650ef66a725d03c.png,"
DavesMarkets,Original price: $15.39,$14.29,,,18 oz,[],Many in stock,"https://www.instacart.com/image-server/197x197/filters:fill(FFF,true):format(jpg)/d2lnr5mha7bycj.cloudfront.net/product-image/file/large_841185da-0888-4c27-a0ab-d36dcae8d382.jpg,"
DavesMarkets,Original price: $7.69,$6.09,,,32 oz,"['Vegan', 'Gluten-Free']",,"https://www.instacart.com/image-server/197x197/filters:fill(FFF,true):format(jpg)/d2lnr5mha7bycj.cloudfront.net/product-image/file/large_18a6a5d8-d283-4d91-b9b1-58bab7158d3d.jpg,"
DavesMarkets,Totino's Cheese Flavored Pizza Rolls Frozen Kids Snacks Microwave Air Fryer Ready,$3.89,,,7.5 oz,[],,"https://www.instacart.com/image-server/197x197/filters:fill(FFF,true):format(jpg)/d2lnr5mha7bycj.cloudfront.net/product-image/file/large_3f0e6355-fc43-40c7-a4d7-7b8f6bbce0c8.png,"
DavesMarkets,Original price: $13.19,$11.59,,,8.2 oz,[],,"https://www.instacart.com/image-server/197x197/filters:fill(FFF,true):format(jpg)/d2lnr5mha7bycj.cloudfront.net/product-image/file/large_f7f62aa4-5aa3-4578-9ac8-48fc48d32738.png,"
DavesMarkets,"Totino's Pizza Rolls, Pepperoni",$3.89,,,15 ct,[],,"https://www.instacart.com/image-server/197x197/filters:fill(FFF,true):format(jpg)/d2lnr5mha7bycj.cloudfront.net/product-image/file/large_51c83072-12bd-45be-b912-88e0d5da99c0.png,"
DavesMarkets,Original price: $7.69,$6.09,,,26 oz,"['Vegan', 'Gluten-Free']",,"https://www.instacart.com/image-server/197x197/filters:fill(FFF,true):format(jpg)/d2lnr5mha7bycj.cloudfront.net/product-image/file/large_04d60c37-8871-4f43-ba09-ee4e24eff044.jpg,"
DavesMarkets,Original price: $12.09,$10.99,,,18 ct,[],,"https://www.instacart.com/image-server/197x197/filters:fill(FFF,true):format(jpg)/d2lnr5mha7bycj.cloudfront.net/product-image/file/large_750594a6-5509-4030-8dcf-bd8f272d6607.png,"
DavesMarkets,Original price: $9.39,$8.79,,,9.75 oz,[],,"https://www.instacart.com/image-server/197x197/filters:fill(FFF,true):format(jpg)/d2lnr5mha7bycj.cloudfront.net/product-image/file/large_2d202842-dcfd-4ccc-9888-c88420291e60.png,"
DavesMarkets,Mrs. T's Mini Pierogies 4 Cheese Medley,$4.39,,,12.84 oz,[],Many in stock,"https://www.instacart.com/image-server/197x197/filters:fill(FFF,true):format(jpg)/d2lnr5mha7bycj.cloudfront.net/product-image/file/large_034562e2-a9b7-453e-8a79-4f6144839e14.jpg,"
DavesMarkets,Original price: $9.39,$8.79,,,12 x 9.75 oz,[],,"https://www.instacart.com/image-server/197x197/filters:fill(FFF,true):format(jpg)/d2lnr5mha7bycj.cloudfront.net/product-image/file/large_e0c59322-cc07-42a7-ab6e-bbabd47e7c0a.png,"
DavesMarkets,Original price: $13.19,$10.99,,,80 oz,['Vegan'],Many in stock,"https://www.instacart.com/image-server/197x197/filters:fill(FFF,true):format(jpg)/d1s8987jlndkbs.cloudfront.net/assets/missing-item-4bbe82b8555e4d1c12626fd482cb2409713e8e30835645ff3650ef66a725d03c.png,"
DavesMarkets,Original price: $13.19,$11.59,,,8 x 11 oz,[],,"https://www.instacart.com/image-server/197x197/filters:fill(FFF,true):format(jpg)/d2lnr5mha7bycj.cloudfront.net/product-image/file/large_47428785-2a8f-4baf-a6d3-51370fe132f4.jpg,"
DavesMarkets,Farm Rich Mozzarella Cheese Bites in a Pizzeria Style Crust,$12.09,,,19.2 oz,[],,"https://www.instacart.com/image-server/197x197/filters:fill(FFF,true):format(jpg)/d2lnr5mha7bycj.cloudfront.net/product-image/file/large_38015ed5-e1da-4d86-a4a3-f520e4f11dba.jpg,"
DavesMarkets,Original price: $12.09,$10.99,,,18 each,[],,"https://www.instacart.com/image-server/197x197/filters:fill(FFF,true):format(jpg)/d2lnr5mha7bycj.cloudfront.net/product-image/file/large_e7c1e6bc-a7f4-4ed5-b4bb-81e7b43e0c41.png,"
DavesMarkets,Original price: $8.79,$7.69,,,20 oz,[],,"https://www.instacart.com/image-server/197x197/filters:fill(FFF,true):format(jpg)/d2lnr5mha7bycj.cloudfront.net/product-image/file/large_ea9c505b-31ed-47a2-8251-f02665cf4d33.png,"
DavesMarkets,Original price: $7.19,$6.09,,,2 ct,[],,"https://www.instacart.com/image-server/197x197/filters:fill(FFF,true):format(jpg)/d2lnr5mha7bycj.cloudfront.net/product-image/file/large_11c35f47-1838-4eb1-ae0d-d3b199231dd8.png,"
DavesMarkets,Original price: $7.69,$7.19,,,32 oz,['Gluten-Free'],,"https://www.instacart.com/image-server/197x197/filters:fill(FFF,true):format(jpg)/d2lnr5mha7bycj.cloudfront.net/product-image/file/large_8bbcf97e-ea62-47e5-a516-09d445fc1353.jpg,"
DavesMarkets,Original price: $12.09,$10.99,,,17 oz,[],,"https://www.instacart.com/image-server/197x197/filters:fill(FFF,true):format(jpg)/d2lnr5mha7bycj.cloudfront.net/product-image/file/large_13150e7b-c787-4012-9d8e-d801a2f4fb60.jpg,"
DavesMarkets,Original price: $12.09,$10.99,,,18 oz,[],,"https://www.instacart.com/image-server/197x197/filters:fill(FFF,true):format(jpg)/d2lnr5mha7bycj.cloudfront.net/product-image/file/large_b7113192-cf11-4dc1-9c33-823972799fb8.png,"
DavesMarkets,Original price: $7.69,$6.59,,,16.5 oz,[],,"https://www.instacart.com/image-server/197x197/filters:fill(FFF,true):format(jpg)/d1s8987jlndkbs.cloudfront.net/assets/missing-item-4bbe82b8555e4d1c12626fd482cb2409713e8e30835645ff3650ef66a725d03c.png,"
DavesMarkets,Original price: $7.69,$7.19,,,28 oz,['Gluten-Free'],,"https://www.instacart.com/image-server/197x197/filters:fill(FFF,true):format(jpg)/d2lnr5mha7bycj.cloudfront.net/product-image/file/large_3ccb3ca0-10d9-49a0-9e1d-986b4c685e39.jpg,"
DavesMarkets,Original price: $4.39,$3.89,,,16 oz,[],,"https://www.instacart.com/image-server/197x197/filters:fill(FFF,true):format(jpg)/d1s8987jlndkbs.cloudfront.net/assets/missing-item-4bbe82b8555e4d1c12626fd482cb2409713e8e30835645ff3650ef66a725d03c.png,"
DavesMarkets,Original price: $12.09,$9.89,,,5 lb,"['Vegan', 'Gluten-Free']",,"https://www.instacart.com/image-server/197x197/filters:fill(FFF,true):format(jpg)/d2lnr5mha7bycj.cloudfront.net/product-image/file/large_229ead43-a233-401b-84e5-5cb1b0bee9c9.jpg,"
DavesMarkets,Original price: $6.09,$5.49,,,11 oz,['Gluten-Free'],,"https://www.instacart.com/image-server/197x197/filters:fill(FFF,true):format(jpg)/d2lnr5mha7bycj.cloudfront.net/product-image/file/large_5a56798c-6c28-4925-9105-d443bf7ef65d.jpg,"
DavesMarkets,"Quaker Grits, Quick 5-Minute",$3.69,,,24 oz,[],Many in stock,"https://www.instacart.com/image-server/197x197/filters:fill(FFF,true):format(jpg)/d2lnr5mha7bycj.cloudfront.net/product-image/file/large_7bd43b01-4161-4824-830d-76d2ab6dd781.png,"
DavesMarkets,Cinnamon Toast Crunch Loaded Crispy Crème Filled Breakfast Cereal,$8.79,,,13 oz,['Whole Grain'],,"https://www.instacart.com/image-server/197x197/filters:fill(FFF,true):format(jpg)/d2lnr5mha7bycj.cloudfront.net/product-image/file/large_4370d0bb-9e5f-4800-9696-aaf1fd1f9aac.png,"
DavesMarkets,Original price: $8.79,$8.29,,,18.8 oz,['Whole Grain'],,"https://www.instacart.com/image-server/197x197/filters:fill(FFF,true):format(jpg)/d2lnr5mha7bycj.cloudfront.net/product-image/file/large_8ac68ac4-977c-416b-9b52-c86d0751d8e6.png,"
DavesMarkets,Pillsbury Strawberry Toaster Strudel Pastries,$5.19,,,6 ct,[],,"https://www.instacart.com/image-server/197x197/filters:fill(FFF,true):format(jpg)/d2lnr5mha7bycj.cloudfront.net/product-image/file/large_7ade35b9-4de2-42df-ae0b-c31ff7a4c03a.png,"
DavesMarkets,Cap'N Crunch Fruit Cereal,$6.59,,,11.7 oz,[],Many in stock,"https://www.instacart.com/image-server/197x197/filters:fill(FFF,true):format(jpg)/d2lnr5mha7bycj.cloudfront.net/product-image/file/large_270c77ec-e5a9-427e-ab35-729fb236f95f.png,"
DavesMarkets,Honey Nut Cheerios Minis Breakfast Cereal,$8.29,,,10.8 oz,"['Gluten-Free', 'Whole Grain']",,"https://www.instacart.com/image-server/197x197/filters:fill(FFF,true):format(jpg)/d2lnr5mha7bycj.cloudfront.net/product-image/file/large_1801ae10-fc3f-4c32-a8c7-7cdea4f91f71.png,"
DavesMarkets,"Cap'N Crunch Cereal, Peanut Butter Crunch, Sweetened Corn & Oat",$6.59,,,11.4 oz,[],,"https://www.instacart.com/image-server/197x197/filters:fill(FFF,true):format(jpg)/d2lnr5mha7bycj.cloudfront.net/product-image/file/large_d3b4efd1-ad5b-4e13-a9fe-9e2b854c1d0d.png,"
DavesMarkets,"Quaker Instant Oatmeal, Fruit and Cream - Pack",$5.49,,,8 x 1.05 oz,[],,"https://www.instacart.com/image-server/197x197/filters:fill(FFF,true):format(jpg)/d2lnr5mha7bycj.cloudfront.net/product-image/file/large_3d7cc261-7bcb-4014-a039-fce2ec96f953.png,"
DavesMarkets,Original price: $3.89,$3.29,,,18 oz,[],Many in stock,"https://www.instacart.com/image-server/197x197/filters:fill(FFF,true):format(jpg)/d2lnr5mha7bycj.cloudfront.net/product-image/file/large_ef78443b-f348-4f1b-9b65-8f3b17aebf18.png,"
DavesMarkets,Original price: $8.79,$8.29,,,19.7 oz,['Whole Grain'],,"https://www.instacart.com/image-server/197x197/filters:fill(FFF,true):format(jpg)/d2lnr5mha7bycj.cloudfront.net/product-image/file/large_b28cac0b-2cc1-4dde-acd1-ed0a2c338ceb.png,"
DavesMarkets,"Quaker Grits, Old Fashioned",$3.69,,,24 oz,[],Many in stock,"https://www.instacart.com/image-server/197x197/filters:fill(FFF,true):format(jpg)/d2lnr5mha7bycj.cloudfront.net/product-image/file/large_587f6a83-9645-42ff-80da-621ab85da757.png,"
DavesMarkets,"Quaker Instant Oatmeal, Maple & Brown Sugar - Pack",$5.49,,,8 x 1.51 oz,[],Many in stock,"https://www.instacart.com/image-server/197x197/filters:fill(FFF,true):format(jpg)/d2lnr5mha7bycj.cloudfront.net/product-image/file/large_510315b6-2c05-448d-bd5d-e39c14e3efea.png,"
DavesMarkets,Food Club Maple & Brown Sugar Instant Oatmeal,$4.39,,,15.1 oz,[],Many in stock,"https://www.instacart.com/image-server/197x197/filters:fill(FFF,true):format(jpg)/d2lnr5mha7bycj.cloudfront.net/product-image/file/large_38ba6a8b-77cb-44e4-a902-2192de691693.png,"
DavesMarkets,Original price: $8.79,$8.29,,,18.6 oz,"['Gluten-Free', 'Whole Grain']",,"https://www.instacart.com/image-server/197x197/filters:fill(FFF,true):format(jpg)/d2lnr5mha7bycj.cloudfront.net/product-image/file/large_a5f22f25-4323-43ed-bc3a-fd6b7547959a.png,"
DavesMarkets,"Pop-Tarts Toaster Pastries, Breakfast Foods, Kids Snacks, Frosted Strawberry",$4.39,,,8 ct,[],,"https://www.instacart.com/image-server/197x197/filters:fill(FFF,true):format(jpg)/d2lnr5mha7bycj.cloudfront.net/product-image/file/large_c7b4242b-8109-4021-be67-9adf26c3f36a.jpg,"
DavesMarkets,"Quaker Instant Grits, Butter - Pack",$5.49,,,10 x 0.98 oz,[],Many in stock,"https://www.instacart.com/image-server/197x197/filters:fill(FFF,true):format(jpg)/d2lnr5mha7bycj.cloudfront.net/product-image/file/large_92139194-b46f-474d-afb8-49ba04855660.png,"
DavesMarkets,"Cocoa Puffs Corn Puffs, Family Size",$8.29,,,18.1 oz,[],,"https://www.instacart.com/image-server/197x197/filters:fill(FFF,true):format(jpg)/d2lnr5mha7bycj.cloudfront.net/product-image/file/large_19fd004e-5f5a-445a-ad01-51ec270cc846.png,"
DavesMarkets,Original price: $8.29,$7.19,,,18 oz,[],,"https://www.instacart.com/image-server/197x197/filters:fill(FFF,true):format(jpg)/d2lnr5mha7bycj.cloudfront.net/product-image/file/large_520740cb-36ae-498f-80c8-d8e7546354d0.jpg,"
DavesMarkets,"Pop-Tarts Toaster Pastries, Breakfast Foods, Kids Snacks, Frosted Brown Sugar Cinnamon",$4.39,,,8 ct,[],,"https://www.instacart.com/image-server/197x197/filters:fill(FFF,true):format(jpg)/d2lnr5mha7bycj.cloudfront.net/product-image/file/large_0fd1dd15-a4c9-475b-b1ab-e63eecd1b12f.jpg,"
DavesMarkets,"Pop-Tarts Toaster Pastries, Breakfast Foods, Kids Snacks, Frosted Wild Berry",$4.39,,,4 x 13.5 oz,[],,"https://www.instacart.com/image-server/197x197/filters:fill(FFF,true):format(jpg)/d2lnr5mha7bycj.cloudfront.net/product-image/file/large_ae8ab529-aefb-4c14-85be-c061cb60512d.jpg,"
DavesMarkets,"Lucky Charms Gluten Free Cereal with Marshmallows, Kids Breakfast Cereal",$6.59,,,10.5 oz,"['Gluten-Free', 'Whole Grain']",,"https://www.instacart.com/image-server/197x197/filters:fill(FFF,true):format(jpg)/d2lnr5mha7bycj.cloudfront.net/product-image/file/large_fcbcfb93-de06-4809-9a49-b1ae8a1b014d.png,"
DavesMarkets,Honey Nut Cheerios Heart Healthy Cereal With Happy Heart Shapes,$6.59,,,10.8 oz,"['Gluten-Free', 'Whole Grain']",,"https://www.instacart.com/image-server/197x197/filters:fill(FFF,true):format(jpg)/d2lnr5mha7bycj.cloudfront.net/product-image/file/large_06aa3944-4486-4378-9dcd-14b8bbd6cfd5.png,"
DavesMarkets,Original price: $6.09,$5.49,,,12.5 oz,[],Many in stock,"https://www.instacart.com/image-server/197x197/filters:fill(FFF,true):format(jpg)/d2lnr5mha7bycj.cloudfront.net/product-image/file/large_60f4ad28-57a0-46b8-808b-f9ac2f8f229e.jpg,"
DavesMarkets,"Cocoa Puffs Corn Puffs, Giant Size",$9.39,,,25.8 oz,[],,"https://www.instacart.com/image-server/197x197/filters:fill(FFF,true):format(jpg)/d2lnr5mha7bycj.cloudfront.net/product-image/file/large_ef5999b1-fcf1-46e5-8692-361ed26dd8fa.png,"
DavesMarkets,"Quaker Cereal, Multigrain, Cinnamon, Large Size",$6.59,,,18 oz,['Whole Grain'],Many in stock,"https://www.instacart.com/image-server/197x197/filters:fill(FFF,true):format(jpg)/d2lnr5mha7bycj.cloudfront.net/product-image/file/large_61fafcc4-57e2-4062-97dc-572283e87525.png,"
DavesMarkets,"Pop-Tarts Toaster Pastries, Breakfast Foods, Kids Snacks, Frosted S'mores",$4.39,,,8 ct,[],,"https://www.instacart.com/image-server/197x197/filters:fill(FFF,true):format(jpg)/d2lnr5mha7bycj.cloudfront.net/product-image/file/large_1eb1170c-5f8b-46f4-9332-0cc72c60371e.jpg,"
DavesMarkets,"Frosted Flakes Breakfast Cereal, Kids Cereal, Family Breakfast, Strawberry Milkshake",$6.09,,,11.6 oz,[],,"https://www.instacart.com/image-server/197x197/filters:fill(FFF,true):format(jpg)/d2lnr5mha7bycj.cloudfront.net/product-image/file/large_d0f81935-34a4-4890-88dd-7d7524a3c072.jpg,"
DavesMarkets,"Pop-Tarts Toaster Pastries, Breakfast Foods, Kids Snacks, Chocolate Chip Drizzle",$4.39,,,4 x 13.5 oz,[],,"https://www.instacart.com/image-server/197x197/filters:fill(FFF,true):format(jpg)/d2lnr5mha7bycj.cloudfront.net/product-image/file/large_fe83557b-5564-41f2-ad98-de3009300d3c.jpg,"
DavesMarkets,"Pop-Tarts Toaster Pastries, Breakfast Foods, Kids Snacks, Frosted Cookies and Creme",$4.39,,,8 ct,[],,"https://www.instacart.com/image-server/197x197/filters:fill(FFF,true):format(jpg)/d2lnr5mha7bycj.cloudfront.net/product-image/file/large_a1a928b5-81e4-47a5-9814-f659586821c1.jpg,"
DavesMarkets,Original price: $4.39,$3.89,,,32 oz,[],Many in stock,"https://www.instacart.com/image-server/197x197/filters:fill(FFF,true):format(jpg)/d2lnr5mha7bycj.cloudfront.net/product-image/file/large_e549b143-d232-407b-9097-293e53802820.png,"
DavesMarkets,"Kellogg’s Special K Breakfast Cereal, Family Breakfast, Made with Real Strawberries, Red Berries",$7.69,,,16.9 oz,[],,"https://www.instacart.com/image-server/197x197/filters:fill(FFF,true):format(jpg)/d2lnr5mha7bycj.cloudfront.net/product-image/file/large_f5c025a6-700a-4fa5-9801-27f3ba8ea2f8.jpg,"
DavesMarkets,"Pop-Tarts Toaster Pastries, Breakfast Foods, Kids Snacks, Frosted Banana Bread",$4.39,,,8 x 13.5 oz,[],,"https://www.instacart.com/image-server/197x197/filters:fill(FFF,true):format(jpg)/d2lnr5mha7bycj.cloudfront.net/product-image/file/large_badd9bd2-d29b-471f-bcd5-f6ce3746c586.jpg,"
DavesMarkets,"Pop-Tarts Toaster Pastries, Breakfast Foods, Kids Snacks, Frosted Cherry",$4.39,,,8 x 13.5 oz,[],,"https://www.instacart.com/image-server/197x197/filters:fill(FFF,true):format(jpg)/d2lnr5mha7bycj.cloudfront.net/product-image/file/large_5ccb831f-cde1-4d53-bc05-6b93ff1bd1d2.jpg,"
DavesMarkets,Original price: $8.29,$7.19,,,24 oz,['Whole Grain'],,"https://www.instacart.com/image-server/197x197/filters:fill(FFF,true):format(jpg)/d2lnr5mha7bycj.cloudfront.net/product-image/file/large_bc4170a0-0463-49ab-8572-ba19cad47606.jpg,"
DavesMarkets,"Pop-Tarts Toaster Pastries, Breakfast Foods, Kids Snacks, Frosted Blueberry",$4.39,,,8 x 13.5 oz,[],,"https://www.instacart.com/image-server/197x197/filters:fill(FFF,true):format(jpg)/d2lnr5mha7bycj.cloudfront.net/product-image/file/large_89293411-d467-461e-831e-5ebcdd70c4ef.jpg,"
DavesMarkets,Original price: $6.59,$5.49,,,42 oz,[],Many in stock,"https://www.instacart.com/image-server/197x197/filters:fill(FFF,true):format(jpg)/d2lnr5mha7bycj.cloudfront.net/product-image/file/large_c44a5e85-cd13-4e13-a1f0-200564cd2be6.png,"
DavesMarkets,Original price: $8.29,$7.69,,,18 oz,[],,"https://www.instacart.com/image-server/197x197/filters:fill(FFF,true):format(jpg)/d2lnr5mha7bycj.cloudfront.net/product-image/file/large_df8cd948-8e2a-4402-9312-5e2662255e1a.jpg,"
DavesMarkets,"Pop-Tarts Toaster Pastries, Breakfast Foods, Kids Snacks, Frosted Boston Creme Donut",$4.39,,,8 x 13.5 oz,[],,"https://www.instacart.com/image-server/197x197/filters:fill(FFF,true):format(jpg)/d2lnr5mha7bycj.cloudfront.net/product-image/file/large_0a6e7240-6b63-409f-b698-9a53ed1768ec.jpg,"
DavesMarkets,"Pop-Tarts Toaster Pastries, Breakfast Foods, Kids Snacks, Frosted Raspberry",$4.39,,,4 x 13.5 oz,[],,"https://www.instacart.com/image-server/197x197/filters:fill(FFF,true):format(jpg)/d2lnr5mha7bycj.cloudfront.net/product-image/file/large_a457fdae-1ff8-4ccc-b5a3-9c2a2921c621.jpg,"
DavesMarkets,Original price: $8.79,$8.29,,,23 oz,['Whole Grain'],,"https://www.instacart.com/image-server/197x197/filters:fill(FFF,true):format(jpg)/d2lnr5mha7bycj.cloudfront.net/product-image/file/large_21f36e5a-f566-415d-94f3-44c8fd325e8d.jpg,"
DavesMarkets,"Pop-Tarts Toaster Pastries, Breakfast Foods, Kids Snacks, Snickerdoodle",$4.39,,,8 ct,[],,"https://www.instacart.com/image-server/197x197/filters:fill(FFF,true):format(jpg)/d2lnr5mha7bycj.cloudfront.net/product-image/file/large_9747cdad-ee85-4813-a89d-5b4c75f429fe.jpg,"
DavesMarkets,"Pop-Tarts Toaster Pastries, Apple Jacks, Frosted Apple Cinnamon Flavor",$4.39,,,8 x 13.5 oz,[],,"https://www.instacart.com/image-server/197x197/filters:fill(FFF,true):format(jpg)/d2lnr5mha7bycj.cloudfront.net/product-image/file/large_2d4a12ed-e289-424d-81fa-6b6a493d6a7b.jpg,"
DavesMarkets,"Pop-Tarts Toaster Pastries, Breakfast Foods, Kids Snacks, Unfrosted Brown Sugar Cinnamon",$4.39,,,4 x 13.5 oz,[],,"https://www.instacart.com/image-server/197x197/filters:fill(FFF,true):format(jpg)/d2lnr5mha7bycj.cloudfront.net/product-image/file/large_43161ab9-192f-49a6-8350-df028d70911b.jpg,"
DavesMarkets,Original price: $6.09,$5.49,,,16.6 oz,['Whole Grain'],,"https://www.instacart.com/image-server/197x197/filters:fill(FFF,true):format(jpg)/d2lnr5mha7bycj.cloudfront.net/product-image/file/large_c9755b5f-4873-44b1-88b0-641e618afa38.png,"
DavesMarkets,Hungry Jack Complete Buttermilk Pancake Mix And Waffle Mix,$4.09,,,32 oz,[],Many in stock,"https://www.instacart.com/image-server/197x197/filters:fill(FFF,true):format(jpg)/d2lnr5mha7bycj.cloudfront.net/product-image/file/large_abd2d06f-c467-40ef-92df-4da6c130893c.jpg,"
DavesMarkets,"Kellogg's Rice Krispies Breakfast Cereal, Kids Snacks, 8 Vitamins and Minerals, Original",$8.29,,,24 oz,[],,"https://www.instacart.com/image-server/197x197/filters:fill(FFF,true):format(jpg)/d2lnr5mha7bycj.cloudfront.net/product-image/file/large_d0d09d42-9e4d-40ce-9080-597caccb83d6.jpg,"
DavesMarkets,"Frosted Flakes Breakfast Cereal, Kids Cereal, Family Breakfast, Original",$7.19,,,17.3 oz,[],Many in stock,"https://www.instacart.com/image-server/197x197/filters:fill(FFF,true):format(jpg)/d2lnr5mha7bycj.cloudfront.net/product-image/file/large_d4b49521-39f4-4350-91e8-0e941cbf115b.jpg,"
DavesMarkets,"Kellogg’s Special K Breakfast Cereal, Family Breakfast, Fiber Cereal, Fruit and Yogurt",$7.69,,,16.3 oz,[],,"https://www.instacart.com/image-server/197x197/filters:fill(FFF,true):format(jpg)/d2lnr5mha7bycj.cloudfront.net/product-image/file/large_ae66accf-bde1-40bb-96a7-9fbfcd15df4b.jpg,"
DavesMarkets,Original price: $8.79,$8.29,,,29.5 oz,['Whole Grain'],,"https://www.instacart.com/image-server/197x197/filters:fill(FFF,true):format(jpg)/d2lnr5mha7bycj.cloudfront.net/product-image/file/large_c631bd07-c490-4dc0-8b22-fe2785bcb606.jpg,"
DavesMarkets,belVita Breakfast Golden Oat Breakfast Biscuits,$5.89,,,8.8 oz,[],,"https://www.instacart.com/image-server/197x197/filters:fill(FFF,true):format(jpg)/d2lnr5mha7bycj.cloudfront.net/product-image/file/large_4550ab5c-3f25-47ec-bfed-c81bbb5397ab.jpg,"
DavesMarkets,Original price: $8.29,$7.19,,,19.5 oz,['Gluten-Free'],,"https://www.instacart.com/image-server/197x197/filters:fill(FFF,true):format(jpg)/d2lnr5mha7bycj.cloudfront.net/product-image/file/large_52bfb38b-66fc-4b8e-a0d5-4b12cd29b701.jpg,"
DavesMarkets,MUSH Blueberry Overnight Oats,$2.89,,,5 oz,['Gluten-Free'],,"https://www.instacart.com/image-server/197x197/filters:fill(FFF,true):format(jpg)/d2lnr5mha7bycj.cloudfront.net/product-image/file/large_e566f751-0995-4841-be4f-a5ff7f371158.png,"
DavesMarkets,Original price: $8.79,$8.29,,,28.5 oz,[],,"https://www.instacart.com/image-server/197x197/filters:fill(FFF,true):format(jpg)/d2lnr5mha7bycj.cloudfront.net/product-image/file/large_b53596fc-11c9-40a0-878a-395a5d54ed5d.jpg,"
DavesMarkets,"Malt-O-Meal Cereal, Fruity Dyno-Bites with Marshmallow, Regular Size",$5.49,,,15 oz,['Gluten-Free'],,"https://www.instacart.com/image-server/197x197/filters:fill(FFF,true):format(jpg)/d2lnr5mha7bycj.cloudfront.net/product-image/file/large_2cb8c58a-135c-457f-8ec3-935eb5f1a475.png,"
DavesMarkets,"Kellogg Froot Loops Breakfast Cereal, Kids Cereal, Family Breakfast, Original",$6.09,,,8.9 oz,['Whole Grain'],Many in stock,"https://www.instacart.com/image-server/197x197/filters:fill(FFF,true):format(jpg)/d2lnr5mha7bycj.cloudfront.net/product-image/file/large_178ed0dc-b304-4df0-af67-699903f4f991.jpg,"
DavesMarkets,"Bob's Red Mill Muesli Cereal, Old Country Style",$7.69,,,18 oz,['Whole Grain'],,"https://www.instacart.com/image-server/197x197/filters:fill(FFF,true):format(jpg)/d2lnr5mha7bycj.cloudfront.net/product-image/file/large_5c4d5fd2-67ef-4048-97b0-1faad3fae34d.jpg,"
DavesMarkets,"Kellogg’s Special K Cold Breakfast Cereal, 11 Vitamins and Minerals, Chocolatey Delight",$6.59,,,13.2 oz,[],,"https://www.instacart.com/image-server/197x197/filters:fill(FFF,true):format(jpg)/d2lnr5mha7bycj.cloudfront.net/product-image/file/large_dec7efe0-f24f-4ce9-bb6b-00f29b7e8089.jpg,"
DavesMarkets,"Frosted Mini-Wheats Breakfast Cereal, Kids Cereal, Family Breakfast, Original",$6.09,,,15.9 oz,['Whole Grain'],,"https://www.instacart.com/image-server/197x197/filters:fill(FFF,true):format(jpg)/d2lnr5mha7bycj.cloudfront.net/product-image/file/large_737b5a1f-ae8d-4f36-b736-1168a75d0322.jpg,"
DavesMarkets,Original price: $6.59,$4.99,,,8 oz,"['Cow Milk', 'Keto']",,"https://www.instacart.com/image-server/197x197/filters:fill(FFF,true):format(jpg)/d2lnr5mha7bycj.cloudfront.net/product-image/file/large_04f96b8e-1cc6-4054-bd61-5462a88c1bed.jpg,"
DavesMarkets,Original price: $16.49,$14.29,,,72 each,[],,"https://www.instacart.com/image-server/197x197/filters:fill(FFF,true):format(jpg)/d2lnr5mha7bycj.cloudfront.net/product-image/file/large_9a4ee1b1-b226-4e4f-82ef-23db4e07da49.png,"
DavesMarkets,VELVEETA Original Cheese,$4.39,,,8 oz,[],,"https://www.instacart.com/image-server/197x197/filters:fill(FFF,true):format(jpg)/d2lnr5mha7bycj.cloudfront.net/product-image/file/large_35e1d77c-50ee-4dbc-a0d1-4443e89f077a.jpg,"
DavesMarkets,Babybel Original Snack Cheese,$9.89,,,12 each,[],Many in stock,"https://www.instacart.com/image-server/197x197/filters:fill(FFF,true):format(jpg)/d2lnr5mha7bycj.cloudfront.net/product-image/file/large_3861adc1-afd1-40fd-b121-122dcda6d642.png,"
DavesMarkets,Original price: $6.59,$4.99,,,6 oz,['Keto'],,"https://www.instacart.com/image-server/197x197/filters:fill(FFF,true):format(jpg)/d2lnr5mha7bycj.cloudfront.net/product-image/file/large_4ff389ff-d38e-4247-8548-050c0521a8d1.jpg,"
DavesMarkets,Original price: $11.59,$9.89,,,32 each,[],,"https://www.instacart.com/image-server/197x197/filters:fill(FFF,true):format(jpg)/d2lnr5mha7bycj.cloudfront.net/product-image/file/large_1b29f876-4aef-4c19-990f-9ca25bb51d19.png,"
DavesMarkets,Kraft Singles American Cheese Slices,$6.59,,,16 ct,[],,"https://www.instacart.com/image-server/197x197/filters:fill(FFF,true):format(jpg)/d2lnr5mha7bycj.cloudfront.net/product-image/file/large_06a81d43-dcb7-45eb-b3e6-4c091a8f89d2.jpg,"
DavesMarkets,Original price: $4.99,$3.89,,,0.75 oz,[],Many in stock,"https://www.instacart.com/image-server/197x197/filters:fill(FFF,true):format(jpg)/d2lnr5mha7bycj.cloudfront.net/product-image/file/large_c0264580-f01e-4f57-be7c-2ab0a4eb640d.png,"
DavesMarkets,Original price: $6.29,$5.19,,,10 oz,['Keto'],,"https://www.instacart.com/image-server/197x197/filters:fill(FFF,true):format(jpg)/d2lnr5mha7bycj.cloudfront.net/product-image/file/large_da2566a3-fb33-4e79-aaa7-bcfced9c3b60.jpg,"
DavesMarkets,"Kraft String Cheese Mzarella Cheese Snacks, ct Sticks",$7.69,,,12 ct,[],,"https://www.instacart.com/image-server/197x197/filters:fill(FFF,true):format(jpg)/d2lnr5mha7bycj.cloudfront.net/product-image/file/large_8233b99b-7a6a-4cfa-9d8c-73ce00e7832c.jpg,"
DavesMarkets,"Crystal Farms Cheese Slices, American",$7.19,,,24 each,[],,"https://www.instacart.com/image-server/197x197/filters:fill(FFF,true):format(jpg)/d2lnr5mha7bycj.cloudfront.net/product-image/file/large_6618c3c2-d4b2-4387-a982-38b01f3c40c4.png,"
DavesMarkets,Original price: $6.59,$5.49,,,8 oz,['Keto'],,"https://www.instacart.com/image-server/197x197/filters:fill(FFF,true):format(jpg)/d2lnr5mha7bycj.cloudfront.net/product-image/file/large_030e4f5a-a411-4085-ad44-63005f4bd530.jpg,"
DavesMarkets,Original price: $6.59,$5.49,,,11 x 1.47 oz,['Keto'],,"https://www.instacart.com/image-server/197x197/filters:fill(FFF,true):format(jpg)/d2lnr5mha7bycj.cloudfront.net/product-image/file/large_762ed436-ced9-4eee-90e7-411d9ae83834.jpg,"
DavesMarkets,Crystal Farms Shredded Mozzarella Cheese,$5.49,,,8 oz,[],,"https://www.instacart.com/image-server/197x197/filters:fill(FFF,true):format(jpg)/d2lnr5mha7bycj.cloudfront.net/product-image/file/large_01879a70-eeb3-47b5-96c0-aea61e42ef63.jpg,"
DavesMarkets,Westfield Farms Mozzarella Low-moisture Part-skim Cheese,$4.39,,,8 oz,[],Many in stock,"https://www.instacart.com/image-server/197x197/filters:fill(FFF,true):format(jpg)/d2lnr5mha7bycj.cloudfront.net/product-image/file/large_fe9252f1-859b-4512-bec3-cbe7e2c9b270.jpg,"
DavesMarkets,"Crystal Farms Cheese, Smoked Cheddar",$5.49,,,10 each,['Keto'],Many in stock,"https://www.instacart.com/image-server/197x197/filters:fill(FFF,true):format(jpg)/d2lnr5mha7bycj.cloudfront.net/product-image/file/large_b58af9c8-b063-4b62-a529-5436c26b42e6.png,"
DavesMarkets,Westfield Farms Shredded Mexican Style Taco Cheese,$4.39,,,8 oz,[],,"https://www.instacart.com/image-server/197x197/filters:fill(FFF,true):format(jpg)/d2lnr5mha7bycj.cloudfront.net/product-image/file/large_07d09378-e04b-45da-aa98-3643e9b8d783.jpg,"
DavesMarkets,Westfield Farms Shredded Colby Jack Cheese,$4.39,,,8 oz,[],,"https://www.instacart.com/image-server/197x197/filters:fill(FFF,true):format(jpg)/d2lnr5mha7bycj.cloudfront.net/product-image/file/large_068e6257-ce96-4a6e-ba76-a8dcf4bd874b.jpg,"
DavesMarkets,Babybel Original Mini Cheese,$9.89,,,12 ct,['Keto'],Many in stock,"https://www.instacart.com/image-server/197x197/filters:fill(FFF,true):format(jpg)/d2lnr5mha7bycj.cloudfront.net/product-image/file/large_62df738f-e8b6-428a-9294-e62a8566000f.png,"
DavesMarkets,Westfield Farms Two Cheese Pizza Spread,$4.39,,,8 oz,[],,"https://www.instacart.com/image-server/197x197/filters:fill(FFF,true):format(jpg)/d2lnr5mha7bycj.cloudfront.net/product-image/file/large_4f3d1143-2d3f-4a04-abdd-fbb37c009a92.jpg,"
DavesMarkets,"Babybel Semisoft Cheese, Gouda Variety, Mini",$9.89,,,8.5 oz,['Keto'],,"https://www.instacart.com/image-server/197x197/filters:fill(FFF,true):format(jpg)/d2lnr5mha7bycj.cloudfront.net/product-image/file/large_29519265-bcee-4d95-82f8-5753bc415c66.png,"
DavesMarkets,Original price: $4.99,$4.39,,,8 oz,['Keto'],Many in stock,"https://www.instacart.com/image-server/197x197/filters:fill(FFF,true):format(jpg)/d2lnr5mha7bycj.cloudfront.net/product-image/file/large_98de8669-f0f9-47ff-8cd4-be49cae5c67b.png,"
DavesMarkets,Minibaby Bel Original Snack Cheese,$9.89,,,8.4 oz,['Keto'],,"https://www.instacart.com/image-server/197x197/filters:fill(FFF,true):format(jpg)/d2lnr5mha7bycj.cloudfront.net/product-image/file/large_27edccff-e7f9-4c23-b8b1-865da347823d.png,"
DavesMarkets,Original price: $6.59,$6.39,,,16 oz,['Keto'],,"https://www.instacart.com/image-server/197x197/filters:fill(FFF,true):format(jpg)/d2lnr5mha7bycj.cloudfront.net/product-image/file/large_56049e92-9906-45a4-88b3-516dc8fe0ac4.png,"
DavesMarkets,Original price: $12.09,$9.89,,,32 oz,['Keto'],Many in stock,"https://www.instacart.com/image-server/197x197/filters:fill(FFF,true):format(jpg)/d2lnr5mha7bycj.cloudfront.net/product-image/file/large_0710cda5-d8ea-4a91-ac34-c5cafe8504fc.jpg,"
DavesMarkets,Original price: $5.49,$4.39,,,8 x 8 oz,['Cow Milk'],,"https://www.instacart.com/image-server/197x197/filters:fill(FFF,true):format(jpg)/d2lnr5mha7bycj.cloudfront.net/product-image/file/large_04c43fcb-ece7-453b-82e7-0728608a61ca.png,"
DavesMarkets,Original price: $6.59,$5.49,,,12 x 10 oz,['Keto'],,"https://www.instacart.com/image-server/197x197/filters:fill(FFF,true):format(jpg)/d2lnr5mha7bycj.cloudfront.net/product-image/file/large_7ea41ba7-364f-427b-a858-23f686959f4c.jpeg,"
DavesMarkets,Original price: $6.59,$6.09,,,16 oz,[],,"https://www.instacart.com/image-server/197x197/filters:fill(FFF,true):format(jpg)/d2lnr5mha7bycj.cloudfront.net/product-image/file/large_857bb126-53d6-49c8-aa79-101eb82c001f.png,"
DavesMarkets,Original price: $6.29,$5.19,,,30 each,['Keto'],,"https://www.instacart.com/image-server/197x197/filters:fill(FFF,true):format(jpg)/d2lnr5mha7bycj.cloudfront.net/product-image/file/large_e398c1fe-8a38-4ce2-bc45-867f421825dc.png,"
DavesMarkets,Original price: $7.69,$5.49,,,1 lb,[],,"https://www.instacart.com/image-server/197x197/filters:fill(FFF,true):format(jpg)/d2lnr5mha7bycj.cloudfront.net/product-image/file/large_598438b4-9490-4bd3-94fb-a87e4d98be04.jpg,"
DavesMarkets,Original price: $5.49,$4.39,,,7 oz,[],Many in stock,"https://www.instacart.com/image-server/197x197/filters:fill(FFF,true):format(jpg)/d2lnr5mha7bycj.cloudfront.net/product-image/file/large_0c611d96-799d-4737-b6fd-07fc86d38223.png,"
DavesMarkets,Original price: $4.39,$3.59,,,16 oz,[],,"https://www.instacart.com/image-server/197x197/filters:fill(FFF,true):format(jpg)/d2lnr5mha7bycj.cloudfront.net/product-image/file/large_140ece2d-1c5f-467d-97df-4da3a3467798.jpg,"
DavesMarkets,Westfield Farms Colby Jack Cheese,$4.39,,,8 oz,['Keto'],,"https://www.instacart.com/image-server/197x197/filters:fill(FFF,true):format(jpg)/d1s8987jlndkbs.cloudfront.net/assets/missing-item-4bbe82b8555e4d1c12626fd482cb2409713e8e30835645ff3650ef66a725d03c.png,"
DavesMarkets,"Babybel Semisoft Cheese, Monterey Jack, Mini",$9.89,,,12 ct,"['Cow Milk', 'Keto']",,"https://www.instacart.com/image-server/197x197/filters:fill(FFF,true):format(jpg)/d2lnr5mha7bycj.cloudfront.net/product-image/file/large_cde38b34-ca68-4c2c-ad05-4c092d0bf0c2.png,"
DavesMarkets,"Old El Paso Cheese, Mexican Style, 4 Cheese Blend",$5.29,,,7 oz,[],,"https://www.instacart.com/image-server/197x197/filters:fill(FFF,true):format(jpg)/d2lnr5mha7bycj.cloudfront.net/product-image/file/large_14e7d595-7864-46ec-8c3e-12069c9383c8.png,"
DavesMarkets,"Crystal Farms Cheese, Part Skim, Mozzarella, Low-Moisture",$5.49,,,10 each,['Keto'],,"https://www.instacart.com/image-server/197x197/filters:fill(FFF,true):format(jpg)/d2lnr5mha7bycj.cloudfront.net/product-image/file/large_3ed7865d-e9c6-4f1f-a0a2-e9f27e2eb0ec.png,"
DavesMarkets,Emmi Original Fondue Cheese,$18.69,,,14 oz,[],,"https://www.instacart.com/image-server/197x197/filters:fill(FFF,true):format(jpg)/d2lnr5mha7bycj.cloudfront.net/product-image/file/large_35c94fa3-ff38-4d2b-b079-9a739893946f.png,"
DavesMarkets,Crystal Farms Swiss Cheese,$5.49,,,7 oz,['Keto'],,"https://www.instacart.com/image-server/197x197/filters:fill(FFF,true):format(jpg)/d2lnr5mha7bycj.cloudfront.net/product-image/file/large_8a26091a-34b2-4503-819c-07f4b5652ee0.jpg,"
DavesMarkets,Sartori Parmesan SarVecchio Reserve Cheese,$7.69,,,5.3 oz,['Keto'],,"https://www.instacart.com/image-server/197x197/filters:fill(FFF,true):format(jpg)/d2lnr5mha7bycj.cloudfront.net/product-image/file/large_454d0878-d9ff-4a36-aa63-c99108e0b4da.png,"
DavesMarkets,"Old El Paso Cheese, Mexican Style, Taco Cheese Blend, Mild",$5.29,,,7 oz,[],,"https://www.instacart.com/image-server/197x197/filters:fill(FFF,true):format(jpg)/d2lnr5mha7bycj.cloudfront.net/product-image/file/large_2f6cc2f9-50b8-4685-a0d5-cbade5f8eddd.png,"
DavesMarkets,"Sartori Cheese, BellaVitano, Merlot",$8.39,,,5.3 oz,"['Cow Milk', 'Keto']",,"https://www.instacart.com/image-server/197x197/filters:fill(FFF,true):format(jpg)/d2lnr5mha7bycj.cloudfront.net/product-image/file/large_3b4ebcca-44ca-4512-a7b3-723b31ac4174.png,"
DavesMarkets,Old El Paso Quesadilla Shredded Cheese,$5.29,,,7 oz,['Keto'],,"https://www.instacart.com/image-server/197x197/filters:fill(FFF,true):format(jpg)/d2lnr5mha7bycj.cloudfront.net/product-image/file/large_fd7f613f-bfb2-4a57-9cbb-4e7259095776.jpg,"
DavesMarkets,Roth Hot Honey Gouda Cheese,$5.49,,,6 oz,[],,"https://www.instacart.com/image-server/197x197/filters:fill(FFF,true):format(jpg)/d2lnr5mha7bycj.cloudfront.net/product-image/file/large_0461f2cd-8613-4ab6-ad0c-e475fadf7f48.png,"
DavesMarkets,Crystal Farms Havarti Cheese,$5.49,,,7 oz,['Keto'],Many in stock,"https://www.instacart.com/image-server/197x197/filters:fill(FFF,true):format(jpg)/d2lnr5mha7bycj.cloudfront.net/product-image/file/large_c4b72af6-aceb-47ed-8ac4-48b5ec6df564.png,"
DavesMarkets,"Babybel Semisoft Cheese, Light, Mini",$5.49,,,6 each,[],,"https://www.instacart.com/image-server/197x197/filters:fill(FFF,true):format(jpg)/d2lnr5mha7bycj.cloudfront.net/product-image/file/large_22963536-57e8-41e0-8e96-efd135f55535.png,"
DavesMarkets,Crystal Farms Variety Pack Cheese Slices,$5.49,,,8 oz,['Keto'],,"https://www.instacart.com/image-server/197x197/filters:fill(FFF,true):format(jpg)/d2lnr5mha7bycj.cloudfront.net/product-image/file/large_b53169ec-e0e8-4084-8102-6b35f7ab55e7.jpg,"
DavesMarkets,"Sartori Cheese, Rosemary & Olive Oil Asiago",$7.69,,,5.3 oz,"['Cow Milk', 'Keto']",,"https://www.instacart.com/image-server/197x197/filters:fill(FFF,true):format(jpg)/d2lnr5mha7bycj.cloudfront.net/product-image/file/large_7448dd26-4517-40d0-800e-2d7893063856.png,"
DavesMarkets,"Crystal Farms Cheese, Gouda",$5.49,,,10 each,['Keto'],,"https://www.instacart.com/image-server/197x197/filters:fill(FFF,true):format(jpg)/d2lnr5mha7bycj.cloudfront.net/product-image/file/large_8dd49567-7977-4f0c-85fb-8775267c0658.png,"
DavesMarkets,Roth Spinach Artichoke Gouda Cheese,$5.49,,,6 oz,['Keto'],,"https://www.instacart.com/image-server/197x197/filters:fill(FFF,true):format(jpg)/d2lnr5mha7bycj.cloudfront.net/product-image/file/large_41c4580f-fbfa-4ae1-beb5-b9bd4e60dafe.png,"
DavesMarkets,Original price: $4.39,$3.29,,,8 oz,[],,"https://www.instacart.com/image-server/197x197/filters:fill(FFF,true):format(jpg)/d2lnr5mha7bycj.cloudfront.net/product-image/file/large_2a5439da-2caf-4ad2-ac86-8e22fc1137e3.png,"
DavesMarkets,Original price: $2.99,$2.59,,,59 fl oz,[],,"https://www.instacart.com/image-server/197x197/filters:fill(FFF,true):format(jpg)/d2lnr5mha7bycj.cloudfront.net/product-image/file/large_b33df5f8-8a04-42d9-97d0-f34ac77f953a.jpg,"
DavesMarkets,Swoon Zero Sugar Half and Half,$2.79,,,12 fl oz,['Zero Sugar'],,"https://www.instacart.com/image-server/197x197/filters:fill(FFF,true):format(jpg)/d2lnr5mha7bycj.cloudfront.net/product-image/file/large_3c98cb58-73ec-437e-9902-26088a4c0890.jpeg,"
DavesMarkets,Dairymens Fruit Punch Fruit Drink,$3.09,,,1 gal,[],,"https://www.instacart.com/image-server/197x197/filters:fill(FFF,true):format(jpg)/d2lnr5mha7bycj.cloudfront.net/product-image/file/large_32b91fcf-e781-45e7-82cc-f485e09a0c35.jpg,"
DavesMarkets,"Tropicana Drink, Strawberry Peach Paradise",$5.29,,,52 fl oz,['No Sugar Added'],Many in stock,"https://www.instacart.com/image-server/197x197/filters:fill(FFF,true):format(jpg)/d2lnr5mha7bycj.cloudfront.net/product-image/file/large_a9948cca-91b5-4164-b669-74b0baaf097c.png,"
DavesMarkets,Swoon Zero Sugar Classic Lemonade,$2.79,,,12 fl oz,['Zero Sugar'],,"https://www.instacart.com/image-server/197x197/filters:fill(FFF,true):format(jpg)/d2lnr5mha7bycj.cloudfront.net/product-image/file/large_7026593c-e787-4d94-a0b1-50bb96701f8c.jpeg,"
DavesMarkets,Original price: $7.69,$5.49,,,52 fl oz • 4 options,[],,"https://www.instacart.com/image-server/197x197/filters:fill(FFF,true):format(jpg)/d2lnr5mha7bycj.cloudfront.net/product-image/file/large_d7fd9a71-3212-4fd9-bc93-cbd47a99f69e.png,"
DavesMarkets,"Simply Lemonade With Raspberry, All Natural Non-Gmo",$6.59,,,89 fl oz • 3 options,[],,"https://www.instacart.com/image-server/197x197/filters:fill(FFF,true):format(jpg)/d2lnr5mha7bycj.cloudfront.net/product-image/file/large_1f987272-7de6-400a-a9a5-aaa875e53233.jpg,"
DavesMarkets,AriZona Fruit Punch,$4.99,,,1 gal,[],,"https://www.instacart.com/image-server/197x197/filters:fill(FFF,true):format(jpg)/d2lnr5mha7bycj.cloudfront.net/product-image/file/large_f17bfe67-22a9-4a11-953e-d3c74ec24607.png,"
DavesMarkets,"Lemon Perfect Lemon Water, Zero Sugar, Dragon Fruit Mango, Hydrating",$2.59,,,15.2 fl oz,"['Organic', 'Zero Sugar']",,"https://www.instacart.com/image-server/197x197/filters:fill(FFF,true):format(jpg)/d2lnr5mha7bycj.cloudfront.net/product-image/file/large_61503161-bbfc-4afe-bb07-fbb824f444c3.png,"
DavesMarkets,"Simply Lemonade With Strawberry, All Natural Non-Gmo",$4.69,,,52 fl oz,[],,"https://www.instacart.com/image-server/197x197/filters:fill(FFF,true):format(jpg)/d2lnr5mha7bycj.cloudfront.net/product-image/file/large_cd521a20-90e9-4df1-b647-4b5a25fd9d59.jpg,"
DavesMarkets,Original price: $5.49,$4.39,,,52 fl oz,[],Many in stock,"https://www.instacart.com/image-server/197x197/filters:fill(FFF,true):format(jpg)/d2lnr5mha7bycj.cloudfront.net/product-image/file/large_86991124-67e7-4268-9b45-b13053d8ca14.png,"
DavesMarkets,Original price: $2.99,$2.59,,,59 fl oz • 5 options,[],,"https://www.instacart.com/image-server/197x197/filters:fill(FFF,true):format(jpg)/d2lnr5mha7bycj.cloudfront.net/product-image/file/large_f75ffcc0-05c7-4a9c-a925-8b796a4064ae.jpg,"
DavesMarkets,Ocean Spray Cranberry Blueberry Acai Flavored Juice Drink,$7.19,,,60 fl oz,['Zero Sugar'],,"https://www.instacart.com/image-server/197x197/filters:fill(FFF,true):format(jpg)/d2lnr5mha7bycj.cloudfront.net/product-image/file/large_6abe8b92-5f6b-4356-9de7-53cab285a61c.jpg,"
DavesMarkets,Original price: $4.09,$3.89,,,64 fl oz,[],,"https://www.instacart.com/image-server/197x197/filters:fill(FFF,true):format(jpg)/d2lnr5mha7bycj.cloudfront.net/product-image/file/large_63676fc4-4fda-461c-acf7-251db4b27d49.jpg,"
DavesMarkets,Original price: $6.59,$5.49,,,64 fl oz,['No Sugar Added'],Many in stock,"https://www.instacart.com/image-server/197x197/filters:fill(FFF,true):format(jpg)/d2lnr5mha7bycj.cloudfront.net/product-image/file/large_2afc0a47-f1c5-471e-8790-3b9e6b030cc8.jpg,"
DavesMarkets,Dairymens Orange Pineapple Fruit Drink,$3.09,,,1 gal,[],,"https://www.instacart.com/image-server/197x197/filters:fill(FFF,true):format(jpg)/d2lnr5mha7bycj.cloudfront.net/product-image/file/large_76bf68f7-eff0-4d11-886e-be0c95174601.jpg,"
DavesMarkets,Original price: $4.99,$4.39,,,64 fl oz,[],,"https://www.instacart.com/image-server/197x197/filters:fill(FFF,true):format(jpg)/d2lnr5mha7bycj.cloudfront.net/product-image/file/large_633d59e0-816b-4103-9b46-4091979a1d5d.jpg,"
DavesMarkets,Original price: $5.29,$4.09,,,59 fl oz,[],,"https://www.instacart.com/image-server/197x197/filters:fill(FFF,true):format(jpg)/d2lnr5mha7bycj.cloudfront.net/product-image/file/large_c8a664c3-ecc0-44a6-9511-2b74dc715748.jpg,"
DavesMarkets,Original price: $3.89,$3.29,,,4.23 fl oz,['No Sugar Added'],Many in stock,"https://www.instacart.com/image-server/197x197/filters:fill(FFF,true):format(jpg)/d2lnr5mha7bycj.cloudfront.net/product-image/file/large_cddf9a3b-0aa8-46ac-8466-67a6674d0056.jpg,"
DavesMarkets,Simply Fruit Punch Juice,$4.39,,,52 fl oz,[],,"https://www.instacart.com/image-server/197x197/filters:fill(FFF,true):format(jpg)/d2lnr5mha7bycj.cloudfront.net/product-image/file/large_0974a52e-ca71-4120-843f-7e451264d11f.jpg,"
DavesMarkets,Dairymens Blue Raspberry Fruit Drink,$3.09,,,1 gal,[],Many in stock,"https://www.instacart.com/image-server/197x197/filters:fill(FFF,true):format(jpg)/d2lnr5mha7bycj.cloudfront.net/product-image/file/large_265df3ff-311f-46c2-bf01-4e7c0e1b0301.jpg,"
DavesMarkets,Original price: $7.69,$7.19,,,64 fl oz,[],,"https://www.instacart.com/image-server/197x197/filters:fill(FFF,true):format(jpg)/d2lnr5mha7bycj.cloudfront.net/product-image/file/large_e3e143df-300d-4d98-9bb6-83be89c0a98a.png,"
DavesMarkets,Minute Maid Sugar Pink Lemonade Bottle,$4.39,,,52 fl oz,['Zero Sugar'],,"https://www.instacart.com/image-server/197x197/filters:fill(FFF,true):format(jpg)/d2lnr5mha7bycj.cloudfront.net/product-image/file/large_7a4543af-365c-4e5a-b1ba-c0823147b48d.jpg,"
DavesMarkets,Original price: $5.29,$4.39,,,1 gal,[],,"https://www.instacart.com/image-server/197x197/filters:fill(FFF,true):format(jpg)/d2lnr5mha7bycj.cloudfront.net/product-image/file/large_0a3c944a-9810-47d4-84ef-a97e0c0a387a.jpg,"
DavesMarkets,Original price: $6.09,$4.99,,,64 fl oz,[],,"https://www.instacart.com/image-server/197x197/filters:fill(FFF,true):format(jpg)/d2lnr5mha7bycj.cloudfront.net/product-image/file/large_41faeae3-e6fa-49d9-ac5a-3eb78cb93b18.jpg,"
DavesMarkets,Original price: $6.09,$4.99,,,8 x 6.75 fl oz,['No Sugar Added'],,"https://www.instacart.com/image-server/197x197/filters:fill(FFF,true):format(jpg)/d2lnr5mha7bycj.cloudfront.net/product-image/file/large_df1d8e39-c98f-425b-8a66-8826360f8d7e.jpg,"
DavesMarkets,Original price: $4.99,$4.39,,,59 fl oz,[],,"https://www.instacart.com/image-server/197x197/filters:fill(FFF,true):format(jpg)/d2lnr5mha7bycj.cloudfront.net/product-image/file/large_d9b8d9ef-5b8a-4eb6-8879-6e1cc103b6a5.png,"
DavesMarkets,Original price: $5.49,$4.39,,,128 fl oz,[],,"https://www.instacart.com/image-server/197x197/filters:fill(FFF,true):format(jpg)/d2lnr5mha7bycj.cloudfront.net/product-image/file/large_80363d8c-5947-4f59-a750-52018427df88.jpg,"
DavesMarkets,Original price: $5.29,$4.09,,,59 fl oz • 2 options,[],,"https://www.instacart.com/image-server/197x197/filters:fill(FFF,true):format(jpg)/d2lnr5mha7bycj.cloudfront.net/product-image/file/large_aedab459-ba06-42af-bd73-063446801758.jpg,"
DavesMarkets,Florida's Natural Lemonade with Strawberry,$4.39,,,59 fl oz,[],Many in stock,"https://www.instacart.com/image-server/197x197/filters:fill(FFF,true):format(jpg)/d2lnr5mha7bycj.cloudfront.net/product-image/file/large_f9884dc5-8c2f-4a49-a894-46a70fd16f34.png,"
DavesMarkets,Kool-Aid Jammers Tropical Punch Flavored Kids 0% Juice Drink Pouches,$4.99,,,10 x 6 fl oz,[],,"https://www.instacart.com/image-server/197x197/filters:fill(FFF,true):format(jpg)/d2lnr5mha7bycj.cloudfront.net/product-image/file/large_19576617-e2c4-4771-9f7e-cd3dcf4491ba.jpg,"
DavesMarkets,Dave's 2% Reduced Fat Milk,$4.39,,,1 gal,[],Many in stock,"https://www.instacart.com/image-server/197x197/filters:fill(FFF,true):format(jpg)/d2lnr5mha7bycj.cloudfront.net/product-image/file/large_275faa35-fe9a-471e-a5a2-942376f1623f.jpg,"
DavesMarkets,Dave's Homogenized Milk,$2.59,,,64 fl oz,[],Many in stock,"https://www.instacart.com/image-server/197x197/filters:fill(FFF,true):format(jpg)/d2lnr5mha7bycj.cloudfront.net/product-image/file/large_643e24bf-aca6-480d-af97-7f429e6618c5.jpg,"
DavesMarkets,Horizon Organic Lowfat Chocolate Milk,$25.29,,,12 x 8 fl oz,['Organic'],,"https://www.instacart.com/image-server/197x197/filters:fill(FFF,true):format(jpg)/d2lnr5mha7bycj.cloudfront.net/product-image/file/large_259b9490-4032-49dc-afcd-1b57e042fca6.jpg,"
DavesMarkets,"Borden Milk, Reduced Fat, 2%",$3.09,,,0.5 gal,['Cow Milk'],,"https://www.instacart.com/image-server/197x197/filters:fill(FFF,true):format(jpg)/d2lnr5mha7bycj.cloudfront.net/product-image/file/large_c7cca466-b588-42d8-bb24-142777c6883a.png,"
DavesMarkets,Dave's 2% Milk,$2.49,,,64 fl oz,[],,"https://www.instacart.com/image-server/197x197/filters:fill(FFF,true):format(jpg)/d2lnr5mha7bycj.cloudfront.net/product-image/file/large_8349fcab-2247-4420-b149-5db26193b65d.jpg,"
DavesMarkets,Dave's Homogenized Milk,$4.39,,,128 fl oz,[],Many in stock,"https://www.instacart.com/image-server/197x197/filters:fill(FFF,true):format(jpg)/d1s8987jlndkbs.cloudfront.net/assets/missing-item-4bbe82b8555e4d1c12626fd482cb2409713e8e30835645ff3650ef66a725d03c.png,"
DavesMarkets,"Good Karma Flaxmilk, Lightly Sweetened Vanilla + Protein",$5.29,,,32 fl oz,['Vegan'],,"https://www.instacart.com/image-server/197x197/filters:fill(FFF,true):format(jpg)/d2lnr5mha7bycj.cloudfront.net/product-image/file/large_ad2b695d-54cf-4aa7-b3f0-030a0412b735.png,"
DavesMarkets,Dave's 1% Milk,$2.49,,,64 fl oz,[],,"https://www.instacart.com/image-server/197x197/filters:fill(FFF,true):format(jpg)/d2lnr5mha7bycj.cloudfront.net/product-image/file/large_98ebf655-da32-4110-80ab-14495b71af23.jpg,"
DavesMarkets,Original price: $7.69,$6.09,,,52 fl oz,"['Vegan', 'Gluten-Free']",,"https://www.instacart.com/image-server/197x197/filters:fill(FFF,true):format(jpg)/d2lnr5mha7bycj.cloudfront.net/product-image/file/large_9b5cb926-59cd-44c7-8ddb-6be65c6365f3.png,"
DavesMarkets,"Borden Milk, Vitamin D",$3.09,,,0.5 gal,['Cow Milk'],Many in stock,"https://www.instacart.com/image-server/197x197/filters:fill(FFF,true):format(jpg)/d2lnr5mha7bycj.cloudfront.net/product-image/file/large_57ac67dc-1a66-4d07-8bad-cc1b9681a423.png,"
DavesMarkets,Califia Farms Toasted Coconut Almondmilk,$7.19,,,48 fl oz,['Vegan'],,"https://www.instacart.com/image-server/197x197/filters:fill(FFF,true):format(jpg)/d2lnr5mha7bycj.cloudfront.net/product-image/file/large_50be6e08-a848-4397-aa69-8c692ee6b753.jpg,"
DavesMarkets,Original price: $8.79,$8.29,,,96 fl oz,[],Many in stock,"https://www.instacart.com/image-server/197x197/filters:fill(FFF,true):format(jpg)/d2lnr5mha7bycj.cloudfront.net/product-image/file/large_76eae8a2-8175-4c1e-9141-34afe3482403.jpg,"
DavesMarkets,Dave's 1% Milk,$4.39,,,1 gal,[],,"https://www.instacart.com/image-server/197x197/filters:fill(FFF,true):format(jpg)/d2lnr5mha7bycj.cloudfront.net/product-image/file/large_c2d67897-dbea-4298-9b63-5370791f44b4.jpg,"
DavesMarkets,"Borden Milk, Reduced Fat, 2%",$1.79,,,1 pt,['Cow Milk'],Many in stock,"https://www.instacart.com/image-server/197x197/filters:fill(FFF,true):format(jpg)/d2lnr5mha7bycj.cloudfront.net/product-image/file/large_996d03df-7bf2-487e-aea5-87635d11383e.png,"
DavesMarkets,Califia Farms Unsweetened Almondmilk,$7.19,,,48 oz,['Vegan'],,"https://www.instacart.com/image-server/197x197/filters:fill(FFF,true):format(jpg)/d2lnr5mha7bycj.cloudfront.net/product-image/file/large_eb3b79c9-1436-4129-938c-57cd511424d3.jpg,"
DavesMarkets,Original price: $6.39,$5.49,,,64 oz,[],,"https://www.instacart.com/image-server/197x197/filters:fill(FFF,true):format(jpg)/d2lnr5mha7bycj.cloudfront.net/product-image/file/large_c30c3915-a52f-47a0-930c-2f1a52984fa9.jpg,"
DavesMarkets,Original price: $6.39,$5.49,,,0.5 gal,[],,"https://www.instacart.com/image-server/197x197/filters:fill(FFF,true):format(jpg)/d2lnr5mha7bycj.cloudfront.net/product-image/file/large_56ff805b-688d-4a40-9925-7af0ed684118.png,"
DavesMarkets,"Good Karma Flaxmilk, Unsweetened + Protein",$5.29,,,32 fl oz,['Vegan'],,"https://www.instacart.com/image-server/197x197/filters:fill(FFF,true):format(jpg)/d2lnr5mha7bycj.cloudfront.net/product-image/file/large_35ba748f-5340-4a7f-9f2d-125e4d410cb9.png,"
DavesMarkets,Original price: $4.39,$3.89,,,0.5 gal,[],,"https://www.instacart.com/image-server/197x197/filters:fill(FFF,true):format(jpg)/d2lnr5mha7bycj.cloudfront.net/product-image/file/large_fc1dddec-b44e-4ede-b188-0d6bc0a39410.png,"
DavesMarkets,"Borden Milk, Reduced Fat, 2%",$2.19,,,1 qt,['Cow Milk'],,"https://www.instacart.com/image-server/197x197/filters:fill(FFF,true):format(jpg)/d2lnr5mha7bycj.cloudfront.net/product-image/file/large_32a2df13-d240-428c-89c3-932efaa01460.png,"
DavesMarkets,Califia Farms Unsweetened Vanilla Almondmilk,$7.19,,,48 oz,['Vegan'],,"https://www.instacart.com/image-server/197x197/filters:fill(FFF,true):format(jpg)/d2lnr5mha7bycj.cloudfront.net/product-image/file/large_53daaa74-51c3-4c2d-88ba-20fdb441c180.jpg,"
DavesMarkets,Original price: $6.59,$6.09,,,10 x 6.5 fl oz,[],,"https://www.instacart.com/image-server/197x197/filters:fill(FFF,true):format(jpg)/d2lnr5mha7bycj.cloudfront.net/product-image/file/large_e0016444-988e-4a3f-a5f7-a8a68f012414.jpg,"
DavesMarkets,Original price: $7.69,$6.59,,,96 fl oz,[],,"https://www.instacart.com/image-server/197x197/filters:fill(FFF,true):format(jpg)/d2lnr5mha7bycj.cloudfront.net/product-image/file/large_4d61be6f-fb96-473c-998e-1afd30a3b947.jpg,"
DavesMarkets,Califia Farms Mocha Cold Brew Coffee with Almondmilk,$8.79,,,48 fl oz,['Vegan'],,"https://www.instacart.com/image-server/197x197/filters:fill(FFF,true):format(jpg)/d2lnr5mha7bycj.cloudfront.net/product-image/file/large_1ffd4d94-40dc-46ed-a69a-f0ff2686f521.jpg,"
DavesMarkets,Original price: $8.79,$7.69,,,64 fl oz,"['Cow Milk', 'Organic']",,"https://www.instacart.com/image-server/197x197/filters:fill(FFF,true):format(jpg)/d2lnr5mha7bycj.cloudfront.net/product-image/file/large_828f5b43-15ef-43b3-aa03-b19a6de523d0.jpg,"
DavesMarkets,Dairymens Milk Co Whole Milk,$3.99,,,128 oz,[],,"https://www.instacart.com/image-server/197x197/filters:fill(FFF,true):format(jpg)/d1s8987jlndkbs.cloudfront.net/assets/missing-item-4bbe82b8555e4d1c12626fd482cb2409713e8e30835645ff3650ef66a725d03c.png,"
DavesMarkets,Pacific Foods Foods Organic Coconut Original Unsweetened Non Dairy Beverage,$5.49,,,32 oz,"['Organic', 'Vegan']",,"https://www.instacart.com/image-server/197x197/filters:fill(FFF,true):format(jpg)/d2lnr5mha7bycj.cloudfront.net/product-image/file/large_430a1614-c923-43dd-ae02-e9ec11802209.jpg,"
DavesMarkets,Original price: $6.39,$5.49,,,64 fl oz,[],,"https://www.instacart.com/image-server/197x197/filters:fill(FFF,true):format(jpg)/d2lnr5mha7bycj.cloudfront.net/product-image/file/large_a40d8a51-0ef3-4d4f-abb0-b24bd220ab23.jpg,"
DavesMarkets,Ajoyo Original Almond Milk,$5.49,,,64 oz,[],,"https://www.instacart.com/image-server/197x197/filters:fill(FFF,true):format(jpg)/d2lnr5mha7bycj.cloudfront.net/product-image/file/large_c377dbb3-4027-4550-b507-d41138e5b1ac.jpg,"
DavesMarkets,Pacific Foods Organic Original Oat Plant Based Beverage,$6.59,,,32 oz,"['Organic', 'Vegan']",,"https://www.instacart.com/image-server/197x197/filters:fill(FFF,true):format(jpg)/d2lnr5mha7bycj.cloudfront.net/product-image/file/large_f5db604f-d832-4d71-8b1b-325c8670416b.jpg,"
DavesMarkets,"Borden Milk, Lowfat Milk, Dutch Chocolate, 1%",$6.09,,,1 gal,[],,"https://www.instacart.com/image-server/197x197/filters:fill(FFF,true):format(jpg)/d2lnr5mha7bycj.cloudfront.net/product-image/file/large_8ca8e11e-432e-41fd-96ae-7d0849264c96.png,"
DavesMarkets,Original price: $5.49,$4.99,,,64 oz,[],,"https://www.instacart.com/image-server/197x197/filters:fill(FFF,true):format(jpg)/d2lnr5mha7bycj.cloudfront.net/product-image/file/large_40914d89-ca5f-4582-a979-4643d1db92a7.jpg,"
DavesMarkets,Almond Breeze Vanilla Shelf-Stable Almondmilk,$4.39,,,32 fl oz,[],,"https://www.instacart.com/image-server/197x197/filters:fill(FFF,true):format(jpg)/d2lnr5mha7bycj.cloudfront.net/product-image/file/large_a5e9809a-c9ba-4c06-bda1-3352a3eabbbf.jpg,"
DavesMarkets,Original price: $7.19,$6.09,,,52 fl oz,[],,"https://www.instacart.com/image-server/197x197/filters:fill(FFF,true):format(jpg)/d2lnr5mha7bycj.cloudfront.net/product-image/file/large_5801ef66-cafe-4d38-8c96-55cb962f3c02.jpg,"
DavesMarkets,Original price: $7.69,$6.59,,,64 fl oz,"['Cow Milk', 'Organic']",,"https://www.instacart.com/image-server/197x197/filters:fill(FFF,true):format(jpg)/d2lnr5mha7bycj.cloudfront.net/product-image/file/large_718c1b4f-22bb-408d-b69f-cbc5bc70f640.jpg,"
DavesMarkets,Original price: $3.99,$3.89,,,0.5 gal,[],,"https://www.instacart.com/image-server/197x197/filters:fill(FFF,true):format(jpg)/d2lnr5mha7bycj.cloudfront.net/product-image/file/large_c4cce5a3-4128-44cc-8927-05619bbd7efa.png,"
DavesMarkets,Almond Breeze Chocolate Shelf-Stable Almondmilk,$4.39,,,32 oz,[],,"https://www.instacart.com/image-server/197x197/filters:fill(FFF,true):format(jpg)/d2lnr5mha7bycj.cloudfront.net/product-image/file/large_f38a25ae-6402-4bbf-8b38-222e86b7a81e.jpg,"
DavesMarkets,Original price: $6.09,$4.39,,,64 fl oz,[],,"https://www.instacart.com/image-server/197x197/filters:fill(FFF,true):format(jpg)/d2lnr5mha7bycj.cloudfront.net/product-image/file/large_e4662f42-9077-4fdf-82b4-0c0a9d242eec.jpg,"
DavesMarkets,Pacific Foods Foods Organic Unsweetened Almond Original Plant Based Beverage,$5.49,,,32 oz,"['Organic', 'Vegan']",,"https://www.instacart.com/image-server/197x197/filters:fill(FFF,true):format(jpg)/d2lnr5mha7bycj.cloudfront.net/product-image/file/large_702d3644-668f-4d9f-bea8-3251d954d670.jpg,"
DavesMarkets,Original price: $9.89,$8.79,,,0.5 gal,"['Cow Milk', 'Organic']",,"https://www.instacart.com/image-server/197x197/filters:fill(FFF,true):format(jpg)/d2lnr5mha7bycj.cloudfront.net/product-image/file/large_e2863232-cfa3-4ef4-8b6b-3cb0f7b53624.png,"
DavesMarkets,Almond Breeze Unsweetened Chocolate Almondmilk,$4.39,,,32 oz,[],,"https://www.instacart.com/image-server/197x197/filters:fill(FFF,true):format(jpg)/d2lnr5mha7bycj.cloudfront.net/product-image/file/large_10c57c94-b7ae-4e19-9151-7f6ec42b4730.jpg,"
DavesMarkets,Original price: $6.59,$6.09,,,59 fl oz,['Cow Milk'],,"https://www.instacart.com/image-server/197x197/filters:fill(FFF,true):format(jpg)/d2lnr5mha7bycj.cloudfront.net/product-image/file/large_f43c9ac4-2253-4080-ae8e-a3bd9dc4bd09.png,"
DavesMarkets,Original price: $7.69,$6.59,,,64 oz,"['Cow Milk', 'Organic']",,"https://www.instacart.com/image-server/197x197/filters:fill(FFF,true):format(jpg)/d2lnr5mha7bycj.cloudfront.net/product-image/file/large_f7ba115a-3098-427a-a0da-9a0cf50d55e8.jpg,"
DavesMarkets,Planet Oat Extra Creamy Original Oatmilk,$5.19,,,52 fl oz,"['Vegan', 'Gluten-Free']",Many in stock,"https://www.instacart.com/image-server/197x197/filters:fill(FFF,true):format(jpg)/d2lnr5mha7bycj.cloudfront.net/product-image/file/large_dfb9e1b3-ce9b-4768-8236-722662b57899.jpg,"
DavesMarkets,Planet Oat Original Oatmilk,$5.19,,,52 fl oz,"['Vegan', 'Gluten-Free']",Many in stock,"https://www.instacart.com/image-server/197x197/filters:fill(FFF,true):format(jpg)/d2lnr5mha7bycj.cloudfront.net/product-image/file/large_b261f8f4-ed76-477a-a6bf-7fb44f2e16d0.jpg,"
DavesMarkets,Planet Oat Unsweetened Original Oatmilk,$5.19,,,52 fl oz,"['Vegan', 'Gluten-Free']",Many in stock,"https://www.instacart.com/image-server/197x197/filters:fill(FFF,true):format(jpg)/d2lnr5mha7bycj.cloudfront.net/product-image/file/large_602af8fa-d722-4cc7-a51e-00ffb13699bd.jpg,"
DavesMarkets,Planet Oat Original Oatmilk,$7.59,,,86 fl oz,"['Vegan', 'Gluten-Free']",Many in stock,"https://www.instacart.com/image-server/197x197/filters:fill(FFF,true):format(jpg)/d2lnr5mha7bycj.cloudfront.net/product-image/file/large_a98b236c-409e-4674-a6ee-645b0a9a9e69.jpg,"
DavesMarkets,Planet Oat Unsweetened Vanilla Oatmilk,$5.19,,,52 fl oz,"['Vegan', 'Gluten-Free']",,"https://www.instacart.com/image-server/197x197/filters:fill(FFF,true):format(jpg)/d2lnr5mha7bycj.cloudfront.net/product-image/file/large_8235c845-0335-4021-9c2d-98ec39915123.jpg,"
DavesMarkets,"Food Club Corn, Whole Kernel, Golden Sweet",$1.09,,,15.25 oz,[],,"https://www.instacart.com/image-server/197x197/filters:fill(FFF,true):format(jpg)/d2lnr5mha7bycj.cloudfront.net/product-image/file/large_2dd7bb9c-ac46-4e64-bb9b-eb8844ba7bf2.JPG,"
DavesMarkets,Armour Star Vienna Sausage Original Flavor Canned Sausage,$1.59,,,4.6 oz,[],,"https://www.instacart.com/image-server/197x197/filters:fill(FFF,true):format(jpg)/d2lnr5mha7bycj.cloudfront.net/product-image/file/large_9e7404ee-eb36-45f1-82b4-42f3c11927e8.jpeg,"
DavesMarkets,Chef Boyardee Mini Beef Ravioli Microwave Pasta,$2.19,,,15 oz,[],,"https://www.instacart.com/image-server/197x197/filters:fill(FFF,true):format(jpg)/d2lnr5mha7bycj.cloudfront.net/product-image/file/large_de725d50-f714-4747-99cf-a729c42a5033.jpeg,"
DavesMarkets,"Kuners Black Beans, No Salt Added",$2.99,,,15 oz,[],,"https://www.instacart.com/image-server/197x197/filters:fill(FFF,true):format(jpg)/d2lnr5mha7bycj.cloudfront.net/product-image/file/large_9bfa59aa-355f-4a41-9aa3-b6063d65d647.png,"
DavesMarkets,Original price: $2.49,$1.99,,,15.25 oz,[],,"https://www.instacart.com/image-server/197x197/filters:fill(FFF,true):format(jpg)/d2lnr5mha7bycj.cloudfront.net/product-image/file/large_ca83c4d6-3505-4302-9022-531c2a42daac.jpeg,"
DavesMarkets,Original price: $6.59,$6.09,,,4 x 5 oz,[],Many in stock,"https://www.instacart.com/image-server/197x197/filters:fill(FFF,true):format(jpg)/d2lnr5mha7bycj.cloudfront.net/product-image/file/large_7294f768-cd98-45b3-9320-5755454a38ad.png,"
DavesMarkets,Original price: $2.49,$1.99,,,14.5 oz,[],,"https://www.instacart.com/image-server/197x197/filters:fill(FFF,true):format(jpg)/d2lnr5mha7bycj.cloudfront.net/product-image/file/large_5870d675-98da-43ee-a4c7-76aad4ca7e24.jpg,"
DavesMarkets,"Snow's Clams, Chopped",$3.29,,,6.5 oz,[],,"https://www.instacart.com/image-server/197x197/filters:fill(FFF,true):format(jpg)/d2lnr5mha7bycj.cloudfront.net/product-image/file/large_44044100-dc94-4e34-99b9-7395824d1a28.png,"
DavesMarkets,Chef Boyardee Beefaroni Microwave Pasta,$2.19,,,15 oz,[],,"https://www.instacart.com/image-server/197x197/filters:fill(FFF,true):format(jpg)/d2lnr5mha7bycj.cloudfront.net/product-image/file/large_87a72836-64fa-4191-bb63-359d4a296c9b.jpeg,"
DavesMarkets,Food Club Cut Green Beans,$1.09,,,14.5 oz,[],Many in stock,"https://www.instacart.com/image-server/197x197/filters:fill(FFF,true):format(jpg)/d2lnr5mha7bycj.cloudfront.net/product-image/file/large_4d65329a-743b-4e50-9292-f972c6a111b1.png,"
DavesMarkets,Chef Boyardee Mini ABC's and 123's with Meatballs,$2.19,,,15 oz,[],,"https://www.instacart.com/image-server/197x197/filters:fill(FFF,true):format(jpg)/d2lnr5mha7bycj.cloudfront.net/product-image/file/large_2e3d8a3d-90b6-4805-8371-2e2552ca1791.jpeg,"
DavesMarkets,Original price: $3.69,$3.29,,,28 oz,[],Many in stock,"https://www.instacart.com/image-server/197x197/filters:fill(FFF,true):format(jpg)/d2lnr5mha7bycj.cloudfront.net/product-image/file/large_5528f21f-94a9-4d68-b4b6-23dc90e19b7d.jpg,"
DavesMarkets,Food Club Cream Style Golden Sweet Corn,$1.09,,,14.75 oz,[],,"https://www.instacart.com/image-server/197x197/filters:fill(FFF,true):format(jpg)/d2lnr5mha7bycj.cloudfront.net/product-image/file/large_e2dc422b-34a1-4e2e-be8e-29420b1e3a03.png,"
DavesMarkets,"StarKist Chunk Light Tuna in Water, Pouch",$2.49,,,2.6 oz,[],,"https://www.instacart.com/image-server/197x197/filters:fill(FFF,true):format(jpg)/d2lnr5mha7bycj.cloudfront.net/product-image/file/large_3445fe73-f29a-447f-bd42-381b88b7ec7e.png,"
DavesMarkets,"Chicken of the Sea Pink Salmon, Alaskan, Wild Caught, Skinless & Boneless, Recipe Size",$3.69,,,5 oz,[],,"https://www.instacart.com/image-server/197x197/filters:fill(FFF,true):format(jpg)/d2lnr5mha7bycj.cloudfront.net/product-image/file/large_6f15cb23-ccff-4157-aa6b-474d7d80ad7b.png,"
DavesMarkets,"Bumble Bee Tuna, in Water, Albacore, Solid White",$2.79,,,5 oz,[],,"https://www.instacart.com/image-server/197x197/filters:fill(FFF,true):format(jpg)/d2lnr5mha7bycj.cloudfront.net/product-image/file/large_870b618d-1b4b-4747-8ed6-5253d015891e.png,"
DavesMarkets,Chef Boyardee Spaghetti and Meatballs Canned Food,$2.19,,,14.5 oz,[],,"https://www.instacart.com/image-server/197x197/filters:fill(FFF,true):format(jpg)/d2lnr5mha7bycj.cloudfront.net/product-image/file/large_7ef2d0c1-2f40-4c94-b4fa-db669aac7b7a.jpeg,"
DavesMarkets,Original price: $3.89,$3.69,,,28 oz,[],,"https://www.instacart.com/image-server/197x197/filters:fill(FFF,true):format(jpg)/d2lnr5mha7bycj.cloudfront.net/product-image/file/large_d602d38d-2574-4650-97df-f30757076325.png,"
DavesMarkets,"La Preferida Authentic Refried Beans, Creamy",$2.79,,,16 oz,[],,"https://www.instacart.com/image-server/197x197/filters:fill(FFF,true):format(jpg)/d2lnr5mha7bycj.cloudfront.net/product-image/file/large_30bac699-2895-4777-9eb2-17b412fd24e3.png,"
DavesMarkets,Chef Boyardee Mini Micro Beef Ravioli,$2.19,,,7.5 oz,[],,"https://www.instacart.com/image-server/197x197/filters:fill(FFF,true):format(jpg)/d2lnr5mha7bycj.cloudfront.net/product-image/file/large_7240174b-3f83-4181-a784-b8ef294b38d5.jpeg,"
DavesMarkets,RO*TEL Original Diced Tomatoes and Green Chilies,$3.09,,,10 oz,[],,"https://www.instacart.com/image-server/197x197/filters:fill(FFF,true):format(jpg)/d2lnr5mha7bycj.cloudfront.net/product-image/file/large_e37e430e-80e1-4dca-8894-c52dc7f8b026.jpg,"
DavesMarkets,Chef Boyardee Beef Ravioli in Tomato & Meat Sauce,$2.19,,,7.5 oz,[],,"https://www.instacart.com/image-server/197x197/filters:fill(FFF,true):format(jpg)/d2lnr5mha7bycj.cloudfront.net/product-image/file/large_9c4029e0-75ef-494d-a6e8-0cc805b94350.jpeg,"
DavesMarkets,Original price: $3.69,$3.29,,,29 oz,[],Many in stock,"https://www.instacart.com/image-server/197x197/filters:fill(FFF,true):format(jpg)/d2lnr5mha7bycj.cloudfront.net/product-image/file/large_21ba53d1-e36a-422b-812c-bce1e38ebbba.jpg,"
DavesMarkets,Original price: $2.49,$1.99,,,14.75 oz,[],,"https://www.instacart.com/image-server/197x197/filters:fill(FFF,true):format(jpg)/d2lnr5mha7bycj.cloudfront.net/product-image/file/large_a472cc20-e10b-4476-ac0a-ef231c9fa1a5.jpg,"
DavesMarkets,Original price: $1.89,$1.59,,,5 oz,[],Many in stock,"https://www.instacart.com/image-server/197x197/filters:fill(FFF,true):format(jpg)/d2lnr5mha7bycj.cloudfront.net/product-image/file/large_3fcf7f87-17b3-4f39-b495-e5dd6f7ca512.png,"
DavesMarkets,Chef Boyardee Beef Ravioli Microwave Pasta,$2.19,,,15 oz,[],,"https://www.instacart.com/image-server/197x197/filters:fill(FFF,true):format(jpg)/d2lnr5mha7bycj.cloudfront.net/product-image/file/large_6c4edcd9-6d33-46ae-a9cb-3c2510584ec8.jpeg,"
DavesMarkets,Original price: $4.99,$4.39,,,12 oz,[],Many in stock,"https://www.instacart.com/image-server/197x197/filters:fill(FFF,true):format(jpg)/d2lnr5mha7bycj.cloudfront.net/product-image/file/large_eb567257-cf89-442c-98cc-b8bf94e71e74.png,"
DavesMarkets,Chef Boyardee Mini-Bites ABC's & 123's Pasta with Meatballs,$2.19,,,7.5 oz,[],,"https://www.instacart.com/image-server/197x197/filters:fill(FFF,true):format(jpg)/d2lnr5mha7bycj.cloudfront.net/product-image/file/large_6ec03ec6-38ad-40cd-8f1a-a622e46b55ee.jpeg,"
DavesMarkets,Chef Boyardee Mini Beef Ravioli and Meatballs,$2.19,,,15 oz,[],,"https://www.instacart.com/image-server/197x197/filters:fill(FFF,true):format(jpg)/d2lnr5mha7bycj.cloudfront.net/product-image/file/large_44534c93-cea2-465b-80f8-a106eda406b0.jpg,"
DavesMarkets,"Kuners Garbanzo Beans, No Salt Added",$2.99,,,15.5 oz,[],,"https://www.instacart.com/image-server/197x197/filters:fill(FFF,true):format(jpg)/d2lnr5mha7bycj.cloudfront.net/product-image/file/large_05afd123-7e54-4eb3-8532-cdbfe1ddea79.png,"
DavesMarkets,Original price: $2.09,$1.69,,,5 oz,[],,"https://www.instacart.com/image-server/197x197/filters:fill(FFF,true):format(jpg)/d2lnr5mha7bycj.cloudfront.net/product-image/file/large_7377db4b-09f3-46b0-a489-70decc1d6c1d.png,"
DavesMarkets,Food Club Chili Beans,$1.59,,,15.5 oz,[],,"https://www.instacart.com/image-server/197x197/filters:fill(FFF,true):format(jpg)/d2lnr5mha7bycj.cloudfront.net/product-image/file/large_c7b13ba6-a8dc-49b5-8cd1-9a265047f665.png,"
DavesMarkets,Original price: $5.49,$5.29,,,40 oz,[],,"https://www.instacart.com/image-server/197x197/filters:fill(FFF,true):format(jpg)/d2lnr5mha7bycj.cloudfront.net/product-image/file/large_e140433d-7889-416f-bab0-4f096f131e6f.jpg,"
DavesMarkets,RO*TEL Mild Diced Tomatoes and Green Chilies,$3.09,,,10 oz,[],,"https://www.instacart.com/image-server/197x197/filters:fill(FFF,true):format(jpg)/d2lnr5mha7bycj.cloudfront.net/product-image/file/large_02f048c5-e3cc-4a55-8e59-872c3dd2b303.jpg,"
DavesMarkets,Original price: $2.99,$2.79,,,2.6 oz,[],,"https://www.instacart.com/image-server/197x197/filters:fill(FFF,true):format(jpg)/d2lnr5mha7bycj.cloudfront.net/product-image/file/large_04971275-a5d5-45b8-8f84-fc94236c2ea5.png,"
DavesMarkets,"Dole Pineapple, Slices",$2.79,,,20 oz,[],,"https://www.instacart.com/image-server/197x197/filters:fill(FFF,true):format(jpg)/d2lnr5mha7bycj.cloudfront.net/product-image/file/large_40f5b369-8430-47d0-9b81-3d62c712ac23.png,"
DavesMarkets,Chef Boyardee Cheese Ravioli with Tomato Sauce,$2.19,,,15 oz,[],,"https://www.instacart.com/image-server/197x197/filters:fill(FFF,true):format(jpg)/d2lnr5mha7bycj.cloudfront.net/product-image/file/large_00a9f0bd-84fb-49fc-a512-5763b64e3810.jpg,"
DavesMarkets,Chef Boyardee Mac and Cheese,$2.19,,,15 oz,[],,"https://www.instacart.com/image-server/197x197/filters:fill(FFF,true):format(jpg)/d2lnr5mha7bycj.cloudfront.net/product-image/file/large_163dae29-2e08-4ca9-8d5a-8e137e6de442.jpg,"
DavesMarkets,Original price: $5.19,$4.99,,,6.4 oz,[],Many in stock,"https://www.instacart.com/image-server/197x197/filters:fill(FFF,true):format(jpg)/d2lnr5mha7bycj.cloudfront.net/product-image/file/large_dee7ecfb-71b3-4121-a695-d1f08131237a.png,"
DavesMarkets,Original price: $9.39,$8.79,,,4 x 5 oz,[],,"https://www.instacart.com/image-server/197x197/filters:fill(FFF,true):format(jpg)/d2lnr5mha7bycj.cloudfront.net/product-image/file/large_c3985978-656d-4955-abae-0a4787a713ff.png,"
DavesMarkets,Original price: $3.29,$2.59,,,24 oz,[],Many in stock,"https://www.instacart.com/image-server/197x197/filters:fill(FFF,true):format(jpg)/d2lnr5mha7bycj.cloudfront.net/product-image/file/large_9f7e5b63-26eb-438c-a3b0-a53fc0cc363a.png,"
DavesMarkets,"Del Monte No Sugar Added Sliced Bartlett Pears, Canned Fruit",$3.99,,,14.5 oz,[],Many in stock,"https://www.instacart.com/image-server/197x197/filters:fill(FFF,true):format(jpg)/d2lnr5mha7bycj.cloudfront.net/product-image/file/large_4dafa4b0-8a73-4f13-8d8d-73d44cfb3b51.jpg,"
DavesMarkets,Original price: $1.99,$1.79,,,15.5 oz,[],,"https://www.instacart.com/image-server/197x197/filters:fill(FFF,true):format(jpg)/d2lnr5mha7bycj.cloudfront.net/product-image/file/large_2b0b3499-b964-41f3-9310-a5c4ac84d186.jpg,"
DavesMarkets,Food Club Tomato Paste,$1.09,,,6 oz,[],,"https://www.instacart.com/image-server/197x197/filters:fill(FFF,true):format(jpg)/d2lnr5mha7bycj.cloudfront.net/product-image/file/large_8aab647f-1a4a-4b54-a987-0137321e4635.png,"
DavesMarkets,"Del Monte Pear Halves, Lite",$3.99,,,15 oz,[],,"https://www.instacart.com/image-server/197x197/filters:fill(FFF,true):format(jpg)/d2lnr5mha7bycj.cloudfront.net/product-image/file/large_b1bc45ec-f349-49b5-9fc2-042ca9e31536.jpg,"
DavesMarkets,Original price: $3.29,$3.09,,,14 oz,[],,"https://www.instacart.com/image-server/197x197/filters:fill(FFF,true):format(jpg)/d2lnr5mha7bycj.cloudfront.net/product-image/file/large_f5ae3605-7149-43a3-86d5-5a8dcc2b6496.jpeg,"
DavesMarkets,Del Monte Pear Halves,$3.99,,,15.25 oz,[],,"https://www.instacart.com/image-server/197x197/filters:fill(FFF,true):format(jpg)/d2lnr5mha7bycj.cloudfront.net/product-image/file/large_3ff525de-cd72-4273-9995-8bf048cc4f5f.jpg,"
DavesMarkets,Del Monte No Sugar Added Fruit Cocktail Packed in Water,$3.99,,,14.5 oz,[],,"https://www.instacart.com/image-server/197x197/filters:fill(FFF,true):format(jpg)/d2lnr5mha7bycj.cloudfront.net/product-image/file/large_a40e6d97-5eff-453d-aee2-789c1c8d91bd.jpg,"
DavesMarkets,Genova Yellowfin Tuna in Olive Oil,$3.89,,,5 oz,[],,"https://www.instacart.com/image-server/197x197/filters:fill(FFF,true):format(jpg)/d2lnr5mha7bycj.cloudfront.net/product-image/file/large_13ce69e7-f8a7-49a1-baa7-78704d83d335.jpg,"
DavesMarkets,Chicken of the Sea Pink Salmon,$2.69,,,2.5 oz,[],,"https://www.instacart.com/image-server/197x197/filters:fill(FFF,true):format(jpg)/d2lnr5mha7bycj.cloudfront.net/product-image/file/large_2ebd1d9b-334d-4719-a29d-4a45c0a4895e.png,"
DavesMarkets,"Chicken of the Sea Wild Caught Alaskan Pink Salmon, Skinless & Boneless",$3.09,,,5 oz,[],,"https://www.instacart.com/image-server/197x197/filters:fill(FFF,true):format(jpg)/d2lnr5mha7bycj.cloudfront.net/product-image/file/large_c81b47b0-d166-487d-b71c-f1b27998faae.png,"
DavesMarkets,Genova Tonno Solid White Tuna in Olive Oil,$3.69,,,5 oz,[],,"https://www.instacart.com/image-server/197x197/filters:fill(FFF,true):format(jpg)/d2lnr5mha7bycj.cloudfront.net/product-image/file/large_75b92f88-eb56-44eb-8094-e8c5db867ba6.jpg,"
DavesMarkets,"Del Monte No Sugar Added Mandarin Oranges, Canned Fruit",$3.99,,,15 oz,[],,"https://www.instacart.com/image-server/197x197/filters:fill(FFF,true):format(jpg)/d2lnr5mha7bycj.cloudfront.net/product-image/file/large_f898aac6-bb50-4a48-8606-ce71f6fb72a5.jpg,"
DavesMarkets,Genova Yellowfin Tuna in Olive Oil with Sea Salt,$3.89,,,5 oz,[],Many in stock,"https://www.instacart.com/image-server/197x197/filters:fill(FFF,true):format(jpg)/d2lnr5mha7bycj.cloudfront.net/product-image/file/large_ab7e9745-04b6-4932-9363-4d3515e6f7a0.jpg,"
DavesMarkets,"King Oscar Sardines, Skinless & Boneless",$3.89,,,4.38 oz,[],,"https://www.instacart.com/image-server/197x197/filters:fill(FFF,true):format(jpg)/d2lnr5mha7bycj.cloudfront.net/product-image/file/large_aef5bb71-55d8-4f7e-abd5-debf0d20219d.png,"
DavesMarkets,"Native Forest Jackfruit, Organic, Original, Young",$6.09,,,14 oz can,['Organic'],,"https://www.instacart.com/image-server/197x197/filters:fill(FFF,true):format(jpg)/d2lnr5mha7bycj.cloudfront.net/product-image/file/large_1ac8e7fc-45b3-4ef4-96d8-f7dc22523b80.png,"
DavesMarkets,Genova Yellowfin Tuna in Water with Sea Salt,$3.89,,,5 oz,[],,"https://www.instacart.com/image-server/197x197/filters:fill(FFF,true):format(jpg)/d2lnr5mha7bycj.cloudfront.net/product-image/file/large_145dab53-08bc-4b29-a740-3781a15f0663.jpg,"
DavesMarkets,"Chicken of the Sea Alaskan Pink Salmon, 25% Less Sodium, Skinless & Boneless, Wild-Caught",$3.09,,,5 oz,[],,"https://www.instacart.com/image-server/197x197/filters:fill(FFF,true):format(jpg)/d2lnr5mha7bycj.cloudfront.net/product-image/file/large_ca43aafc-cdb8-44da-af18-1c79df216da9.png,"
DavesMarkets,Native Forest Artichoke Hearts Quartered,$6.59,,,14 oz,[],,"https://www.instacart.com/image-server/197x197/filters:fill(FFF,true):format(jpg)/d2lnr5mha7bycj.cloudfront.net/product-image/file/large_96ae8b3c-fe4e-4459-a715-ad36dfcabb3c.png,"
DavesMarkets,Domino Premium Pure Cane Granulated Sugar,$5.49,,,4 lb,[],Many in stock,"https://www.instacart.com/image-server/197x197/filters:fill(FFF,true):format(jpg)/d2lnr5mha7bycj.cloudfront.net/product-image/file/large_b37d1f2d-286d-46dc-b945-863961f35987.png,"
DavesMarkets,Pure Maid Vegetable Oil,$6.59,,,48 fl oz,[],,"https://www.instacart.com/image-server/197x197/filters:fill(FFF,true):format(jpg)/d2lnr5mha7bycj.cloudfront.net/product-image/file/large_0c0af59f-da95-4eaa-b342-bd08aefd4567.png,"
DavesMarkets,Original price: $4.39,$4.19,,,4 lb,[],Many in stock,"https://www.instacart.com/image-server/197x197/filters:fill(FFF,true):format(jpg)/d2lnr5mha7bycj.cloudfront.net/product-image/file/large_184e5161-8886-4a48-a6a9-3f0b76175b76.png,"
DavesMarkets,Original price: $64.89,$39.59,,,68 fl oz,[],,"https://www.instacart.com/image-server/197x197/filters:fill(FFF,true):format(jpg)/d2lnr5mha7bycj.cloudfront.net/product-image/file/large_ae0aa70c-04ea-40e0-8ed3-e669088bda47.png,"
DavesMarkets,Pillsbury Cinnamon Rolls Refrigerated Pastry Dough With Original Icing,$5.49,,,12.7 oz,[],,"https://www.instacart.com/image-server/197x197/filters:fill(FFF,true):format(jpg)/d2lnr5mha7bycj.cloudfront.net/product-image/file/large_2ff15daa-1579-4f22-bd88-39257aa936eb.png,"
DavesMarkets,"Goya Sazón Seasoning, with Coriander & Annatto",$2.19,,,1.41 oz,[],,"https://www.instacart.com/image-server/197x197/filters:fill(FFF,true):format(jpg)/d2lnr5mha7bycj.cloudfront.net/product-image/file/large_78efd981-e1de-4d7a-801b-e6fa77892662.jpg,"
DavesMarkets,Spice Supreme Onion Powder,$1.99,,,2.5 oz,[],,"https://www.instacart.com/image-server/197x197/filters:fill(FFF,true):format(jpg)/d2lnr5mha7bycj.cloudfront.net/product-image/file/large_45d9a61e-2b1b-4cf3-b83d-b81f1d1aa14c.png,"
DavesMarkets,Original price: $19.79,$10.99,,,16 fl oz,[],,"https://www.instacart.com/image-server/197x197/filters:fill(FFF,true):format(jpg)/d2lnr5mha7bycj.cloudfront.net/product-image/file/large_389e6f14-f663-4ece-b01c-be9d19e07817.png,"
DavesMarkets,Pillsbury Original Crescent Rolls Refrigerated Canned Pastry Dough,$5.49,,,8 oz,[],,"https://www.instacart.com/image-server/197x197/filters:fill(FFF,true):format(jpg)/d2lnr5mha7bycj.cloudfront.net/product-image/file/large_fce615e8-2028-4a9b-b067-2266ea1642f5.png,"
DavesMarkets,"Lipari Grocery Vegetable Oil, All Natural",$13.19,,,1 gal,[],Many in stock,"https://www.instacart.com/image-server/197x197/filters:fill(FFF,true):format(jpg)/d2lnr5mha7bycj.cloudfront.net/product-image/file/large_074a40be-37f7-4bc7-854d-2c8828b2ef17.png,"
DavesMarkets,Goya Adobo With Pepper All Purpose Seasoning,$2.89,,,8 oz,[],,"https://www.instacart.com/image-server/197x197/filters:fill(FFF,true):format(jpg)/d2lnr5mha7bycj.cloudfront.net/product-image/file/large_d065919e-1c4d-4661-9106-7e6c29602b78.png,"
DavesMarkets,That's Smart! Garlic Powder,$2.19,,,2.5 oz,[],,"https://www.instacart.com/image-server/197x197/filters:fill(FFF,true):format(jpg)/d2lnr5mha7bycj.cloudfront.net/product-image/file/large_b94b578c-7f5f-4bc2-8e12-f862929e9e25.png,"
DavesMarkets,Pillsbury Ready to Bake Refrigerated Chocolate Chip Cookie Dough,$6.59,,,16 oz,[],,"https://www.instacart.com/image-server/197x197/filters:fill(FFF,true):format(jpg)/d2lnr5mha7bycj.cloudfront.net/product-image/file/large_7ad3c5ab-0d64-48b1-a52e-096a6ea00719.png,"
DavesMarkets,"Arm & Hammer Baking Soda, Pure",$1.59,,,16 oz,[],,"https://www.instacart.com/image-server/197x197/filters:fill(FFF,true):format(jpg)/d2lnr5mha7bycj.cloudfront.net/product-image/file/large_800cbf5b-12f5-4a46-9859-021baae98474.jpg,"
DavesMarkets,"King Arthur Baking Company Bread Flour, Unbleached",$8.79,,,5 lb,['Whole Grain'],,"https://www.instacart.com/image-server/197x197/filters:fill(FFF,true):format(jpg)/d2lnr5mha7bycj.cloudfront.net/product-image/file/large_078c1424-1de0-4cc4-9329-80dcb77d0bf7.png,"
DavesMarkets,"Morton Iodized Salt, 26 Ounce",$2.19,,,26 oz,[],,"https://www.instacart.com/image-server/197x197/filters:fill(FFF,true):format(jpg)/d2lnr5mha7bycj.cloudfront.net/product-image/file/large_b6741d21-985d-439d-8a17-0ba710d35c5c.png,"
DavesMarkets,Hidden Valley Original Ranch Salad Dressing & Seasoning Mix,$2.59,,,1 oz,[],,"https://www.instacart.com/image-server/197x197/filters:fill(FFF,true):format(jpg)/d2lnr5mha7bycj.cloudfront.net/product-image/file/large_cf80fa17-651f-42a2-ba77-a25fc866885d.jpg,"
DavesMarkets,Original price: $6.59,$4.39,,,4 oz,[],,"https://www.instacart.com/image-server/197x197/filters:fill(FFF,true):format(jpg)/d2lnr5mha7bycj.cloudfront.net/product-image/file/large_7e991b52-32eb-48a1-a96b-f196fc78a082.png,"
DavesMarkets,Splenda Granulated No Calorie Sweetener,$12.09,,,9.7 oz,['Gluten-Free'],,"https://www.instacart.com/image-server/197x197/filters:fill(FFF,true):format(jpg)/d2lnr5mha7bycj.cloudfront.net/product-image/file/large_b093ff2d-364b-44ca-b3c6-3cec941f974a.png,"
DavesMarkets,"Grace Seasoning, Jerk, Jamaican, Mild",$8.79,,,10 oz,[],,"https://www.instacart.com/image-server/197x197/filters:fill(FFF,true):format(jpg)/d2lnr5mha7bycj.cloudfront.net/product-image/file/large_f5c3f8f2-0f5f-4a80-a37b-79092a980054.png,"
DavesMarkets,Original price: $7.49,$6.09,,,5 oz,[],,"https://www.instacart.com/image-server/197x197/filters:fill(FFF,true):format(jpg)/d2lnr5mha7bycj.cloudfront.net/product-image/file/large_15a9b836-716b-48cf-bcd3-fdef858a83f2.jpg,"
DavesMarkets,Original price: $4.19,$3.29,,,5 lb,[],Many in stock,"https://www.instacart.com/image-server/197x197/filters:fill(FFF,true):format(jpg)/d2lnr5mha7bycj.cloudfront.net/product-image/file/large_3aded5c1-3072-45f4-a83d-105b39d7b7c5.png,"
DavesMarkets,Bragg Organic Raw Unfiltered Apple Cider Vinegar,$6.09,,,16 oz,['Organic'],,"https://www.instacart.com/image-server/197x197/filters:fill(FFF,true):format(jpg)/d2lnr5mha7bycj.cloudfront.net/product-image/file/large_e3e734ac-962a-4fc0-be9d-b605a1d318ec.png,"
DavesMarkets,Domino Premium Pure Cane Granulated Sugar,$2.59,,,16 oz,[],,"https://www.instacart.com/image-server/197x197/filters:fill(FFF,true):format(jpg)/d2lnr5mha7bycj.cloudfront.net/product-image/file/large_83c44ee0-b7d2-4f48-aaee-4dc1b17e67be.png,"
DavesMarkets,Taco Bell Original Taco Seasoning Mix,$1.89,,,1 oz,[],,"https://www.instacart.com/image-server/197x197/filters:fill(FFF,true):format(jpg)/d2lnr5mha7bycj.cloudfront.net/product-image/file/large_8a4e7b19-1728-4faf-ac03-b912c764b4f0.jpg,"
DavesMarkets,Slap Ya Mama Cajun Seasoning,$4.39,,,8 oz,[],,"https://www.instacart.com/image-server/197x197/filters:fill(FFF,true):format(jpg)/d2lnr5mha7bycj.cloudfront.net/product-image/file/large_bbe8697f-86c9-42b3-95d2-f8c5c06c1d50.png,"
DavesMarkets,Original price: $2.09,$1.79,,,7 oz,[],,"https://www.instacart.com/image-server/197x197/filters:fill(FFF,true):format(jpg)/d2lnr5mha7bycj.cloudfront.net/product-image/file/large_5bee1612-2fff-4cfb-83a0-c7dbb33f2ef8.jpg,"
DavesMarkets,Original price: $3.69,$2.89,,,24 fl oz,[],,"https://www.instacart.com/image-server/197x197/filters:fill(FFF,true):format(jpg)/d2lnr5mha7bycj.cloudfront.net/product-image/file/large_8f803095-0a37-4538-942e-4afd32dbfa7b.png,"
DavesMarkets,"Tony Chachere's Creole Seasoning, Original",$4.39,,,8 oz,[],,"https://www.instacart.com/image-server/197x197/filters:fill(FFF,true):format(jpg)/d2lnr5mha7bycj.cloudfront.net/product-image/file/large_e90a6699-8248-41c2-9e5d-ae25c2552b77.png,"
DavesMarkets,Original price: $9.89,$8.79,,,32 fl oz,['Organic'],,"https://www.instacart.com/image-server/197x197/filters:fill(FFF,true):format(jpg)/d2lnr5mha7bycj.cloudfront.net/product-image/file/large_be2b24e4-4d9e-4324-b56b-991014242c3a.png,"
DavesMarkets,Original price: $7.69,$4.39,,,5.37 oz,[],,"https://www.instacart.com/image-server/197x197/filters:fill(FFF,true):format(jpg)/d2lnr5mha7bycj.cloudfront.net/product-image/file/large_82fcaf4e-a166-461a-b312-18509c0d5f62.png,"
DavesMarkets,Original price: $1.49,$1.39,,,1.37 oz,[],,"https://www.instacart.com/image-server/197x197/filters:fill(FFF,true):format(jpg)/d2lnr5mha7bycj.cloudfront.net/product-image/file/large_b6e1b770-0b21-4aff-b9eb-f18f87d9a4ab.png,"
DavesMarkets,"Pearl Milling Company Syrup, Original Lite",$6.59,,,24 fl oz,[],,"https://www.instacart.com/image-server/197x197/filters:fill(FFF,true):format(jpg)/d2lnr5mha7bycj.cloudfront.net/product-image/file/large_83c50fb6-c54d-4e40-ac0b-6d87e8737a72.png,"
DavesMarkets,McCormick® Roasted Garlic & Herb Seasoning,$4.89,,,2.75 oz,[],,"https://www.instacart.com/image-server/197x197/filters:fill(FFF,true):format(jpg)/d2lnr5mha7bycj.cloudfront.net/product-image/file/large_31efe4ed-2742-4999-a879-a8c9fd22a041.jpg,"
DavesMarkets,McCormick® Brown Gravy Mix,$1.79,,,0.87 oz,[],,"https://www.instacart.com/image-server/197x197/filters:fill(FFF,true):format(jpg)/d2lnr5mha7bycj.cloudfront.net/product-image/file/large_8811f6d3-4460-4695-a7c5-3218e69295fe.jpg,"
DavesMarkets,"Frontier Co-op Saffron Threads, Hand Harvested",$20.89,,,0.04 oz,[],,"https://www.instacart.com/image-server/197x197/filters:fill(FFF,true):format(jpg)/d2lnr5mha7bycj.cloudfront.net/product-image/file/large_4d0f73ba-04e8-4d2e-9a6f-6afc953e67bd.png,"
DavesMarkets,"Spice Supreme Seasoning, Lemon Pepper",$1.99,,,6 oz,[],Many in stock,"https://www.instacart.com/image-server/197x197/filters:fill(FFF,true):format(jpg)/d2lnr5mha7bycj.cloudfront.net/product-image/file/large_4317650b-a096-45fd-a59b-0a000abfa2f4.png,"
DavesMarkets,Original price: $10.99,$9.89,,,5 fl oz,['Organic'],,"https://www.instacart.com/image-server/197x197/filters:fill(FFF,true):format(jpg)/d2lnr5mha7bycj.cloudfront.net/product-image/file/large_caefd8e2-f4c5-4e03-a50c-24d50c12d251.png,"
DavesMarkets,Original price: $2.09,$1.79,,,7.4 oz,[],,"https://www.instacart.com/image-server/197x197/filters:fill(FFF,true):format(jpg)/d2lnr5mha7bycj.cloudfront.net/product-image/file/large_37852718-a897-46e5-bf2c-684aa2672318.jpg,"
DavesMarkets,"Badia Spices Seasoning, Complete",$2.89,,,3.5 oz,[],,"https://www.instacart.com/image-server/197x197/filters:fill(FFF,true):format(jpg)/d2lnr5mha7bycj.cloudfront.net/product-image/file/large_562ec96d-001a-4e69-90b1-80c2f1f6d1cc.png,"
DavesMarkets,Original price: $7.69,$5.49,,,5 oz,[],,"https://www.instacart.com/image-server/197x197/filters:fill(FFF,true):format(jpg)/d2lnr5mha7bycj.cloudfront.net/product-image/file/large_f96981a2-6a04-46d8-92e1-e9cc40b303a3.jpg,"
DavesMarkets,"Splenda No Calorie Sweetener, Packets",$7.19,,,100 each,['Gluten-Free'],,"https://www.instacart.com/image-server/197x197/filters:fill(FFF,true):format(jpg)/d2lnr5mha7bycj.cloudfront.net/product-image/file/large_bcf4c038-3819-4e28-8878-33a745b38974.png,"
DavesMarkets,Original price: $6.59,$6.09,,,8 oz,[],,"https://www.instacart.com/image-server/197x197/filters:fill(FFF,true):format(jpg)/d2lnr5mha7bycj.cloudfront.net/product-image/file/large_ff8cacac-213f-4324-8383-6049cf1ac5b5.png,"
DavesMarkets,Domino Premium Pure Cane Light Brown Sugar,$2.49,,,1 lb,[],,"https://www.instacart.com/image-server/197x197/filters:fill(FFF,true):format(jpg)/d2lnr5mha7bycj.cloudfront.net/product-image/file/large_55217a22-743c-4323-807d-facd5eaf6750.png,"
DavesMarkets,Original price: $14.29,$10.99,,,16.9 fl oz,[],Many in stock,"https://www.instacart.com/image-server/197x197/filters:fill(FFF,true):format(jpg)/d2lnr5mha7bycj.cloudfront.net/product-image/file/large_79e61f0c-3e8d-450a-8251-2ce813c9297a.png,"
DavesMarkets,"Dale's Seasoning, Steak",$6.29,,,16 oz,[],,"https://www.instacart.com/image-server/197x197/filters:fill(FFF,true):format(jpg)/d2lnr5mha7bycj.cloudfront.net/product-image/file/large_12212f95-3bde-407c-af1f-57d89ffd8a1c.png,"
DavesMarkets,Original price: $2.79,$2.59,,,15.25 oz,[],,"https://www.instacart.com/image-server/197x197/filters:fill(FFF,true):format(jpg)/d2lnr5mha7bycj.cloudfront.net/product-image/file/large_d46573d9-de12-46df-a595-13deacf88d88.jpg,"
DavesMarkets,Swerve Granular Sugar Replacement,$10.49,,,12 oz,"['Gluten-Free', 'Keto']",,"https://www.instacart.com/image-server/197x197/filters:fill(FFF,true):format(jpg)/d2lnr5mha7bycj.cloudfront.net/product-image/file/large_414b430d-f4a0-45e4-8707-bc8551816b4e.jpg,"
DavesMarkets,"Pearl Milling Company Syrup, Butter Rich",$6.59,,,24 fl oz,[],,"https://www.instacart.com/image-server/197x197/filters:fill(FFF,true):format(jpg)/d2lnr5mha7bycj.cloudfront.net/product-image/file/large_fd4c6b5b-1efe-43e0-b39b-dc43e274f38b.png,"
DavesMarkets,Original price: $9.89,$7.69,,,14 oz,"['Gluten-Free', 'Keto']",,"https://www.instacart.com/image-server/197x197/filters:fill(FFF,true):format(jpg)/d2lnr5mha7bycj.cloudfront.net/product-image/file/large_41be7b4e-9acd-4030-81bf-03d53714df82.jpg,"
DavesMarkets,Original price: $8.79,$7.69,,,9.8 oz,['Gluten-Free'],,"https://www.instacart.com/image-server/197x197/filters:fill(FFF,true):format(jpg)/d2lnr5mha7bycj.cloudfront.net/product-image/file/large_564e72d2-c7c2-4ab5-9d70-a0fcbd61e128.jpg,"
DavesMarkets,"Splenda Sweetener, Zero Calorie",$10.99,,,200 ct,['Gluten-Free'],,"https://www.instacart.com/image-server/197x197/filters:fill(FFF,true):format(jpg)/d2lnr5mha7bycj.cloudfront.net/product-image/file/large_0e6e1ac6-3915-4164-b65d-84c00b5f75d9.png,"
DavesMarkets,"Monster Energy Cookie Mix, Gluten-Free",$7.69,,,10.57 oz,['Gluten-Free'],,"https://www.instacart.com/image-server/197x197/filters:fill(FFF,true):format(jpg)/d2lnr5mha7bycj.cloudfront.net/product-image/file/large_f585a4fa-dc87-4440-987c-e36801938bf9.png,"
DavesMarkets,Original price: $14.29,$12.09,,,17 oz,['Gluten-Free'],,"https://www.instacart.com/image-server/197x197/filters:fill(FFF,true):format(jpg)/d2lnr5mha7bycj.cloudfront.net/product-image/file/large_b5767a1c-4058-49b8-b287-3fcd768c28c9.jpg,"
DavesMarkets,Bob's Red Mill Artisan Bread Flour,$10.99,,,5 lb,[],,"https://www.instacart.com/image-server/197x197/filters:fill(FFF,true):format(jpg)/d2lnr5mha7bycj.cloudfront.net/product-image/file/large_70de2a33-3486-4c15-8b85-2464f80c3ee3.jpg,"
DavesMarkets,Frontier Co-op Chili Powder,$5.49,,,1.76 oz,[],,"https://www.instacart.com/image-server/197x197/filters:fill(FFF,true):format(jpg)/d2lnr5mha7bycj.cloudfront.net/product-image/file/large_e2ae3492-846b-4dc3-be83-6940f0341e86.png,"
DavesMarkets,"Pearl Milling Company Syrup, Original",$6.59,,,24 fl oz,[],,"https://www.instacart.com/image-server/197x197/filters:fill(FFF,true):format(jpg)/d2lnr5mha7bycj.cloudfront.net/product-image/file/large_eba2ee4d-adb7-4e71-9f76-953b151c274c.png,"
DavesMarkets,Original price: $9.89,$7.69,,,1 lb,['Gluten-Free'],,"https://www.instacart.com/image-server/197x197/filters:fill(FFF,true):format(jpg)/d2lnr5mha7bycj.cloudfront.net/product-image/file/large_1fd22584-e41b-4025-b4d0-f6ccc4043ee8.jpg,"
DavesMarkets,"Bob's Red Mill White All Purpose Baking Flour, Unbleached",$8.59,,,5 lb,[],,"https://www.instacart.com/image-server/197x197/filters:fill(FFF,true):format(jpg)/d2lnr5mha7bycj.cloudfront.net/product-image/file/large_f9f7527d-b4bf-4abb-ac0c-32d9c2adf1bb.jpg,"
DavesMarkets,Truvia Calorie Free Sweetener,$5.49,,,40 ct,['Gluten-Free'],,"https://www.instacart.com/image-server/197x197/filters:fill(FFF,true):format(jpg)/d2lnr5mha7bycj.cloudfront.net/product-image/file/large_30dae624-d3a4-446c-b2a4-11827973eb50.jpg,"
DavesMarkets,"Bob's Red Mill Flour, Whole Wheat",$8.59,,,5 lb,['Whole Grain'],,"https://www.instacart.com/image-server/197x197/filters:fill(FFF,true):format(jpg)/d2lnr5mha7bycj.cloudfront.net/product-image/file/large_446e2fcd-7cd7-436b-b51b-a6e3f23e1cf1.jpg,"
DavesMarkets,"Louisiana Fish Fry Products Seasoned Coating Mix, Fish, Crispy, Air Fryer",$4.39,,,5 oz,[],,"https://www.instacart.com/image-server/197x197/filters:fill(FFF,true):format(jpg)/d2lnr5mha7bycj.cloudfront.net/product-image/file/large_6a4d0481-911d-415d-a915-0438310dbd31.png,"
DavesMarkets,Banquet Chicken Pot Pie Frozen Pot Pie Dinner,$2.59,,,7 oz,[],,"https://www.instacart.com/image-server/197x197/filters:fill(FFF,true):format(jpg)/d2lnr5mha7bycj.cloudfront.net/product-image/file/large_ea1ec8f3-17f8-463d-bda8-3cec7f526817.jpg,"
DavesMarkets,Stouffer's Large Size Macaroni & Cheese Frozen Meal,$7.69,,,20 oz,[],,"https://www.instacart.com/image-server/197x197/filters:fill(FFF,true):format(jpg)/d2lnr5mha7bycj.cloudfront.net/product-image/file/large_d33f4fc1-2dc6-412f-bef2-44a2cdc31fc4.jpg,"
DavesMarkets,Banquet Mega Bowls Country Fried Chicken Frozen Meal,$5.49,,,14 oz,[],,"https://www.instacart.com/image-server/197x197/filters:fill(FFF,true):format(jpg)/d2lnr5mha7bycj.cloudfront.net/product-image/file/large_e32a1950-9752-47fc-81e1-709c30949035.jpg,"
DavesMarkets,Stouffer's Party Size Lasagna With Meat & Sauce Frozen Meal,$25.29,,,90 oz,[],,"https://www.instacart.com/image-server/197x197/filters:fill(FFF,true):format(jpg)/d2lnr5mha7bycj.cloudfront.net/product-image/file/large_7193a10f-6bce-4806-acf2-bcfc6a0c8acb.jpg,"
DavesMarkets,Original price: $8.49,$7.69,,,2 lb,[],Many in stock,"https://www.instacart.com/image-server/197x197/filters:fill(FFF,true):format(jpg)/d2lnr5mha7bycj.cloudfront.net/product-image/file/large_6308a0bc-b32b-44e6-a4e1-423a8c3726a2.png,"
DavesMarkets,Stouffer's Classic Meatloaf Frozen Meal,$5.49,,,9.88 oz,[],,"https://www.instacart.com/image-server/197x197/filters:fill(FFF,true):format(jpg)/d2lnr5mha7bycj.cloudfront.net/product-image/file/large_4a22ddc6-c453-4f54-ba30-13d038a088a4.jpg,"
DavesMarkets,Stouffer's Roast Turkey,$5.49,,,9.63 oz,[],,"https://www.instacart.com/image-server/197x197/filters:fill(FFF,true):format(jpg)/d2lnr5mha7bycj.cloudfront.net/product-image/file/large_cf6f61ff-2020-4856-bb23-b14ac82ae8d6.jpg,"
DavesMarkets,Mrs. T's Classic Cheddar,$15.39,,,4 lb,[],,"https://www.instacart.com/image-server/197x197/filters:fill(FFF,true):format(jpg)/d2lnr5mha7bycj.cloudfront.net/product-image/file/large_3d1f469a-12b3-4c30-bb6f-ca3fdeced4e3.jpg,"
DavesMarkets,White Castle Original Chicken Rings,$13.19,,,20 onz,[],,"https://www.instacart.com/image-server/197x197/filters:fill(FFF,true):format(jpg)/d2lnr5mha7bycj.cloudfront.net/product-image/file/large_8b51706d-5555-42aa-835d-848c8bcecc63.jpg,"
DavesMarkets,ON Cor Breaded Chicken Parmagiana Patties with Tomato Sauce,$5.49,,,6 x 26 oz,[],Many in stock,"https://www.instacart.com/image-server/197x197/filters:fill(FFF,true):format(jpg)/d2lnr5mha7bycj.cloudfront.net/product-image/file/large_09a55824-8f37-41d6-8a24-1f3c7fbc04b7.png,"
DavesMarkets,Original price: $2.49,$1.99,,,8 oz,[],Many in stock,"https://www.instacart.com/image-server/197x197/filters:fill(FFF,true):format(jpg)/d2lnr5mha7bycj.cloudfront.net/product-image/file/large_944918d0-4900-430c-aa4d-f79ccb32aaf7.jpg,"
DavesMarkets,Stouffer's Spaghetti With Meat Sauce Frozen Meal,$5.49,,,12 oz,[],,"https://www.instacart.com/image-server/197x197/filters:fill(FFF,true):format(jpg)/d2lnr5mha7bycj.cloudfront.net/product-image/file/large_0debb7f4-8bd1-4952-97ce-7054fd17ccfc.jpg,"
DavesMarkets,"Banquet Salisbury Steak Meal, Frozen Meal",$2.59,,,11.88 oz,[],,"https://www.instacart.com/image-server/197x197/filters:fill(FFF,true):format(jpg)/d2lnr5mha7bycj.cloudfront.net/product-image/file/large_9e0a6d39-1287-4876-9d37-a986b959f291.jpg,"
DavesMarkets,Marie Callender's Chicken Pot Pie Frozen Meal,$4.99,,,10 oz,[],,"https://www.instacart.com/image-server/197x197/filters:fill(FFF,true):format(jpg)/d2lnr5mha7bycj.cloudfront.net/product-image/file/large_6f8e9d3d-4d38-4d06-9fd7-57668b21328d.jpg,"
DavesMarkets,Stouffer's Party Size Macaroni & Cheese Frozen Meal,$18.69,,,76 oz,[],,"https://www.instacart.com/image-server/197x197/filters:fill(FFF,true):format(jpg)/d2lnr5mha7bycj.cloudfront.net/product-image/file/large_4fdd1ee1-bed6-40ba-bf52-72b10e222322.jpg,"
DavesMarkets,Birds Eye Voila! Alfredo Chicken Frozen Meal,$13.19,,,42 oz,[],,"https://www.instacart.com/image-server/197x197/filters:fill(FFF,true):format(jpg)/d2lnr5mha7bycj.cloudfront.net/product-image/file/large_c25992c6-9a49-4833-962e-08df17ff01ee.jpg,"
DavesMarkets,Mrs. T's Classic Cheddar,$7.69,,,32 oz,[],,"https://www.instacart.com/image-server/197x197/filters:fill(FFF,true):format(jpg)/d2lnr5mha7bycj.cloudfront.net/product-image/file/large_3e398771-b625-4b6b-8d6a-d215f5679380.jpg,"
DavesMarkets,Michelina's Four Cheese Chicken and Rice,$3.69,,,13 oz,[],Many in stock,"https://www.instacart.com/image-server/197x197/filters:fill(FFF,true):format(jpg)/d2lnr5mha7bycj.cloudfront.net/product-image/file/large_02647249-1c65-40aa-aca0-f3c160f36531.jpg,"
DavesMarkets,Stouffer's Spaghetti with Meatballs Frozen Meal,$5.49,,,12.62 oz,[],,"https://www.instacart.com/image-server/197x197/filters:fill(FFF,true):format(jpg)/d2lnr5mha7bycj.cloudfront.net/product-image/file/large_eaed4354-f164-429c-9412-d9662d283db2.jpg,"
DavesMarkets,Original price: $2.19,$2.09,,,4.5 oz,[],Many in stock,"https://www.instacart.com/image-server/197x197/filters:fill(FFF,true):format(jpg)/d2lnr5mha7bycj.cloudfront.net/product-image/file/large_f2598431-ea89-455b-a407-eef83a7df429.png,"
DavesMarkets,Stouffer's Lasagna With Meat & Sauce Frozen Meal,$7.69,,,19 oz,[],,"https://www.instacart.com/image-server/197x197/filters:fill(FFF,true):format(jpg)/d2lnr5mha7bycj.cloudfront.net/product-image/file/large_17c64ac2-2c04-48d2-8db6-d03d368e205b.jpg,"
DavesMarkets,Stouffer's Classics Salisbury Steak Frozen Entrée,$5.49,,,9.63 oz,[],,"https://www.instacart.com/image-server/197x197/filters:fill(FFF,true):format(jpg)/d2lnr5mha7bycj.cloudfront.net/product-image/file/large_5bebbb34-b0b7-406b-975b-14be69bc44b4.jpg,"
DavesMarkets,Stouffer's Family Size Chicken & Broccoli Pasta Bake Frozen Meal,$14.29,,,40 oz,[],,"https://www.instacart.com/image-server/197x197/filters:fill(FFF,true):format(jpg)/d2lnr5mha7bycj.cloudfront.net/product-image/file/large_771b4128-3ea8-4531-bf78-6c146872d0e0.jpg,"
DavesMarkets,White Castle Classic Cheese Sliders,$8.09,,,6 x 1.83 oz,[],,"https://www.instacart.com/image-server/197x197/filters:fill(FFF,true):format(jpg)/d2lnr5mha7bycj.cloudfront.net/product-image/file/large_f4506f6d-a422-4b73-afbb-d44121c13dae.png,"
DavesMarkets,Hot Pockets Hot Pocket Buffalo Style Chicken Frozen Entrée,$6.59,,,13.5 oz,[],,"https://www.instacart.com/image-server/197x197/filters:fill(FFF,true):format(jpg)/d2lnr5mha7bycj.cloudfront.net/product-image/file/large_5ff8fef0-d541-4ad9-8d2e-f8892d336d3b.jpg,"
DavesMarkets,Original price: $8.29,$7.69,,,20.6 oz,[],,"https://www.instacart.com/image-server/197x197/filters:fill(FFF,true):format(jpg)/d2lnr5mha7bycj.cloudfront.net/product-image/file/large_fb80c7a2-efbc-4696-ab3b-89da2b9259be.jpg,"
DavesMarkets,Stouffer's Family Size Meatloaf Frozen Meal,$14.29,,,33 oz,[],,"https://www.instacart.com/image-server/197x197/filters:fill(FFF,true):format(jpg)/d2lnr5mha7bycj.cloudfront.net/product-image/file/large_59bcf8c3-cbc1-4b72-8d23-6f6ca5bd31c7.jpg,"
DavesMarkets,Original price: $5.49,$4.99,,,4 ct,[],,"https://www.instacart.com/image-server/197x197/filters:fill(FFF,true):format(jpg)/d2lnr5mha7bycj.cloudfront.net/product-image/file/large_c6c4ba59-dfa3-49d1-8f44-a35c7debbeee.jpg,"
DavesMarkets,Original price: $8.49,$7.69,,,8 each,[],Many in stock,"https://www.instacart.com/image-server/197x197/filters:fill(FFF,true):format(jpg)/d2lnr5mha7bycj.cloudfront.net/product-image/file/large_931933a3-02fa-4060-9b4f-33ef2bfd61ec.png,"
DavesMarkets,"Marie Callender's Beef & Broccoli Bowl, Tender Ginger",$5.49,,,11.8 oz,[],,"https://www.instacart.com/image-server/197x197/filters:fill(FFF,true):format(jpg)/d2lnr5mha7bycj.cloudfront.net/product-image/file/large_6514483c-54f8-483c-8fb3-bdf425ddf061.jpg,"
DavesMarkets,"Deep Indian Kitchen Chicken Curry, Medium Spice",$8.79,,,9 oz,['Gluten-Free'],,"https://www.instacart.com/image-server/197x197/filters:fill(FFF,true):format(jpg)/d2lnr5mha7bycj.cloudfront.net/product-image/file/large_ebc02c10-cb74-4372-ae51-ec24fd872150.png,"
DavesMarkets,Birds Eye Voila! Alfredo Chicken Frozen Meal,$9.39,,,21 oz,[],,"https://www.instacart.com/image-server/197x197/filters:fill(FFF,true):format(jpg)/d2lnr5mha7bycj.cloudfront.net/product-image/file/large_0c36ac87-cf88-401b-87fa-5b390e4cadad.jpg,"
DavesMarkets,Original price: $7.19,$6.59,,,8.65 oz,[],Many in stock,"https://www.instacart.com/image-server/197x197/filters:fill(FFF,true):format(jpg)/d2lnr5mha7bycj.cloudfront.net/product-image/file/large_0c6a28c6-afec-4f37-ad30-9c6b2923a516.png,"
DavesMarkets,Michelina's Italian Sausage Pasta Bake,$3.69,,,13.5 oz,[],,"https://www.instacart.com/image-server/197x197/filters:fill(FFF,true):format(jpg)/d2lnr5mha7bycj.cloudfront.net/product-image/file/large_23ab143d-ea84-42cc-926e-3ce0e496397d.jpg,"
DavesMarkets,Original price: $5.49,$4.39,,,9 oz,[],,"https://www.instacart.com/image-server/197x197/filters:fill(FFF,true):format(jpg)/d2lnr5mha7bycj.cloudfront.net/product-image/file/large_f11f232e-2eca-4793-9169-a4914cdf452b.jpg,"
DavesMarkets,Michelina's Mac And Cheese,$3.69,,,14 oz,[],Many in stock,"https://www.instacart.com/image-server/197x197/filters:fill(FFF,true):format(jpg)/d2lnr5mha7bycj.cloudfront.net/product-image/file/large_7613a629-cabd-4d39-85eb-72606d3daacd.jpg,"
DavesMarkets,Michelina's Rigatoni Alfredo With Chicken And Broccoli,$3.69,,,13 oz,[],Many in stock,"https://www.instacart.com/image-server/197x197/filters:fill(FFF,true):format(jpg)/d2lnr5mha7bycj.cloudfront.net/product-image/file/large_8d452477-ded4-44dc-8f16-6d17be66e490.jpg,"
DavesMarkets,Original price: $2.19,$2.09,,,1 each,[],,"https://www.instacart.com/image-server/197x197/filters:fill(FFF,true):format(jpg)/d2lnr5mha7bycj.cloudfront.net/product-image/file/large_952e6585-9246-44a4-8a11-84de7d3a23dd.png,"
DavesMarkets,"Food Club Alfredo Sauce, Four Cheese",$5.19,,,16 oz,[],,"https://www.instacart.com/image-server/197x197/filters:fill(FFF,true):format(jpg)/d2lnr5mha7bycj.cloudfront.net/product-image/file/large_007578b8-9118-4264-9f39-257667ed0216.png,"
DavesMarkets,Mrs. T's Loaded Baked Potato,$4.39,,,16 oz,[],,"https://www.instacart.com/image-server/197x197/filters:fill(FFF,true):format(jpg)/d2lnr5mha7bycj.cloudfront.net/product-image/file/large_fa772ed6-3e9c-45a2-b7b6-692ef7b24d65.jpg,"
DavesMarkets,Original price: $7.69,$6.59,,,2 ct,[],,"https://www.instacart.com/image-server/197x197/filters:fill(FFF,true):format(jpg)/d2lnr5mha7bycj.cloudfront.net/product-image/file/large_cfd7eb55-860d-4866-a13e-fe6a753dca83.png,"
DavesMarkets,Deep Indian Kitchen Coconut Chicken Korma,$8.79,,,9 oz,['Gluten-Free'],,"https://www.instacart.com/image-server/197x197/filters:fill(FFF,true):format(jpg)/d2lnr5mha7bycj.cloudfront.net/product-image/file/large_deb4becc-6679-40de-aa14-9543afc6997f.png,"
DavesMarkets,Michelina's Kung Pao Chicken and Rice,$3.69,,,12.5 oz,[],Many in stock,"https://www.instacart.com/image-server/197x197/filters:fill(FFF,true):format(jpg)/d2lnr5mha7bycj.cloudfront.net/product-image/file/large_0e5433b7-9a66-4fe1-8bab-ec63ff908516.jpg,"
DavesMarkets,"Against The Grain Gluten & Grain Free Three Cheese Pizza, Family Size, Nut Free",$15.39,,,24 oz,['Gluten-Free'],,"https://www.instacart.com/image-server/197x197/filters:fill(FFF,true):format(jpg)/d2lnr5mha7bycj.cloudfront.net/product-image/file/large_a99b17f3-2665-4b9d-b725-c5c3fe48b378.png,"
DavesMarkets,Deep Indian Kitchen Chicken Vindaloo,$8.79,,,9 oz,['Gluten-Free'],,"https://www.instacart.com/image-server/197x197/filters:fill(FFF,true):format(jpg)/d2lnr5mha7bycj.cloudfront.net/product-image/file/large_4f87cd59-16aa-4353-b709-6a4c68a6738d.png,"
DavesMarkets,Stouffer's Swedish Meatballs,$5.49,,,11.5 oz,[],,"https://www.instacart.com/image-server/197x197/filters:fill(FFF,true):format(jpg)/d2lnr5mha7bycj.cloudfront.net/product-image/file/large_4cf256b0-9cbe-46ff-9971-ffe60c84b70c.jpg,"
DavesMarkets,"Deep Indian Kitchen Spinach Paneer, Mild Spice, Indian Kitchen",$8.79,,,9 oz,['Gluten-Free'],,"https://www.instacart.com/image-server/197x197/filters:fill(FFF,true):format(jpg)/d2lnr5mha7bycj.cloudfront.net/product-image/file/large_9c4c368a-207f-4364-967c-79eaedddf190.png,"
DavesMarkets,Stouffer's Family Size Lasagna With Meat & Sauce Frozen Meal,$14.29,,,38 oz,[],,"https://www.instacart.com/image-server/197x197/filters:fill(FFF,true):format(jpg)/d2lnr5mha7bycj.cloudfront.net/product-image/file/large_d77532a7-6d10-4171-afb9-52b102e88fb8.jpg,"
DavesMarkets,Mrs. T's Minis Four Cheese Medley Pierogies,$4.39,,,12.84 oz,[],Many in stock,"https://www.instacart.com/image-server/197x197/filters:fill(FFF,true):format(jpg)/d2lnr5mha7bycj.cloudfront.net/product-image/file/large_31e404ed-8d9d-4333-b2c0-03e3273f6ac3.png,"
DavesMarkets,Stouffer's Macaroni & Cheese,$13.19,,,40 oz,[],,"https://www.instacart.com/image-server/197x197/filters:fill(FFF,true):format(jpg)/d2lnr5mha7bycj.cloudfront.net/product-image/file/large_e7a3446a-b5ec-4461-8976-ab64860314b2.jpg,"
DavesMarkets,Daiya Dairy Free Supreme Gluten Free Pizza,$12.09,,,19.4 oz,"['Gluten-Free', 'Vegan']",,"https://www.instacart.com/image-server/197x197/filters:fill(FFF,true):format(jpg)/d2lnr5mha7bycj.cloudfront.net/product-image/file/large_558c3a9b-a8ad-4e2e-b5f9-ab75f5202890.jpg,"
DavesMarkets,Daiya Dairy Free Meatless Meat Lover's Gluten Free Pizza,$12.09,,,19.1 oz,"['Gluten-Free', 'Vegan']",,"https://www.instacart.com/image-server/197x197/filters:fill(FFF,true):format(jpg)/d2lnr5mha7bycj.cloudfront.net/product-image/file/large_c6c7d84d-a81f-4cda-8515-430afebc123c.jpg,"
DavesMarkets,Red Baron Frozen Pizza Deep Dish Singles Four Cheese,$5.89,,,11.2 oz,[],,"https://www.instacart.com/image-server/197x197/filters:fill(FFF,true):format(jpg)/d2lnr5mha7bycj.cloudfront.net/product-image/file/large_f1132740-d51a-4bd0-9fbd-a219f99ccd52.jpg,"
DavesMarkets,Mrs. T's 4 Cheese Medley,$4.39,,,16 oz,[],,"https://www.instacart.com/image-server/197x197/filters:fill(FFF,true):format(jpg)/d2lnr5mha7bycj.cloudfront.net/product-image/file/large_d5edc5ca-23e5-4b1e-a3c5-e258f58a831b.jpg,"
DavesMarkets,Daiya Dairy Free Cheeze Lover's Gluten Free Pizza,$12.09,,,12.03 oz,"['Gluten-Free', 'Vegan']",,"https://www.instacart.com/image-server/197x197/filters:fill(FFF,true):format(jpg)/d2lnr5mha7bycj.cloudfront.net/product-image/file/large_eaa07cff-20f4-4db2-bf9a-c6bc1beed944.jpg,"
DavesMarkets,Daiya Dairy Free Meatless Pepperoni Gluten Free Pizza,$12.09,,,16.7 oz,"['Gluten-Free', 'Vegan']",,"https://www.instacart.com/image-server/197x197/filters:fill(FFF,true):format(jpg)/d2lnr5mha7bycj.cloudfront.net/product-image/file/large_5c25fb48-a76d-4885-bd43-4d41ea9e6992.jpg,"
DavesMarkets,"Tostitos Salsa Con Queso, Medium",$6.29,,,15 oz,[],,"https://www.instacart.com/image-server/197x197/filters:fill(FFF,true):format(jpg)/d2lnr5mha7bycj.cloudfront.net/product-image/file/large_d91aa032-b7a6-4a8f-89dc-5ae529b2baaf.png,"
DavesMarkets,Hidden Valley Original Ranch Salad Dressing & Topping,$3.69,,,8 fl oz,[],,"https://www.instacart.com/image-server/197x197/filters:fill(FFF,true):format(jpg)/d2lnr5mha7bycj.cloudfront.net/product-image/file/large_df5a09a5-4247-45e2-ab6f-abb0f68a9a40.jpg,"
DavesMarkets,Heinz Tomato Ketchup,$3.89,,,14 oz,[],,"https://www.instacart.com/image-server/197x197/filters:fill(FFF,true):format(jpg)/d2lnr5mha7bycj.cloudfront.net/product-image/file/large_cdb6cdca-06c2-4c25-9512-a8a868b1ecd6.jpg,"
DavesMarkets,Kraft Raspberry Vinaigrette Lite Salad Dressing,$5.49,,,16 fl oz,[],,"https://www.instacart.com/image-server/197x197/filters:fill(FFF,true):format(jpg)/d2lnr5mha7bycj.cloudfront.net/product-image/file/large_fe880f47-7cbc-4a97-a836-7712b1d93312.jpg,"
DavesMarkets,Prego Roasted Garlic & Herb Pasta Sauce,$4.39,,,24 oz,['Gluten-Free'],,"https://www.instacart.com/image-server/197x197/filters:fill(FFF,true):format(jpg)/d2lnr5mha7bycj.cloudfront.net/product-image/file/large_9ea22a33-52db-4679-bbaa-e716b07f0526.jpg,"
DavesMarkets,French's® Classic Yellow Mustard,$2.69,,,8 oz,[],,"https://www.instacart.com/image-server/197x197/filters:fill(FFF,true):format(jpg)/d2lnr5mha7bycj.cloudfront.net/product-image/file/large_54fc56be-006a-4879-94ae-7c5aa847da68.jpg,"
DavesMarkets,Ragu Classic Alfredo Sauce,$3.29,,,16 oz,[],,"https://www.instacart.com/image-server/197x197/filters:fill(FFF,true):format(jpg)/d2lnr5mha7bycj.cloudfront.net/product-image/file/large_3ca0b882-2828-4264-a4c9-fa4047d4f5fd.jpg,"
DavesMarkets,Kraft Zesty Italian Fat Free Salad Dressing,$5.49,,,16 fl oz,[],,"https://www.instacart.com/image-server/197x197/filters:fill(FFF,true):format(jpg)/d2lnr5mha7bycj.cloudfront.net/product-image/file/large_cd80666b-a239-4bdf-8d6c-ebfdd3028fa1.jpg,"
DavesMarkets,Prego Traditional Pasta Sauce,$4.39,,,24 oz,['Gluten-Free'],,"https://www.instacart.com/image-server/197x197/filters:fill(FFF,true):format(jpg)/d2lnr5mha7bycj.cloudfront.net/product-image/file/large_f72c9476-f827-415d-ba7c-b66289d63fa7.jpg,"
DavesMarkets,Hidden Valley Original Ranch Salad Dressing & Topping,$7.69,,,24 fl oz,[],,"https://www.instacart.com/image-server/197x197/filters:fill(FFF,true):format(jpg)/d2lnr5mha7bycj.cloudfront.net/product-image/file/large_7837e04b-3fd8-42e3-adc4-ce0a7f9dfb1e.jpg,"
DavesMarkets,"Badia Spices Garlic, Minced",$2.89,,,8 oz,['Gluten-Free'],,"https://www.instacart.com/image-server/197x197/filters:fill(FFF,true):format(jpg)/d2lnr5mha7bycj.cloudfront.net/product-image/file/large_f9ceacb8-c24f-4fb7-81ac-966de9ef17f6.png,"
DavesMarkets,Kraft Classic Catalina Fat Free Salad Dressing,$5.49,,,16 fl oz,[],,"https://www.instacart.com/image-server/197x197/filters:fill(FFF,true):format(jpg)/d2lnr5mha7bycj.cloudfront.net/product-image/file/large_cc8c64be-b226-49ba-8f49-4561f99637d8.jpg,"
DavesMarkets,Original price: $6.59,$6.29,,,16 fl oz,[],,"https://www.instacart.com/image-server/197x197/filters:fill(FFF,true):format(jpg)/d2lnr5mha7bycj.cloudfront.net/product-image/file/large_873bdc5e-230d-44a4-a2e1-18645b61cfbd.jpg,"
DavesMarkets,Hellmann's Real Mayonnaise Real Mayo,$4.39,,,8 oz,[],,"https://www.instacart.com/image-server/197x197/filters:fill(FFF,true):format(jpg)/d2lnr5mha7bycj.cloudfront.net/product-image/file/large_b88216c3-0615-4f46-a577-f617b692293a.png,"
DavesMarkets,Original price: $4.19,$2.79,,,24 fl oz,[],Many in stock,"https://www.instacart.com/image-server/197x197/filters:fill(FFF,true):format(jpg)/d2lnr5mha7bycj.cloudfront.net/product-image/file/large_2aca6469-42f2-4cc9-bd58-9e9310f18096.png,"
DavesMarkets,Original price: $9.39,$7.69,,,24 oz,['Vegan'],,"https://www.instacart.com/image-server/197x197/filters:fill(FFF,true):format(jpg)/d2lnr5mha7bycj.cloudfront.net/product-image/file/large_268569e8-c688-4fd8-9e7a-fa41505e90db.png,"
DavesMarkets,Original price: $3.09,$2.79,,,20 oz,[],,"https://www.instacart.com/image-server/197x197/filters:fill(FFF,true):format(jpg)/d2lnr5mha7bycj.cloudfront.net/product-image/file/large_f69a177e-ea5c-4de4-bd94-6b3c169e82e3.jpeg,"
DavesMarkets,"Ortega Original Thick and Smooth Mild Taco Sauce, Kosher",$3.29,,,8 oz,['Vegan'],Many in stock,"https://www.instacart.com/image-server/197x197/filters:fill(FFF,true):format(jpg)/d2lnr5mha7bycj.cloudfront.net/product-image/file/large_2ee18064-d0ab-4736-a1cc-74252c94661e.png,"
DavesMarkets,Taco Bell Mild Sauce,$2.99,,,7.5 oz,[],,"https://www.instacart.com/image-server/197x197/filters:fill(FFF,true):format(jpg)/d2lnr5mha7bycj.cloudfront.net/product-image/file/large_b57fa42c-9d9a-46a4-a2c3-9060595e8801.jpg,"
DavesMarkets,Divina Feta Stuffed Olives,$10.99,,,7.8 oz,[],,"https://www.instacart.com/image-server/197x197/filters:fill(FFF,true):format(jpg)/d2lnr5mha7bycj.cloudfront.net/product-image/file/large_e57ec2f7-557c-4a85-b20f-7cf6d92933a1.jpg,"
DavesMarkets,Original price: $4.39,$2.79,,,16 oz,[],Many in stock,"https://www.instacart.com/image-server/197x197/filters:fill(FFF,true):format(jpg)/d2lnr5mha7bycj.cloudfront.net/product-image/file/large_ce1bf14a-eda0-4fa3-8c12-ad1cb477b3ba.png,"
DavesMarkets,Prego Flavored with Meat Pasta Sauce,$4.39,,,24 oz,['Gluten-Free'],,"https://www.instacart.com/image-server/197x197/filters:fill(FFF,true):format(jpg)/d2lnr5mha7bycj.cloudfront.net/product-image/file/large_69115813-efa8-4a11-9a13-990284e9d9da.jpg,"
DavesMarkets,Frank's RedHot® Original Cayenne Pepper Hot Sauce,$9.39,,,23 fl oz,['Vegan'],,"https://www.instacart.com/image-server/197x197/filters:fill(FFF,true):format(jpg)/d2lnr5mha7bycj.cloudfront.net/product-image/file/large_ae5a215a-69e7-4235-aed4-56832c27f185.jpg,"
DavesMarkets,Hellmann's Vegan Dressing and Spread Vegan,$8.29,,,11.5 fl oz,['Vegan'],,"https://www.instacart.com/image-server/197x197/filters:fill(FFF,true):format(jpg)/d2lnr5mha7bycj.cloudfront.net/product-image/file/large_eb69e38e-f44c-4725-8500-8e31b092742d.png,"
DavesMarkets,Ragu Old World Style Sauce Flavored with Meat,$3.29,,,23.9 oz,[],,"https://www.instacart.com/image-server/197x197/filters:fill(FFF,true):format(jpg)/d2lnr5mha7bycj.cloudfront.net/product-image/file/large_80051900-cd40-4279-9976-a452e6f50be9.jpg,"
DavesMarkets,Original price: $4.39,$3.29,,,16 fl oz,[],,"https://www.instacart.com/image-server/197x197/filters:fill(FFF,true):format(jpg)/d2lnr5mha7bycj.cloudfront.net/product-image/file/large_0623e4d6-c3f3-4321-a04d-04d5c8467a76.png,"
DavesMarkets,Prego Italian Sausage and Garlic Meat Sauce,$4.39,,,23.5 oz,['Gluten-Free'],,"https://www.instacart.com/image-server/197x197/filters:fill(FFF,true):format(jpg)/d2lnr5mha7bycj.cloudfront.net/product-image/file/large_fe06d3dd-049a-41ed-9e1d-69ed6488a7a7.jpg,"
DavesMarkets,"Yellowbird Classic, Habanero Hot Sauce",$8.79,,,9.8 oz,"['Gluten-Free', 'Vegan']",,"https://www.instacart.com/image-server/197x197/filters:fill(FFF,true):format(jpg)/d2lnr5mha7bycj.cloudfront.net/product-image/file/large_dc5e7cd9-d85f-4b49-ac01-36a99389966b.jpg,"
DavesMarkets,A.1. Original Steak Sauce,$5.49,,,5 oz,['Vegan'],,"https://www.instacart.com/image-server/197x197/filters:fill(FFF,true):format(jpg)/d2lnr5mha7bycj.cloudfront.net/product-image/file/large_d8aca76e-952e-43b8-88d6-06c47a3c9325.jpg,"
DavesMarkets,Original price: $10.99,$8.79,,,30 oz,[],,"https://www.instacart.com/image-server/197x197/filters:fill(FFF,true):format(jpg)/d2lnr5mha7bycj.cloudfront.net/product-image/file/large_8040c9ff-d6e4-437e-bfe8-c278884ee06e.png,"
DavesMarkets,Original price: $6.29,$4.99,,,21.5 oz,[],,"https://www.instacart.com/image-server/197x197/filters:fill(FFF,true):format(jpg)/d2lnr5mha7bycj.cloudfront.net/product-image/file/large_198ecf10-d6ae-4dda-b29d-aa7e3867c0aa.jpg,"
DavesMarkets,Original price: $8.29,$7.69,,,66 oz,[],,"https://www.instacart.com/image-server/197x197/filters:fill(FFF,true):format(jpg)/d2lnr5mha7bycj.cloudfront.net/product-image/file/large_f26cc0b8-76a7-4df7-84e4-a6134fb70864.jpg,"
DavesMarkets,Hellmann's Mayonnaise Real Mayonnaise,$4.79,,,5.5 oz,[],,"https://www.instacart.com/image-server/197x197/filters:fill(FFF,true):format(jpg)/d2lnr5mha7bycj.cloudfront.net/product-image/file/large_12c42832-ec8b-4719-a673-2cd71b430c37.png,"
DavesMarkets,Original price: $2.59,$1.99,,,15 oz,[],Many in stock,"https://www.instacart.com/image-server/197x197/filters:fill(FFF,true):format(jpg)/d2lnr5mha7bycj.cloudfront.net/product-image/file/large_3e8e2acb-94e8-4686-be72-8d3006d8ebc6.png,"
DavesMarkets,Original price: $5.49,$5.29,,,16 oz,[],,"https://www.instacart.com/image-server/197x197/filters:fill(FFF,true):format(jpg)/d2lnr5mha7bycj.cloudfront.net/product-image/file/large_cb67ed9d-3206-4463-8657-84057cca4cfd.jpg,"
DavesMarkets,"Marzetti Veggie Dip Singles, Ranch, Snack Size",$4.99,,,6 x 1.5 oz,[],,"https://www.instacart.com/image-server/197x197/filters:fill(FFF,true):format(jpg)/d2lnr5mha7bycj.cloudfront.net/product-image/file/large_d8b3587a-f586-4223-a82d-1f277e7ef77e.png,"
DavesMarkets,Prego Tomato Basil Garlic Pasta Sauce,$4.39,,,24 oz,['Gluten-Free'],,"https://www.instacart.com/image-server/197x197/filters:fill(FFF,true):format(jpg)/d2lnr5mha7bycj.cloudfront.net/product-image/file/large_54c7f419-9c64-4de5-a4aa-98e16dd54244.jpg,"
DavesMarkets,Ragu Old World Style Traditional Sauce,$3.29,,,24 oz,[],,"https://www.instacart.com/image-server/197x197/filters:fill(FFF,true):format(jpg)/d2lnr5mha7bycj.cloudfront.net/product-image/file/large_d2c09f1b-5ad0-4906-9d67-1223dd4766b0.jpg,"
DavesMarkets,Original price: $6.59,$6.09,,,45 oz,[],,"https://www.instacart.com/image-server/197x197/filters:fill(FFF,true):format(jpg)/d2lnr5mha7bycj.cloudfront.net/product-image/file/large_0c6bfbc7-96db-43f1-8e1c-43d933cc3fac.jpg,"
DavesMarkets,Heinz Sweet Relish,$3.89,,,12.7 fl oz,[],,"https://www.instacart.com/image-server/197x197/filters:fill(FFF,true):format(jpg)/d2lnr5mha7bycj.cloudfront.net/product-image/file/large_142eecf3-744c-4652-9351-15f1563c1a4e.jpg,"
DavesMarkets,"Sweet Baby Ray's Barbecue Sauce, Honey",$3.59,,,18 oz,['Gluten-Free'],Many in stock,"https://www.instacart.com/image-server/197x197/filters:fill(FFF,true):format(jpg)/d2lnr5mha7bycj.cloudfront.net/product-image/file/large_72122eeb-d8ce-4ee6-9178-0551c3e1e623.png,"
DavesMarkets,Original price: $3.29,$3.09,,,32 oz,[],Many in stock,"https://www.instacart.com/image-server/197x197/filters:fill(FFF,true):format(jpg)/d2lnr5mha7bycj.cloudfront.net/product-image/file/large_c33bf0c1-1429-44c5-9427-3e83d8ec2592.jpg,"
DavesMarkets,Yellowbird Classic Blue Agave Sriracha,$8.79,,,9.8 oz,"['Gluten-Free', 'Vegan']",,"https://www.instacart.com/image-server/197x197/filters:fill(FFF,true):format(jpg)/d2lnr5mha7bycj.cloudfront.net/product-image/file/large_c3f58d8a-8321-4114-b4ed-89ed61e44aa1.jpg,"
DavesMarkets,Original price: $9.89,$8.79,,,20 oz,[],,"https://www.instacart.com/image-server/197x197/filters:fill(FFF,true):format(jpg)/d2lnr5mha7bycj.cloudfront.net/product-image/file/large_7ab76263-de04-4685-b58e-40e0ed0fd7d2.png,"
DavesMarkets,Original price: $8.79,$7.49,,,32 fl oz,[],,"https://www.instacart.com/image-server/197x197/filters:fill(FFF,true):format(jpg)/d2lnr5mha7bycj.cloudfront.net/product-image/file/large_9a68856e-37f7-417f-873b-6677523913a2.png,"
DavesMarkets,Ragu Chunky Garden Combination Pasta Sauce,$3.29,,,24 oz,[],,"https://www.instacart.com/image-server/197x197/filters:fill(FFF,true):format(jpg)/d2lnr5mha7bycj.cloudfront.net/product-image/file/large_cb29f413-9d1c-4ee7-867b-ad24bbefc571.jpg,"
DavesMarkets,Original price: $8.29,$4.99,,,9 oz,[],,"https://www.instacart.com/image-server/197x197/filters:fill(FFF,true):format(jpg)/d2lnr5mha7bycj.cloudfront.net/product-image/file/large_4edaad4d-37a8-4575-ad6b-0a6347f34acb.png,"
DavesMarkets,Original price: $4.39,$2.79,,,16 fl oz,[],,"https://www.instacart.com/image-server/197x197/filters:fill(FFF,true):format(jpg)/d2lnr5mha7bycj.cloudfront.net/product-image/file/large_8de76ff4-0a46-40ee-b78c-534a48f2446b.png,"
DavesMarkets,Original price: $8.29,$7.19,,,15 oz,['Gluten-Free'],,"https://www.instacart.com/image-server/197x197/filters:fill(FFF,true):format(jpg)/d2lnr5mha7bycj.cloudfront.net/product-image/file/large_20eae1e6-6cc4-4f53-84ec-42d6888262e5.png,"
DavesMarkets,Original price: $9.89,$8.79,,,15 oz,['Gluten-Free'],,"https://www.instacart.com/image-server/197x197/filters:fill(FFF,true):format(jpg)/d2lnr5mha7bycj.cloudfront.net/product-image/file/large_3ba11dec-cee8-4b46-8be7-093659af2325.png,"
DavesMarkets,Bachan's Original Japanese Barbecue Sauce,$10.99,,,17 oz,[],,"https://www.instacart.com/image-server/197x197/filters:fill(FFF,true):format(jpg)/d2lnr5mha7bycj.cloudfront.net/product-image/file/large_7c69818c-bdb4-41f3-a25b-0cc09e02af02.png,"
DavesMarkets,"La Preferida Zesty Nacho Cheese Sauce, Ready-to-Eat",$4.99,,,15 oz,['Gluten-Free'],Many in stock,"https://www.instacart.com/image-server/197x197/filters:fill(FFF,true):format(jpg)/d2lnr5mha7bycj.cloudfront.net/product-image/file/large_99b4c0c7-6dec-4f9f-acb7-4b717fc52fa3.png,"
DavesMarkets,Maille Mustard Dijon Originale Squeeze,$8.29,,,8.9 oz,['Vegan'],,"https://www.instacart.com/image-server/197x197/filters:fill(FFF,true):format(jpg)/d2lnr5mha7bycj.cloudfront.net/product-image/file/large_19e30143-3d27-44c8-bcc2-92df7ea07b88.png,"
DavesMarkets,Original price: $5.49,$4.39,,,13 fl oz,[],,"https://www.instacart.com/image-server/197x197/filters:fill(FFF,true):format(jpg)/d2lnr5mha7bycj.cloudfront.net/product-image/file/large_689c8854-bcb0-4cbd-bcbe-95290c3d1275.png,"
DavesMarkets,Original price: $5.29,$4.39,,,5 oz,['Gluten-Free'],Many in stock,"https://www.instacart.com/image-server/197x197/filters:fill(FFF,true):format(jpg)/d2lnr5mha7bycj.cloudfront.net/product-image/file/large_8e6030f4-074f-433f-a056-b8e04dbb6110.png,"
DavesMarkets,Maille Mustard Dijon Originale,$8.49,,,7.5 oz,['Vegan'],,"https://www.instacart.com/image-server/197x197/filters:fill(FFF,true):format(jpg)/d2lnr5mha7bycj.cloudfront.net/product-image/file/large_9e5a3bf0-22c3-4f46-bf0f-478998ad3293.jpg,"
DavesMarkets,"TRUFF Hot Sauce, Black Truffle Infused Gourmet Hot Sauce",$18.69,,,6 oz,"['Gluten-Free', 'Vegan']",,"https://www.instacart.com/image-server/197x197/filters:fill(FFF,true):format(jpg)/d2lnr5mha7bycj.cloudfront.net/product-image/file/large_19e9975f-9313-4b37-998f-99f5e56b89aa.jpg,"
DavesMarkets,Sky Valley Sriracha,$10.99,,,18.5 oz,"['Organic', 'Gluten-Free']",,"https://www.instacart.com/image-server/197x197/filters:fill(FFF,true):format(jpg)/d2lnr5mha7bycj.cloudfront.net/product-image/file/large_c69bc9ca-8b73-4f1e-b0f6-979ce7a98819.png,"
DavesMarkets,Tostitos Medium Salsa Con Queso,$7.39,,,23 oz,[],,"https://www.instacart.com/image-server/197x197/filters:fill(FFF,true):format(jpg)/d2lnr5mha7bycj.cloudfront.net/product-image/file/large_804e7e34-ecf2-4846-812e-d87d67f56153.png,"
DavesMarkets,"Fresh Express Salad Kit, Caesar Supreme",$4.39,,,10.5 oz Bag,[],,"https://www.instacart.com/image-server/197x197/filters:fill(FFF,true):format(jpg)/d2lnr5mha7bycj.cloudfront.net/product-image/file/large_1a343389-bc88-45dd-b9b2-2c99b43698a0.png,"
DavesMarkets,Original price: $5.49,$5.09,,,16 oz,[],Many in stock,"https://www.instacart.com/image-server/197x197/filters:fill(FFF,true):format(jpg)/d2lnr5mha7bycj.cloudfront.net/product-image/file/large_d307cd69-3c6e-41b4-8e02-be01d0bddbe0.png,"
DavesMarkets,Original price: $9.49,$8.79,,,16 oz,[],,"https://www.instacart.com/image-server/197x197/filters:fill(FFF,true):format(jpg)/d2lnr5mha7bycj.cloudfront.net/product-image/file/large_11be8f5a-d73d-40dc-a651-e44a179491a5.png,"
DavesMarkets,Panera Bread Creamy Chicken & Wild Rice Soup Cup (Gluten Free),$7.69,,,16 oz,[],,"https://www.instacart.com/image-server/197x197/filters:fill(FFF,true):format(jpg)/d2lnr5mha7bycj.cloudfront.net/product-image/file/large_901dae69-0bb6-481c-8efb-4ac2a73b84c9.png,"
DavesMarkets,Blount Clam Shack Gluten Free New England Clam Chowder Soup,$10.99,,,30 oz,[],,"https://www.instacart.com/image-server/197x197/filters:fill(FFF,true):format(jpg)/d2lnr5mha7bycj.cloudfront.net/product-image/file/large_9a59c653-1a45-49cd-92dc-5fae063ad9e3.png,"
DavesMarkets,Taylor Farms Maple Bourbon Bacon Chopped Salad Kit,$4.39,,,12.8 oz,[],,"https://www.instacart.com/image-server/197x197/filters:fill(FFF,true):format(jpg)/d2lnr5mha7bycj.cloudfront.net/product-image/file/large_ce776b58-2c8a-4862-954d-a2e8c20ef8f2.png,"
DavesMarkets,Panera Bread Broccoli Cheddar Soup Cup,$10.99,,,32 oz,[],,"https://www.instacart.com/image-server/197x197/filters:fill(FFF,true):format(jpg)/d2lnr5mha7bycj.cloudfront.net/product-image/file/large_ffb1410b-cebc-4363-b568-177924882ef0.png,"
DavesMarkets,Original price: $7.19,$6.59,,,2 ct,[],,"https://www.instacart.com/image-server/197x197/filters:fill(FFF,true):format(jpg)/d2lnr5mha7bycj.cloudfront.net/product-image/file/large_c344d88e-9eee-4b8a-b49d-f2c7b80d3386.jpg,"
DavesMarkets,Original price: $6.59,$4.99,,,3 x 1.5 oz,[],,"https://www.instacart.com/image-server/197x197/filters:fill(FFF,true):format(jpg)/d2lnr5mha7bycj.cloudfront.net/product-image/file/large_047ae627-e60f-468f-b4f7-cb8a80b62a82.jpg,"
DavesMarkets,Original price: $10.59,$9.89,,,12 oz,[],,"https://www.instacart.com/image-server/197x197/filters:fill(FFF,true):format(jpg)/d2lnr5mha7bycj.cloudfront.net/product-image/file/large_6998352a-68fd-4d85-b175-434f14e1e5cd.png,"
DavesMarkets,Panera Bread Baked Potato Soup Cup (Gluten Free),$7.69,,,16 oz,[],Many in stock,"https://www.instacart.com/image-server/197x197/filters:fill(FFF,true):format(jpg)/d2lnr5mha7bycj.cloudfront.net/product-image/file/large_bcfd2f0d-d418-4b66-86f8-da2b8f9cba4d.png,"
DavesMarkets,"Reser’s Main St Bistro Scalloped Potatoes, Baked",$6.09,,,20 oz,[],,"https://www.instacart.com/image-server/197x197/filters:fill(FFF,true):format(jpg)/d2lnr5mha7bycj.cloudfront.net/product-image/file/large_e69108d4-1d55-41c3-a36f-55c14c786424.png,"
DavesMarkets,Original price: $9.49,$7.69,/lb,,$0.48/oz,[],,"https://www.instacart.com/image-server/197x197/filters:fill(FFF,true):format(jpg)/d1s8987jlndkbs.cloudfront.net/assets/missing-item-4bbe82b8555e4d1c12626fd482cb2409713e8e30835645ff3650ef66a725d03c.png,"
DavesMarkets,Panera Bread Broccoli Cheddar Soup Cup,$7.69,,,16 oz,[],,"https://www.instacart.com/image-server/197x197/filters:fill(FFF,true):format(jpg)/d2lnr5mha7bycj.cloudfront.net/product-image/file/large_f3e40fd0-0d5d-4788-ab91-97a2fb74a6de.png,"
DavesMarkets,Original price: $6.59,$4.99,,,3 x 4.5 oz,[],,"https://www.instacart.com/image-server/197x197/filters:fill(FFF,true):format(jpg)/d2lnr5mha7bycj.cloudfront.net/product-image/file/large_8da2a7a4-ee75-4e84-90ef-a8fd46a20bb7.jpg,"
DavesMarkets,Original price: $5.09,$4.39,,,16 oz,[],,"https://www.instacart.com/image-server/197x197/filters:fill(FFF,true):format(jpg)/d2lnr5mha7bycj.cloudfront.net/product-image/file/large_a0bc08b2-735e-4c28-aa32-2c30898d8025.png,"
DavesMarkets,"Marzetti Caramel Dip, Classic, Singles",$6.59,,,6 x 1.7 oz,[],,"https://www.instacart.com/image-server/197x197/filters:fill(FFF,true):format(jpg)/d2lnr5mha7bycj.cloudfront.net/product-image/file/large_ca554429-24d1-41b0-9814-9ff82f3b1c88.png,"
DavesMarkets,Lunchables Pizza with Pepperoni Kids Lunch Snack Kit,$3.09,,,4.3 oz,[],,"https://www.instacart.com/image-server/197x197/filters:fill(FFF,true):format(jpg)/d2lnr5mha7bycj.cloudfront.net/product-image/file/large_159dec40-0eb1-4b47-89f2-63b5b607fb26.jpg,"
DavesMarkets,Bob Evans Farms Macaroni & Cheese,$5.49,,,20 oz,[],,"https://www.instacart.com/image-server/197x197/filters:fill(FFF,true):format(jpg)/d2lnr5mha7bycj.cloudfront.net/product-image/file/large_d053618e-a908-4433-8fba-4d128c42a06f.png,"
DavesMarkets,Original price: $10.99,$9.49,,,20 oz,[],,"https://www.instacart.com/image-server/197x197/filters:fill(FFF,true):format(jpg)/d2lnr5mha7bycj.cloudfront.net/product-image/file/large_2b2424aa-b4d5-430d-8fbd-349538f696db.jpg,"
DavesMarkets,Lunchables Pepperoni Pizza Kids Lunch Meal Kit Snack with Capri Sun & Crunch Candy Bar,$3.79,,,4.7 oz,[],,"https://www.instacart.com/image-server/197x197/filters:fill(FFF,true):format(jpg)/d2lnr5mha7bycj.cloudfront.net/product-image/file/large_b866bfb7-8023-464d-b3da-ff3ed340d872.jpg,"
DavesMarkets,"Sargento Balanced Breaks®, Gouda Natural Cheese, Honey Roasted Peanuts, Dried Cranberries",$6.59,,,3 x 4.5 oz,[],,"https://www.instacart.com/image-server/197x197/filters:fill(FFF,true):format(jpg)/d2lnr5mha7bycj.cloudfront.net/product-image/file/large_956ee4d8-91f2-43cd-b84a-a5fd49d0c4c1.jpg,"
DavesMarkets,Grandma’s Potato Salad with Egg,$9.49,,,32 oz,[],Many in stock,"https://www.instacart.com/image-server/197x197/filters:fill(FFF,true):format(jpg)/d2lnr5mha7bycj.cloudfront.net/product-image/file/large_38c650ea-3161-4997-ac05-bfc54eb8b86b.png,"
DavesMarkets,Original price: $4.39,$4.09,,,7.5 oz,[],,"https://www.instacart.com/image-server/197x197/filters:fill(FFF,true):format(jpg)/d2lnr5mha7bycj.cloudfront.net/product-image/file/large_1366d458-af85-45ea-8ded-719f8049429f.jpg,"
DavesMarkets,"Kitchens of India Pav Bhaji, Mashed Vegetable Curry, Medium",$5.49,,,10 oz,[],,"https://www.instacart.com/image-server/197x197/filters:fill(FFF,true):format(jpg)/d2lnr5mha7bycj.cloudfront.net/product-image/file/large_dc5ad790-d179-4f9c-a82e-386ba1beb814.png,"
DavesMarkets,Original price: $10.59,$9.89,,,3 lb,[],,"https://www.instacart.com/image-server/197x197/filters:fill(FFF,true):format(jpg)/d2lnr5mha7bycj.cloudfront.net/product-image/file/large_eaeac004-550f-432a-94e3-2326383c9777.png,"
DavesMarkets,"Just Crack an Egg Scramble Kit, Denver",$3.99,,,3 oz,[],,"https://www.instacart.com/image-server/197x197/filters:fill(FFF,true):format(jpg)/d2lnr5mha7bycj.cloudfront.net/product-image/file/large_bc9c4629-f5ba-43c8-9f5e-caededab28bd.jpg,"
DavesMarkets,Original price: $9.49,$7.69,,,16 oz,[],,"https://www.instacart.com/image-server/197x197/filters:fill(FFF,true):format(jpg)/d2lnr5mha7bycj.cloudfront.net/product-image/file/large_e6867811-8660-466a-b300-369644097a67.png,"
DavesMarkets,Lunchables Turkey & Cheddar Cheese Sub Sandwich Kids Lunch Snack Meal Kit & Kool-Aid,$5.09,,,15 oz,[],,"https://www.instacart.com/image-server/197x197/filters:fill(FFF,true):format(jpg)/d2lnr5mha7bycj.cloudfront.net/product-image/file/large_ec1d9c24-c925-49cc-8287-cffff66d15e4.jpg,"
DavesMarkets,Lunchables Extra Cheesy Pizza Kids Lunch Snack Kit,$3.09,,,4.2 oz,[],,"https://www.instacart.com/image-server/197x197/filters:fill(FFF,true):format(jpg)/d2lnr5mha7bycj.cloudfront.net/product-image/file/large_2e530123-8c72-4fb8-9e35-3b574a6fac3e.jpg,"
DavesMarkets,Lunchables Ham & American Cheese Cracker Stackers Kids Lunch Snack Meal Kit with Capri Sun,$3.79,,,9.1 oz,[],,"https://www.instacart.com/image-server/197x197/filters:fill(FFF,true):format(jpg)/d2lnr5mha7bycj.cloudfront.net/product-image/file/large_4df16245-5cf3-4d25-8343-ef6b6f9e645e.jpg,"
DavesMarkets,Lunchables Turkey & American Cheese Cracker Snack Kit with Chocolate Sandwich Cookies,$3.09,,,3.2 oz,[],,"https://www.instacart.com/image-server/197x197/filters:fill(FFF,true):format(jpg)/d2lnr5mha7bycj.cloudfront.net/product-image/file/large_91b656d1-b295-4447-89e2-7fb04b7b485a.jpg,"
DavesMarkets,"Bob Evans Farms Mashed Potatoes, Original",$5.49,,,24 oz,[],,"https://www.instacart.com/image-server/197x197/filters:fill(FFF,true):format(jpg)/d2lnr5mha7bycj.cloudfront.net/product-image/file/large_5c816279-c279-4782-bc82-4492f68065af.png,"
DavesMarkets,"Just Crack an Egg Scramble Breakfast Bowl Kit with Potatoes, Sharp Cheddar Cheese, & Bacon",$3.99,,,3 oz,[],,"https://www.instacart.com/image-server/197x197/filters:fill(FFF,true):format(jpg)/d2lnr5mha7bycj.cloudfront.net/product-image/file/large_1de44c30-7142-464e-a2a2-3fb2917bb7fa.jpg,"
DavesMarkets,Original price: $7.19,$6.09,,,2 each,[],,"https://www.instacart.com/image-server/197x197/filters:fill(FFF,true):format(jpg)/d2lnr5mha7bycj.cloudfront.net/product-image/file/large_41d25be5-66a0-4b1f-95af-8e780c3b43da.png,"
DavesMarkets,"Just Crack an Egg Protein Packed Scramble Breakfast Bowl Kit, for a Low Carb Lifestyle",$3.99,,,2.25 oz,[],,"https://www.instacart.com/image-server/197x197/filters:fill(FFF,true):format(jpg)/d2lnr5mha7bycj.cloudfront.net/product-image/file/large_3dcd951a-d3f2-4dab-b4a2-2f059ca077ef.jpg,"
