Store,Item Name,Price,Units,Unit Price,Amount,Tags,In Stock,Image
FreshThymeMarket,Banana,$0.37,each (est.),$0.79 / lb,About 0.47 lb each,[],,"https://www.instacart.com/image-server/197x197/filters:fill(FFF,true):format(jpg)/d2lnr5mha7bycj.cloudfront.net/product-image/file/large_eea6ea6f-74a2-4eab-9cb8-1bc9e2efb961.png,"
FreshThymeMarket,Hass Avocado,$1.09,,,1 ct,[],Many in stock,"https://www.instacart.com/image-server/197x197/filters:fill(FFF,true):format(jpg)/d2lnr5mha7bycj.cloudfront.net/product-image/file/large_0251fd1d-37f3-47db-8e50-f3a2f4e0984e.png,"
FreshThymeMarket,Organic Bananas,$0.34,each (est.),$0.99 / lb,About 0.35 lb each,"['Organic', 'Non-GMO']",,"https://www.instacart.com/image-server/197x197/filters:fill(FFF,true):format(jpg)/d2lnr5mha7bycj.cloudfront.net/product-image/file/large_716c0099-a1fb-4cbf-8af2-860a81f52b5e.png,"
FreshThymeMarket,Original price: $4.29,$3.29,,,1 lb Container,[],,"https://www.instacart.com/image-server/197x197/filters:fill(FFF,true):format(jpg)/d2lnr5mha7bycj.cloudfront.net/product-image/file/large_9f7d40d7-d914-4b87-804c-3c9e2ccada0f.png,"
FreshThymeMarket,Lemon,$1.09,,,1 each,[],Many in stock,"https://www.instacart.com/image-server/197x197/filters:fill(FFF,true):format(jpg)/d2lnr5mha7bycj.cloudfront.net/product-image/file/large_32d76aa6-6676-470d-81ee-24a2e73550c5.png,"
FreshThymeMarket,Blueberries Package,$4.29,,,1 pint container,[],,"https://www.instacart.com/image-server/197x197/filters:fill(FFF,true):format(jpg)/d2lnr5mha7bycj.cloudfront.net/product-image/file/large_3cdb545f-d353-41c9-a3a6-4d5278865224.png,"
FreshThymeMarket,Clementine Tangerines Bag,$4.29,,,2 lb bag,[],Many in stock,"https://www.instacart.com/image-server/197x197/filters:fill(FFF,true):format(jpg)/d2lnr5mha7bycj.cloudfront.net/product-image/file/large_048bdbf7-33c1-4ee2-9469-268168d5bc98.png,"
FreshThymeMarket,Limes,$0.59,,,1 each,[],Many in stock,"https://www.instacart.com/image-server/197x197/filters:fill(FFF,true):format(jpg)/d2lnr5mha7bycj.cloudfront.net/product-image/file/large_2e7f6427-9d64-4594-a422-e2282f1b0cc3.png,"
FreshThymeMarket,Organic Hass Avocado,$2.19,,,1 each,"['Organic', 'Non-GMO']",Many in stock,"https://www.instacart.com/image-server/197x197/filters:fill(FFF,true):format(jpg)/d2lnr5mha7bycj.cloudfront.net/product-image/file/large_670150b6-7c97-4d17-8b68-e929fddcd167.png,"
FreshThymeMarket,Honeycrisp Apple,$0.98,each (est.),$2.19 / lb,About 0.45 lb each,[],,"https://www.instacart.com/image-server/197x197/filters:fill(FFF,true):format(jpg)/d2lnr5mha7bycj.cloudfront.net/product-image/file/large_b11a95cd-6c86-46bd-8d0e-de0b6e6e91df.png,"
FreshThymeMarket,Original price: $4.29,$3.29,,,6 oz Container,[],,"https://www.instacart.com/image-server/197x197/filters:fill(FFF,true):format(jpg)/d2lnr5mha7bycj.cloudfront.net/product-image/file/large_0484cff0-827d-4da2-bd47-7887aae666ba.png,"
FreshThymeMarket,Organic Blueberries Package,$5.39,,,6 oz Container,"['Organic', 'Non-GMO']",,"https://www.instacart.com/image-server/197x197/filters:fill(FFF,true):format(jpg)/d2lnr5mha7bycj.cloudfront.net/product-image/file/large_701b2e31-5927-4522-9353-1ad8f12cdd2c.png,"
FreshThymeMarket,Lemon,$4.29,,,2 lb bag,[],Many in stock,"https://www.instacart.com/image-server/197x197/filters:fill(FFF,true):format(jpg)/d2lnr5mha7bycj.cloudfront.net/product-image/file/large_e576a716-ebd9-4d84-91a1-1034ae7b6356.png,"
FreshThymeMarket,Organic Lemon,$1.09,,,1 ct,"['Organic', 'Non-GMO']",Many in stock,"https://www.instacart.com/image-server/197x197/filters:fill(FFF,true):format(jpg)/d2lnr5mha7bycj.cloudfront.net/product-image/file/large_4923abac-01ce-4bf4-8de6-e2cb30478bcf.png,"
FreshThymeMarket,Original price: $2.69,$1.69,,,1 each,[],Many in stock,"https://www.instacart.com/image-server/197x197/filters:fill(FFF,true):format(jpg)/d2lnr5mha7bycj.cloudfront.net/product-image/file/large_5311af99-b199-415d-9f54-13701df3c112.png,"
FreshThymeMarket,Original price: $4.29,$3.29,,,6 oz container,[],Many in stock,"https://www.instacart.com/image-server/197x197/filters:fill(FFF,true):format(jpg)/d2lnr5mha7bycj.cloudfront.net/product-image/file/large_ec401b48-ca48-4bf4-a969-241c6a68d921.png,"
FreshThymeMarket,Organic Blackberries,$5.39,,,6 oz container,"['Organic', 'Non-GMO']",Many in stock,"https://www.instacart.com/image-server/197x197/filters:fill(FFF,true):format(jpg)/d2lnr5mha7bycj.cloudfront.net/product-image/file/large_ff6b3b65-c53d-4f9e-b0fa-15c0be5150ca.png,"
FreshThymeMarket,Organic Raspberries Package,$5.39,,,6 oz Package,"['Organic', 'Non-GMO']",Many in stock,"https://www.instacart.com/image-server/197x197/filters:fill(FFF,true):format(jpg)/d2lnr5mha7bycj.cloudfront.net/product-image/file/large_46b5fd1a-a475-4fc9-932a-1db80fd4c5cf.png,"
FreshThymeMarket,Original price: $9.65,$7.40,/pkg (est.),$3.29 / lb,About 2.25 lb / package,[],,"https://www.instacart.com/image-server/197x197/filters:fill(FFF,true):format(jpg)/d2lnr5mha7bycj.cloudfront.net/product-image/file/large_403632e9-ba28-4000-ae68-f66aa02e8e1e.png,"
FreshThymeMarket,Organic Blueberries Package,$5.39,,,1 pint container,"['Organic', 'Non-GMO']",Many in stock,"https://www.instacart.com/image-server/197x197/filters:fill(FFF,true):format(jpg)/d2lnr5mha7bycj.cloudfront.net/product-image/file/large_c11083dc-a7b5-4c0b-a1ee-86b01f50b736.png,"
FreshThymeMarket,Red Mango,$2.19,,,1 ct,[],Many in stock,"https://www.instacart.com/image-server/197x197/filters:fill(FFF,true):format(jpg)/d2lnr5mha7bycj.cloudfront.net/product-image/file/large_3a7bffa9-952a-421e-8dad-0ce3b7089e9a.png,"
FreshThymeMarket,Organic Honeycrisp Apple,$6.49,,,2 lb bag,"['Non-GMO', 'Organic']",Many in stock,"https://www.instacart.com/image-server/197x197/filters:fill(FFF,true):format(jpg)/d2lnr5mha7bycj.cloudfront.net/product-image/file/large_512d49b8-f906-46d6-a710-b19950995900.png,"
FreshThymeMarket,Fresh Thyme Market Pineapple Chunks,$6.49,,,20 oz,[],Many in stock,"https://www.instacart.com/image-server/197x197/filters:fill(FFF,true):format(jpg)/d2lnr5mha7bycj.cloudfront.net/product-image/file/large_c48af219-5b19-4547-8025-9777e6041d1f.png,"
FreshThymeMarket,Yellow Peach,$1.25,each (est.),$3.29 / lb,About 0.38 lb each,[],,"https://www.instacart.com/image-server/197x197/filters:fill(FFF,true):format(jpg)/d2lnr5mha7bycj.cloudfront.net/product-image/file/large_2599f9a8-fd15-469f-83fc-5ce2ecf4cdc3.png,"
FreshThymeMarket,Plum,$1.23,each (est.),$3.29 / lb,About 0.37 lb each,[],,"https://www.instacart.com/image-server/197x197/filters:fill(FFF,true):format(jpg)/d2lnr5mha7bycj.cloudfront.net/product-image/file/large_1bd33d36-5dfe-4440-916f-7386150d75c7.png,"
FreshThymeMarket,Organic Gala Apple,$0.97,each (est.),$2.19 / lb,About 0.44 lb each,"['Non-GMO', 'Organic']",,"https://www.instacart.com/image-server/197x197/filters:fill(FFF,true):format(jpg)/d2lnr5mha7bycj.cloudfront.net/product-image/file/large_8a10bbe7-6c5d-467c-a1b4-ad18415af8ea.png,"
FreshThymeMarket,Original price: $7.59,$6.49,,,2 lb container,[],,"https://www.instacart.com/image-server/197x197/filters:fill(FFF,true):format(jpg)/d2lnr5mha7bycj.cloudfront.net/product-image/file/large_4ab32a65-a8a1-443c-b6d5-3e5f26d49907.png,"
FreshThymeMarket,Mini Seedless Watermelon,$6.49,,,1 ct,[],,"https://www.instacart.com/image-server/197x197/filters:fill(FFF,true):format(jpg)/d2lnr5mha7bycj.cloudfront.net/product-image/file/large_41cd510a-87e1-45b4-af42-ab750e336dcc.png,"
FreshThymeMarket,Navel Orange,$4.29,,,3 lb bag,[],Many in stock,"https://www.instacart.com/image-server/197x197/filters:fill(FFF,true):format(jpg)/d2lnr5mha7bycj.cloudfront.net/product-image/file/large_17e82f18-3e46-42f9-8c2f-674e618ddf69.png,"
FreshThymeMarket,Organic Honeycrisp Apple,$1.43,each (est.),$3.29 / lb,About 0.43 lb each,"['Non-GMO', 'Organic']",,"https://www.instacart.com/image-server/197x197/filters:fill(FFF,true):format(jpg)/d2lnr5mha7bycj.cloudfront.net/product-image/file/large_5af48967-f75b-46c3-a30b-5de611964054.png,"
FreshThymeMarket,Fresh Thyme Market Watermelon Chunks,$3.29,,,8 oz,[],,"https://www.instacart.com/image-server/197x197/filters:fill(FFF,true):format(jpg)/d2lnr5mha7bycj.cloudfront.net/product-image/file/large_0a615e05-6e63-401c-85c4-410a1be5ecd2.png,"
FreshThymeMarket,Heirloom Navel Orange,$1.20,each (est.),$1.89 / lb,About 0.64 lb each,[],,"https://www.instacart.com/image-server/197x197/filters:fill(FFF,true):format(jpg)/d2lnr5mha7bycj.cloudfront.net/product-image/file/large_1df91bbc-bc85-4499-9964-50018b704a99.png,"
FreshThymeMarket,Bartlett Pear,$0.85,each (est.),$2.19 / lb,About 0.39 lb each,[],,"https://www.instacart.com/image-server/197x197/filters:fill(FFF,true):format(jpg)/d2lnr5mha7bycj.cloudfront.net/product-image/file/large_4ffc5e8e-4f55-4b32-8c3c-257b33552489.png,"
FreshThymeMarket,Green Kiwi,$0.79,,,,[],Many in stock,"https://www.instacart.com/image-server/197x197/filters:fill(FFF,true):format(jpg)/d2lnr5mha7bycj.cloudfront.net/product-image/file/large_ec124926-4143-4bdb-add7-dea271d4ec88.png,"
FreshThymeMarket,Original price: $1.83,$1.18,each (est.),$1.09 / lb,About 1.08 lb each,[],,"https://www.instacart.com/image-server/197x197/filters:fill(FFF,true):format(jpg)/d2lnr5mha7bycj.cloudfront.net/product-image/file/large_42c6cbdc-dc73-4532-831d-842e8eef5db1.png,"
FreshThymeMarket,Original price: $2.08,$1.03,each (est.),$1.09 / lb,About 0.95 lb each,[],,"https://www.instacart.com/image-server/197x197/filters:fill(FFF,true):format(jpg)/d2lnr5mha7bycj.cloudfront.net/product-image/file/large_dd287d2f-b2af-47b1-9003-900942cf53bc.png,"
FreshThymeMarket,Fresh Thyme Market Mango Sliced,$6.49,,,14 oz,[],,"https://www.instacart.com/image-server/197x197/filters:fill(FFF,true):format(jpg)/d2lnr5mha7bycj.cloudfront.net/product-image/file/large_df12e2e0-3c95-4bc4-916e-81b84624b4e4.png,"
FreshThymeMarket,Fresh Thyme Market Acai Pomegranate Blueberry Green,$3.29,,,1.41 oz,[],,"https://www.instacart.com/image-server/197x197/filters:fill(FFF,true):format(jpg)/d2lnr5mha7bycj.cloudfront.net/product-image/file/large_783d2c2e-9f07-47fa-b3ef-a7f42806f54d.png,"
FreshThymeMarket,Original price: $4.29,$3.29,,,"Original price: $4.29
$4.29",[],,"https://www.instacart.com/image-server/197x197/filters:fill(FFF,true):format(jpg)/d2lnr5mha7bycj.cloudfront.net/product-image/file/large_a8cf4076-61e2-4f40-96da-18dac6f42a14.png,"
FreshThymeMarket,Cucumber,$1.69,,,1 each,[],Many in stock,"https://www.instacart.com/image-server/197x197/filters:fill(FFF,true):format(jpg)/d2lnr5mha7bycj.cloudfront.net/product-image/file/large_36af0efa-d93d-4c34-88d0-632dfb0a0542.png,"
FreshThymeMarket,Green Onions (Scallions),$1.09,,,1 bunch,[],Many in stock,"https://www.instacart.com/image-server/197x197/filters:fill(FFF,true):format(jpg)/d2lnr5mha7bycj.cloudfront.net/product-image/file/large_9891f79e-47b5-40bf-b995-ba1eaa38049e.png,"
FreshThymeMarket,Roma Tomato,$0.44,each (est.),$2.19 / lb,About 0.2 lb each,[],,"https://www.instacart.com/image-server/197x197/filters:fill(FFF,true):format(jpg)/d2lnr5mha7bycj.cloudfront.net/product-image/file/large_618ecd8d-4578-40fc-a60a-31befc995aa8.png,"
FreshThymeMarket,"The Little Potato Company Potatoes, Fresh Creamer, Blushing Belle",$4.29,,,1.5 lb,[],Many in stock,"https://www.instacart.com/image-server/197x197/filters:fill(FFF,true):format(jpg)/d2lnr5mha7bycj.cloudfront.net/product-image/file/large_73682f85-5c0d-4386-bb28-1233e00a7ada.png,"
FreshThymeMarket,Yellow Onion,$1.13,each (est.),$1.39 / lb,About 0.81 lb each,[],,"https://www.instacart.com/image-server/197x197/filters:fill(FFF,true):format(jpg)/d2lnr5mha7bycj.cloudfront.net/product-image/file/large_855659de-602c-4cb6-97a0-e6d5739a664b.png,"
FreshThymeMarket,Original price: $2.19,$1.39,,,1 ct,[],Many in stock,"https://www.instacart.com/image-server/197x197/filters:fill(FFF,true):format(jpg)/d2lnr5mha7bycj.cloudfront.net/product-image/file/large_1e9fe404-8fdb-4a75-9c16-666d43d13b99.png,"
FreshThymeMarket,Original price: $3.42,$2.28,each (est.),$2.19 / lb,About 1.04 lb each,['In season'],,"https://www.instacart.com/image-server/197x197/filters:fill(FFF,true):format(jpg)/d2lnr5mha7bycj.cloudfront.net/product-image/file/large_4b8a30e1-982e-4d55-8100-a9ec2132bde7.png,"
FreshThymeMarket,"The Little Potato Company Potatoes, Fresh Creamer, Garlic Parsley",$4.29,,,1 lb,[],,"https://www.instacart.com/image-server/197x197/filters:fill(FFF,true):format(jpg)/d2lnr5mha7bycj.cloudfront.net/product-image/file/large_9b7177e5-62b8-44de-a2f3-8ff6a4a39842.png,"
FreshThymeMarket,Green Bell Pepper,$1.69,,,1 each,[],Many in stock,"https://www.instacart.com/image-server/197x197/filters:fill(FFF,true):format(jpg)/d2lnr5mha7bycj.cloudfront.net/product-image/file/large_5967f9df-e9ac-4918-a2dc-07576fdda15e.png,"
FreshThymeMarket,Sweet Potato (Yam),$0.92,each (est.),$1.39 / lb,About 0.67 lb each,[],,"https://www.instacart.com/image-server/197x197/filters:fill(FFF,true):format(jpg)/d2lnr5mha7bycj.cloudfront.net/product-image/file/large_a0360403-b6c9-4211-8021-a3fa2ea3e281.png,"
FreshThymeMarket,Red Onion,$1.69,each (est.),$2.19 / lb,About 0.77 lb each,[],,"https://www.instacart.com/image-server/197x197/filters:fill(FFF,true):format(jpg)/d2lnr5mha7bycj.cloudfront.net/product-image/file/large_da1a5c21-acb7-4c3b-9e84-684b710c40b2.png,"
FreshThymeMarket,"The Little Potato Company Potatoes, Fresh Creamer, Boomer Gold",$4.29,,,1.5 lb,[],Many in stock,"https://www.instacart.com/image-server/197x197/filters:fill(FFF,true):format(jpg)/d2lnr5mha7bycj.cloudfront.net/product-image/file/large_51f1f63c-7f94-411b-a286-ed63f81247f6.png,"
FreshThymeMarket,Cal-Organic Farms Petite Carrots,$2.69,,,12 oz,['Organic'],Many in stock,"https://www.instacart.com/image-server/197x197/filters:fill(FFF,true):format(jpg)/d2lnr5mha7bycj.cloudfront.net/product-image/file/large_061bc62d-6b9b-496f-aafc-85827f7376d5.png,"
FreshThymeMarket,Sweet Onion,$1.35,each (est.),$1.69 / lb,About 0.8 lb each,[],,"https://www.instacart.com/image-server/197x197/filters:fill(FFF,true):format(jpg)/d2lnr5mha7bycj.cloudfront.net/product-image/file/large_3a4e955a-53a2-4f98-9884-75ecc8c85cda.png,"
FreshThymeMarket,Garlic,$0.79,,,1 each,[],Many in stock,"https://www.instacart.com/image-server/197x197/filters:fill(FFF,true):format(jpg)/d2lnr5mha7bycj.cloudfront.net/product-image/file/large_b05ff317-0c13-4e50-ba7b-1e4f571a6795.png,"
FreshThymeMarket,"The Little Potato Company Potatoes, Fresh Creamer, Savory Herb",$4.29,,,1 lb,[],,"https://www.instacart.com/image-server/197x197/filters:fill(FFF,true):format(jpg)/d2lnr5mha7bycj.cloudfront.net/product-image/file/large_c7edae98-4beb-496a-987b-a197c126201c.png,"
FreshThymeMarket,Organic Cucumber,$2.19,,,1 ct,"['Organic', 'Non-GMO']",Many in stock,"https://www.instacart.com/image-server/197x197/filters:fill(FFF,true):format(jpg)/d2lnr5mha7bycj.cloudfront.net/product-image/file/large_1dce7626-b172-45ed-847c-fd47957cca8a.png,"
FreshThymeMarket,Zucchini Squash,$0.70,each (est.),$1.69 / lb,About 0.42 lb each,[],,"https://www.instacart.com/image-server/197x197/filters:fill(FFF,true):format(jpg)/d2lnr5mha7bycj.cloudfront.net/product-image/file/large_6a161547-1e96-46df-a4af-bea04c12db56.png,"
FreshThymeMarket,NatureSweet Cherubs Heavenly Salad Tomatoes,$4.29,,,10 oz,[],,"https://www.instacart.com/image-server/197x197/filters:fill(FFF,true):format(jpg)/d2lnr5mha7bycj.cloudfront.net/product-image/file/large_b74bc25d-b569-464a-a44f-8a0d5d2d2c29.png,"
FreshThymeMarket,"The Little Potato Company Potatoes, Fresh Creamer, Dynamic Duo",$4.29,,,1.5 lb,[],Many in stock,"https://www.instacart.com/image-server/197x197/filters:fill(FFF,true):format(jpg)/d2lnr5mha7bycj.cloudfront.net/product-image/file/large_d1b0440d-892b-4ede-bef6-1309dd8f01e0.png,"
FreshThymeMarket,Organic Baby Spinach,$4.29,,,5 oz container,"['In season', 'Organic']",Many in stock,"https://www.instacart.com/image-server/197x197/filters:fill(FFF,true):format(jpg)/d2lnr5mha7bycj.cloudfront.net/product-image/file/large_f2c498eb-efcb-46e0-8b54-3481ab17bf50.png,"
FreshThymeMarket,Organic Broccoli,$3.29,,,1 ct,"['Non-GMO', 'Organic']",Many in stock,"https://www.instacart.com/image-server/197x197/filters:fill(FFF,true):format(jpg)/d2lnr5mha7bycj.cloudfront.net/product-image/file/large_50d9b3db-38fc-4519-8cd0-1f53017c6d5e.png,"
FreshThymeMarket,Jalapeno Pepper,$0.31,/pkg (est.),$2.19 / lb,About 0.14 lb / package,[],,"https://www.instacart.com/image-server/197x197/filters:fill(FFF,true):format(jpg)/d2lnr5mha7bycj.cloudfront.net/product-image/file/large_8810eb6e-06ee-4244-9205-f1af505277e0.png,"
FreshThymeMarket,"The Little Potato Company Fresh Creamer Potatoes with Seasoning Pack, Garlic Herb",$4.29,,,1 lb,[],Many in stock,"https://www.instacart.com/image-server/197x197/filters:fill(FFF,true):format(jpg)/d2lnr5mha7bycj.cloudfront.net/product-image/file/large_bbe10fc7-5b30-4c53-9b9a-58dc5aec9a39.png,"
FreshThymeMarket,Organic Green Onions (Scallions),$1.69,,,1 bunch,"['Organic', 'Non-GMO']",Many in stock,"https://www.instacart.com/image-server/197x197/filters:fill(FFF,true):format(jpg)/d2lnr5mha7bycj.cloudfront.net/product-image/file/large_47e08866-194a-479c-9389-ee4a010998a3.png,"
FreshThymeMarket,Organic Celery,$3.29,,,1 ct,"['Organic', 'Non-GMO']",Many in stock,"https://www.instacart.com/image-server/197x197/filters:fill(FFF,true):format(jpg)/d2lnr5mha7bycj.cloudfront.net/product-image/file/large_d9131eb1-c8c1-4711-ba56-1f4696016fde.png,"
FreshThymeMarket,Romaine Lettuce,$3.29,,,1 ct,[],Many in stock,"https://www.instacart.com/image-server/197x197/filters:fill(FFF,true):format(jpg)/d2lnr5mha7bycj.cloudfront.net/product-image/file/large_e3b2d39c-96b7-4f2e-af88-07e8010c25ee.png,"
FreshThymeMarket,"The Little Potato Company potatoes, fresh little potatoes, Little Trios",$4.29,,,1.5 lb,[],Many in stock,"https://www.instacart.com/image-server/197x197/filters:fill(FFF,true):format(jpg)/d2lnr5mha7bycj.cloudfront.net/product-image/file/large_073483e8-dbe8-4d31-af94-4e5b19b8c240.png,"
FreshThymeMarket,Organic Carrot Bag,$1.69,,,1 lb bag,"['Non-GMO', 'Organic']",Many in stock,"https://www.instacart.com/image-server/197x197/filters:fill(FFF,true):format(jpg)/d2lnr5mha7bycj.cloudfront.net/product-image/file/large_5dced2d3-248a-41f2-b8a1-a20f1ec9b5f9.png,"
FreshThymeMarket,Organic Cilantro,$1.69,,,1 ct,"['Non-GMO', 'Organic']",,"https://www.instacart.com/image-server/197x197/filters:fill(FFF,true):format(jpg)/d2lnr5mha7bycj.cloudfront.net/product-image/file/large_22814842-b6fb-4e85-a426-8b42eff18c9e.png,"
FreshThymeMarket,Celery,$2.19,,,,[],Many in stock,"https://www.instacart.com/image-server/197x197/filters:fill(FFF,true):format(jpg)/d2lnr5mha7bycj.cloudfront.net/product-image/file/large_0b924f1d-729c-4bfe-8eae-2214794f88a9.png,"
FreshThymeMarket,Iceberg Lettuce,$3.29,,,1 each,[],Many in stock,"https://www.instacart.com/image-server/197x197/filters:fill(FFF,true):format(jpg)/d2lnr5mha7bycj.cloudfront.net/product-image/file/large_cd079400-945a-4f3e-88df-2d16e62e3fd9.png,"
FreshThymeMarket,Red On the Vine Tomato,$1.45,each (est.),$3.29 / lb,About 0.44 lb each,[],,"https://www.instacart.com/image-server/197x197/filters:fill(FFF,true):format(jpg)/d2lnr5mha7bycj.cloudfront.net/product-image/file/large_769be227-b5e8-45f7-a480-f743dfd0fa21.png,"
FreshThymeMarket,Fresh Express Spinach,$2.69,,,8 oz,['Non-GMO'],Many in stock,"https://www.instacart.com/image-server/197x197/filters:fill(FFF,true):format(jpg)/d2lnr5mha7bycj.cloudfront.net/product-image/file/large_1742e3f0-22c9-4221-981d-5c042c9886f2.png,"
FreshThymeMarket,Broccoli Crown,$2.15,each (est.),$2.69 / lb,About 0.8 lb each,[],,"https://www.instacart.com/image-server/197x197/filters:fill(FFF,true):format(jpg)/d2lnr5mha7bycj.cloudfront.net/product-image/file/large_2631b361-6449-4c67-baa4-5ee4e75075cd.png,"
FreshThymeMarket,Grimmway Farms Organic Peeled Baby Carrots,$1.49,,,16 oz,['Organic'],Many in stock,"https://www.instacart.com/image-server/197x197/filters:fill(FFF,true):format(jpg)/d2lnr5mha7bycj.cloudfront.net/product-image/file/large_3ff481f2-cf2a-446e-aaf5-b214c3aefa86.png,"
FreshThymeMarket,Italian Parsley,$1.09,,,1 bunch,[],,"https://www.instacart.com/image-server/197x197/filters:fill(FFF,true):format(jpg)/d2lnr5mha7bycj.cloudfront.net/product-image/file/large_db157679-f2af-48cd-b00f-93eb137af83a.png,"
FreshThymeMarket,Green Beans,$3.18,each (est.),$2.19 / lb,About 1.45 lb each,[],,"https://www.instacart.com/image-server/197x197/filters:fill(FFF,true):format(jpg)/d2lnr5mha7bycj.cloudfront.net/product-image/file/large_bde0f8fe-a5cb-4c2c-860c-a12332feb7d3.png,"
FreshThymeMarket,Organic Zucchini Squash,$0.92,each (est.),$2.19 / lb,About 0.42 lb each,"['Organic', 'Non-GMO']",,"https://www.instacart.com/image-server/197x197/filters:fill(FFF,true):format(jpg)/d2lnr5mha7bycj.cloudfront.net/product-image/file/large_76faabe6-f3cd-4db1-bec7-b322e6b4048b.png,"
FreshThymeMarket,Josie’s Organics Organic Baby Arugula,$4.29,,,5 oz container,['Organic'],,"https://www.instacart.com/image-server/197x197/filters:fill(FFF,true):format(jpg)/d2lnr5mha7bycj.cloudfront.net/product-image/file/large_b3f13c84-388e-412c-bcc2-40be67e8aaf8.png,"
FreshThymeMarket,Highline Mushrooms Organic Sliced White Mushrooms,$6.99,/lb,,/lb,"['In season', 'Organic']",Many in stock,"https://www.instacart.com/image-server/197x197/filters:fill(FFF,true):format(jpg)/d2lnr5mha7bycj.cloudfront.net/product-image/file/large_28e3153a-2557-418c-ae74-0e1fa1e75889.PNG,"
FreshThymeMarket,Original price: $4.29,$3.29,,,14 oz,"['In season', 'Organic']",,"https://www.instacart.com/image-server/197x197/filters:fill(FFF,true):format(jpg)/d2lnr5mha7bycj.cloudfront.net/product-image/file/large_8517a08f-9a00-40a2-bc91-e6d527eebe66.png,"
FreshThymeMarket,Original price: $4.70,$3.13,each (est.),$2.19 / lb,About 1.43 lb each,[],,"https://www.instacart.com/image-server/197x197/filters:fill(FFF,true):format(jpg)/d2lnr5mha7bycj.cloudfront.net/product-image/file/large_cf0dd565-463c-475a-bd59-be7f4a25327a.png,"
FreshThymeMarket,Organic Garnet Sweet Potato (Yam),$0.81,/pkg (est.),$2.79 / lb,About 0.29 lb / package,"['Organic', 'Non-GMO']",,"https://www.instacart.com/image-server/197x197/filters:fill(FFF,true):format(jpg)/d2lnr5mha7bycj.cloudfront.net/product-image/file/large_f5c492d0-b3ec-4d69-8244-c4be5aaa6fe4.jpg,"
FreshThymeMarket,Yellow Bell Pepper,$2.19,,,,[],Many in stock,"https://www.instacart.com/image-server/197x197/filters:fill(FFF,true):format(jpg)/d2lnr5mha7bycj.cloudfront.net/product-image/file/large_78aa76d4-8a73-4ef8-97a8-65f85ee07eb0.png,"
FreshThymeMarket,"Grimmway Farms Carrots, Organic, Shredded",$2.19,,,10 oz bag,['Organic'],,"https://www.instacart.com/image-server/197x197/filters:fill(FFF,true):format(jpg)/d2lnr5mha7bycj.cloudfront.net/product-image/file/large_457eaec2-c157-4bbc-8242-cc3b4e89ba68.png,"
FreshThymeMarket,Organic White Mushrooms,$4.29,/lb,,/lb,"['In season', 'Organic']",,"https://www.instacart.com/image-server/197x197/filters:fill(FFF,true):format(jpg)/d2lnr5mha7bycj.cloudfront.net/product-image/file/large_fd94d88c-85c3-49f2-a600-f7184d06f4c5.jpg,"
FreshThymeMarket,Organic Boneless Skinless Chicken Breast,$9.69,/lb,,/lb,"['Organic', 'Breast']",,"https://www.instacart.com/image-server/197x197/filters:fill(FFF,true):format(jpg)/d2lnr5mha7bycj.cloudfront.net/product-image/file/large_1b4685a0-710c-44c8-9b8e-f3248b749293.png,"
FreshThymeMarket,VitaCup Genius Coffee Pods,$15.09,,,10 ct,[],,"https://www.instacart.com/image-server/197x197/filters:fill(FFF,true):format(jpg)/d2lnr5mha7bycj.cloudfront.net/product-image/file/large_3a6fe7de-0eb0-4cc2-ab49-ad4ca8c21591.jpg,"
FreshThymeMarket,Original price: $11.89,$10.29,,,15 oz,['Gluten-Free'],Many in stock,"https://www.instacart.com/image-server/197x197/filters:fill(FFF,true):format(jpg)/d2lnr5mha7bycj.cloudfront.net/product-image/file/large_aa6ccd24-3984-4ff8-a381-5c3ec86ccc8e.png,"
FreshThymeMarket,Salmon Fillet,$12.89,/lb,,/lb,[],,"https://www.instacart.com/image-server/197x197/filters:fill(FFF,true):format(jpg)/d2lnr5mha7bycj.cloudfront.net/product-image/file/large_a9ededa0-70fd-45b5-adbd-3c22e9f2dde2.png,"
FreshThymeMarket,Applewood Smoked Bacon,$6.99,/lb,,/lb,[],,"https://www.instacart.com/image-server/197x197/filters:fill(FFF,true):format(jpg)/d2lnr5mha7bycj.cloudfront.net/product-image/file/large_bc85b660-c034-4ca6-b493-c0790102ec76.png,"
FreshThymeMarket,Boneless New York Strip Steak,$13.75,/pkg (est.),$17.19 / lb,About 0.8 lb / package,['Strip Steak'],,"https://www.instacart.com/image-server/197x197/filters:fill(FFF,true):format(jpg)/d2lnr5mha7bycj.cloudfront.net/product-image/file/large_e9247d5d-9441-468f-ad43-d8be64136216.png,"
FreshThymeMarket,"Deep Indian Kitchen Chicken Tikka Masala, Medium Spice",$7.59,,,9 oz,['Gluten-Free'],,"https://www.instacart.com/image-server/197x197/filters:fill(FFF,true):format(jpg)/d2lnr5mha7bycj.cloudfront.net/product-image/file/large_6ff7c3bb-2622-4deb-a3b0-5fac924fcfd4.png,"
FreshThymeMarket,Chubby Snacks Peanut Butter & Strawberry Jam,$10.79,,,4 x 10.6 oz,['Vegan'],,"https://www.instacart.com/image-server/197x197/filters:fill(FFF,true):format(jpg)/d2lnr5mha7bycj.cloudfront.net/product-image/file/large_3f348f41-f3a3-4b95-a3be-3aca1471d77c.png,"
FreshThymeMarket,Original price: $19.39,$7.59,/lb,,"/lb
Original price: $19.39
$19.39",[],Many in stock,"https://www.instacart.com/image-server/197x197/filters:fill(FFF,true):format(jpg)/d2lnr5mha7bycj.cloudfront.net/product-image/file/large_4fe9e0bd-1bdc-4d00-97ba-603177d33211.png,"
FreshThymeMarket,Fresh Thyme Market Organic Cage Free Medium Brown Eggs,$5.99,,,31.5 oz,"['Cage-Free', 'Organic']",,"https://www.instacart.com/image-server/197x197/filters:fill(FFF,true):format(jpg)/d2lnr5mha7bycj.cloudfront.net/product-image/file/large_3ba113c3-2c66-4946-b46e-03a79d81d9f5.png,"
FreshThymeMarket,Blake's Seed Based Birthday Cake Rice Crispy Treat,$5.99,,,6 x 0.78 oz,"['Gluten-Free', 'Vegan']",Many in stock,"https://www.instacart.com/image-server/197x197/filters:fill(FFF,true):format(jpg)/d2lnr5mha7bycj.cloudfront.net/product-image/file/large_fa718a20-69d5-4eae-9e77-750de134d794.jpg,"
FreshThymeMarket,Abe's Vegan Blueberry Mini Muffins,$8.59,,,12 ct,[],,"https://www.instacart.com/image-server/197x197/filters:fill(FFF,true):format(jpg)/d2lnr5mha7bycj.cloudfront.net/product-image/file/large_cb016bff-3b10-4309-bde7-3e3505f55fee.jpg,"
FreshThymeMarket,Fresh Thyme Market Spring Water 24Pk,$4.29,,,405.6 fl oz,[],Many in stock,"https://www.instacart.com/image-server/197x197/filters:fill(FFF,true):format(jpg)/d2lnr5mha7bycj.cloudfront.net/product-image/file/large_110fa4d3-311c-40e9-9e4b-0158bd83cd66.png,"
FreshThymeMarket,Fresh Thyme Market 4-Cheese Mexican Blend,$3.79,,,8 oz,[],,"https://www.instacart.com/image-server/197x197/filters:fill(FFF,true):format(jpg)/d2lnr5mha7bycj.cloudfront.net/product-image/file/large_982358fb-d1b4-427e-b46c-b203f3f1cbd3.png,"
FreshThymeMarket,King's Hawaiian Original Hawaiian Sweet Rolls 12PK,$5.99,,,12 x 1 oz,[],,"https://www.instacart.com/image-server/197x197/filters:fill(FFF,true):format(jpg)/d2lnr5mha7bycj.cloudfront.net/product-image/file/large_ad78fdda-d405-4935-b0ce-977942d8fc41.jpg,"
FreshThymeMarket,"Kodiak Cakes Power Waffles, Chocolate Chip",$7.59,,,10.72 oz,['Whole Grain'],,"https://www.instacart.com/image-server/197x197/filters:fill(FFF,true):format(jpg)/d2lnr5mha7bycj.cloudfront.net/product-image/file/large_7866df97-619d-4b95-b454-6cf12888411d.jpg,"
FreshThymeMarket,Abe's Muffins Gluten Free Coffee Cake,$8.59,,,5.3 oz,['Gluten-Free'],,"https://www.instacart.com/image-server/197x197/filters:fill(FFF,true):format(jpg)/d2lnr5mha7bycj.cloudfront.net/product-image/file/large_6ec2bdb6-efcb-4863-9efe-ebe0e998c0bb.png,"
FreshThymeMarket,Yukon Gold Potato,$0.51,each (est.),$1.09 / lb,About 0.47 lb each,[],,"https://www.instacart.com/image-server/197x197/filters:fill(FFF,true):format(jpg)/d2lnr5mha7bycj.cloudfront.net/product-image/file/large_f92ea462-05af-48b5-858b-fd797f9cbe0c.png,"
FreshThymeMarket,Original price: $9.69,$7.59,,,"Original price: $9.69
$9.69",[],,"https://www.instacart.com/image-server/197x197/filters:fill(FFF,true):format(jpg)/d2lnr5mha7bycj.cloudfront.net/product-image/file/large_808aee2c-1b87-43d7-b053-94898c27e198.png,"
FreshThymeMarket,Boulder Canyon Avocado Oil Classic Sea Salt Canyon Cut Kettle Style Potato Chips,$6.49,,,10 oz,['Gluten-Free'],,"https://www.instacart.com/image-server/197x197/filters:fill(FFF,true):format(jpg)/d2lnr5mha7bycj.cloudfront.net/product-image/file/large_d35e438d-c453-41a2-ade7-2481f678a324.png,"
FreshThymeMarket,Original price: $4.29,$3.29,,,7 oz,"['Gluten-Free', 'Low Fat']",,"https://www.instacart.com/image-server/197x197/filters:fill(FFF,true):format(jpg)/d2lnr5mha7bycj.cloudfront.net/product-image/file/large_a68e2cff-ade6-4467-9851-ecbf8d7fb941.jpg,"
FreshThymeMarket,Abe's 12 Pack Cupcakes Vanilla,$8.59,,,12.5 oz,['Vegan'],,"https://www.instacart.com/image-server/197x197/filters:fill(FFF,true):format(jpg)/d2lnr5mha7bycj.cloudfront.net/product-image/file/large_29963565-c9a0-4cac-8541-2941b70e7b54.png,"
FreshThymeMarket,Fresh Thyme Market Maple Syrup,$7.59,,,8 fl oz,['Organic'],Many in stock,"https://www.instacart.com/image-server/197x197/filters:fill(FFF,true):format(jpg)/d2lnr5mha7bycj.cloudfront.net/product-image/file/large_4728deb7-c239-4e2a-af9f-08c8a09725f9.png,"
FreshThymeMarket,Mission Super Soft Soft Taco Flour Tortillas,$3.59,,,10 ct,[],,"https://www.instacart.com/image-server/197x197/filters:fill(FFF,true):format(jpg)/d2lnr5mha7bycj.cloudfront.net/product-image/file/large_6fdc69a7-f605-4d6c-94ea-1ef33a699dce.jpg,"
FreshThymeMarket,Fresh Thyme Market Heavy Whipping Cream,$2.69,,,8 fl oz,[],,"https://www.instacart.com/image-server/197x197/filters:fill(FFF,true):format(jpg)/d2lnr5mha7bycj.cloudfront.net/product-image/file/large_98222b3e-909e-4cc0-9ac8-dda207f2b267.png,"
FreshThymeMarket,"Tide Free & Gentle Liquid Laundry Detergent, 64 loads, HE Compatible",$23.69,,,92 fl oz,"['Unscented', 'Unscented']",,"https://www.instacart.com/image-server/197x197/filters:fill(FFF,true):format(jpg)/d2lnr5mha7bycj.cloudfront.net/product-image/file/large_8310ba56-dea1-4f18-9dfe-7d507462d4f4.png,"
FreshThymeMarket,Original price: $8.59,$6.89,,,32 oz,[],,"https://www.instacart.com/image-server/197x197/filters:fill(FFF,true):format(jpg)/d2lnr5mha7bycj.cloudfront.net/product-image/file/large_970bf876-e0d9-4d47-822d-08097e95c761.png,"
FreshThymeMarket,Cedar's Foods Topped Organic Hot Honey Hommus,$4.99,,,10 oz,['Vegan'],Many in stock,"https://www.instacart.com/image-server/197x197/filters:fill(FFF,true):format(jpg)/d2lnr5mha7bycj.cloudfront.net/product-image/file/large_13b390f7-59d2-47a4-b19a-2427fd203a58.jpg,"
FreshThymeMarket,Fresh Thyme Market Juice Orange Nfc,$3.99,,,52 fl oz,[],,"https://www.instacart.com/image-server/197x197/filters:fill(FFF,true):format(jpg)/d2lnr5mha7bycj.cloudfront.net/product-image/file/large_961a36c7-0fb9-46bf-8f41-6f930e6b4432.png,"
FreshThymeMarket,Fresh Thyme Market Vitamin D Milk,$3.79,,,1 gal,[],Many in stock,"https://www.instacart.com/image-server/197x197/filters:fill(FFF,true):format(jpg)/d2lnr5mha7bycj.cloudfront.net/product-image/file/large_2d6468f1-0347-44b4-9837-38bf332e6d51.png,"
FreshThymeMarket,TruWhip Original Whipped Topping,$4.29,,,10 oz,['Gluten-Free'],Many in stock,"https://www.instacart.com/image-server/197x197/filters:fill(FFF,true):format(jpg)/d2lnr5mha7bycj.cloudfront.net/product-image/file/large_66c92086-2364-446f-bcca-db6f213464fd.jpg,"
FreshThymeMarket,Goldthread Tonics Green Minerals Tonic,$4.29,,,12 fl oz,[],,"https://www.instacart.com/image-server/197x197/filters:fill(FFF,true):format(jpg)/d2lnr5mha7bycj.cloudfront.net/product-image/file/large_25b58024-1322-4fe4-8aa1-b483ad92c56e.png,"
FreshThymeMarket,Fresh Thyme Market Organic Tofu - Extra Firm,$2.69,,,12 oz,[],,"https://www.instacart.com/image-server/197x197/filters:fill(FFF,true):format(jpg)/d2lnr5mha7bycj.cloudfront.net/product-image/file/large_17157139-9179-4737-9782-3d55b1efdbf7.png,"
FreshThymeMarket,Kerrygold Grass-Fed Salted Butter Sticks,$5.19,,,8 oz,['Grass-Fed'],,"https://www.instacart.com/image-server/197x197/filters:fill(FFF,true):format(jpg)/d2lnr5mha7bycj.cloudfront.net/product-image/file/large_66e3be6a-01a7-465e-a4b1-75c48361c265.png,"
FreshThymeMarket,JonnyPops Organic Cotton Candy Cloud,$7.59,,,8 x 14.8 oz,"['Gluten-Free', 'Vegan']",,"https://www.instacart.com/image-server/197x197/filters:fill(FFF,true):format(jpg)/d2lnr5mha7bycj.cloudfront.net/product-image/file/large_d35786cc-0111-4cc0-9b84-b34ea1752f9c.jpg,"
FreshThymeMarket,"Deep Indian Kitchen Samosas, Potato & Pea",$7.59,,,12 oz,['Vegan'],,"https://www.instacart.com/image-server/197x197/filters:fill(FFF,true):format(jpg)/d2lnr5mha7bycj.cloudfront.net/product-image/file/large_d989e6ef-9941-4333-9f3b-0335aee89800.png,"
FreshThymeMarket,"Cure Watermelon, Electrolyte Hydration, Vegan, Drink Mix Powder",$17.19,,,8 ct,['FSA/HSA'],,"https://www.instacart.com/image-server/197x197/filters:fill(FFF,true):format(jpg)/d2lnr5mha7bycj.cloudfront.net/product-image/file/large_ea8bc2a7-64bf-481a-b2c2-b0b7ef09aa18.jpg,"
FreshThymeMarket,Boar's Head Ovengold Roasted Turkey Breast,$14.59,/lb,,$0.91/oz,[],Likely out of stock,"https://www.instacart.com/image-server/197x197/filters:fill(FFF,true):format(jpg)/d2lnr5mha7bycj.cloudfront.net/product-image/file/large_679bec29-8e3e-47ca-95ea-13eef26fcc4f.png,"
FreshThymeMarket,Fresh Thyme Market Edamame Shelled,$3.29,,,12 oz,[],,"https://www.instacart.com/image-server/197x197/filters:fill(FFF,true):format(jpg)/d2lnr5mha7bycj.cloudfront.net/product-image/file/large_6406df0d-eaff-48ab-9a3c-73030cd38599.png,"
FreshThymeMarket,Mighty Spark Fajita Seasoned Ground Chicken with Peppers & Onions,$7.59,,,16 oz,[],,"https://www.instacart.com/image-server/197x197/filters:fill(FFF,true):format(jpg)/d2lnr5mha7bycj.cloudfront.net/product-image/file/large_1b851eb0-d4c3-432a-8d51-60fde4410c10.jpg,"
FreshThymeMarket,Goldthread Tonics Hawaiian Ginger Tonic,$4.29,,,12 fl oz,[],,"https://www.instacart.com/image-server/197x197/filters:fill(FFF,true):format(jpg)/d2lnr5mha7bycj.cloudfront.net/product-image/file/large_084846f8-6414-42cc-9f6c-e69a56998976.png,"
FreshThymeMarket,Fresh Thyme Market UHT Pasteurized Half & Half,$3.79,,,32 fl oz,[],,"https://www.instacart.com/image-server/197x197/filters:fill(FFF,true):format(jpg)/d2lnr5mha7bycj.cloudfront.net/product-image/file/large_6b086267-ae7c-4be0-b0bb-a46b6c6b2814.png,"
FreshThymeMarket,Fresh Thyme Market Organic Chicken Broth,$2.59,,,32 oz,['Organic'],Many in stock,"https://www.instacart.com/image-server/197x197/filters:fill(FFF,true):format(jpg)/d2lnr5mha7bycj.cloudfront.net/product-image/file/large_8de7014c-22d9-46e1-89d5-7e2013750327.png,"
FreshThymeMarket,Fresh Thyme Market Purified Drinking Water,$4.29,,,24 each,[],Many in stock,"https://www.instacart.com/image-server/197x197/filters:fill(FFF,true):format(jpg)/d2lnr5mha7bycj.cloudfront.net/product-image/file/large_c802c320-7462-4eab-88c5-10d53e0b3dd4.png,"
FreshThymeMarket,Goldthread Tonics Elderberry Defense,$4.29,,,12 fl oz,[],,"https://www.instacart.com/image-server/197x197/filters:fill(FFF,true):format(jpg)/d2lnr5mha7bycj.cloudfront.net/product-image/file/large_7c778a30-8d89-4a94-870e-b92761f9408f.png,"
FreshThymeMarket,MALK Unsweetened Almond,$6.49,,,28 fl oz,"['Organic', 'Vegan']",,"https://www.instacart.com/image-server/197x197/filters:fill(FFF,true):format(jpg)/d2lnr5mha7bycj.cloudfront.net/product-image/file/large_18696036-c739-4e61-b86d-f3b8a97ba554.png,"
FreshThymeMarket,"Natural Delights Dates, Medjool, Fresh, Pitted",$8.59,,,12 oz,"['No Sugar Added', 'Vegan']",,"https://www.instacart.com/image-server/197x197/filters:fill(FFF,true):format(jpg)/d2lnr5mha7bycj.cloudfront.net/product-image/file/large_13b46692-bde8-4ac6-be61-34bd8cbab675.png,"
FreshThymeMarket,Chubby Snacks Peanut Butter & Grape Jam,$10.79,,,4 x 10.6 oz,[],,"https://www.instacart.com/image-server/197x197/filters:fill(FFF,true):format(jpg)/d2lnr5mha7bycj.cloudfront.net/product-image/file/large_c3cacd48-4f30-4098-8d97-521f94cdc1df.png,"
FreshThymeMarket,UNREAL Dark Chocolate Peanut Butter Cups,$6.99,,,4 oz,"['Gluten-Free', 'Vegan']",Many in stock,"https://www.instacart.com/image-server/197x197/filters:fill(FFF,true):format(jpg)/d2lnr5mha7bycj.cloudfront.net/product-image/file/large_04279f13-101c-4dc2-8fdc-8f2a4cd7fc32.jpg,"
FreshThymeMarket,"OLIPOP Prebiotic Soda, Cherry Cola",$10.29,,,4 x 12 fl oz,[],,"https://www.instacart.com/image-server/197x197/filters:fill(FFF,true):format(jpg)/d2lnr5mha7bycj.cloudfront.net/product-image/file/large_23635122-7c92-404f-8319-be7f9d321665.png,"
FreshThymeMarket,"Pipcorn Heirloom Snacks Twists, Cinnamon Sugar",$5.39,,,4.5 oz,"['Gluten-Free', 'Vegan']",,"https://www.instacart.com/image-server/197x197/filters:fill(FFF,true):format(jpg)/d2lnr5mha7bycj.cloudfront.net/product-image/file/large_20379cf9-e0e6-4aba-a50e-db84da0a3d51.png,"
FreshThymeMarket,wildwonder Strawberry Passion Sparkling Prebiotic + Probiotic Drink,$3.79,,,12 fl oz,['Organic'],,"https://www.instacart.com/image-server/197x197/filters:fill(FFF,true):format(jpg)/d2lnr5mha7bycj.cloudfront.net/product-image/file/large_b6b3aa1b-5bd8-4a2d-8b6a-8b9d6a267cf7.png,"
FreshThymeMarket,Original price: $2.69,$2.49,,,18 fl oz,[],,"https://www.instacart.com/image-server/197x197/filters:fill(FFF,true):format(jpg)/d2lnr5mha7bycj.cloudfront.net/product-image/file/large_4d37db0a-0300-4b25-b138-e2851a024e11.png,"
FreshThymeMarket,Zevia Zero Sugar Lemon Lime Twist Soda,$6.49,,,6 x 12 fl oz • 2 options,"['Zero Calories', 'Zero Sugar']",,"https://www.instacart.com/image-server/197x197/filters:fill(FFF,true):format(jpg)/d2lnr5mha7bycj.cloudfront.net/product-image/file/large_5ff30751-1262-4949-b9d3-ff52196beb95.jpg,"
FreshThymeMarket,Honey Nut Cheerios Heart Healthy Cereal With Happy Heart Shapes,$7.59,,,15.4 oz,"['Gluten-Free', 'Whole Grain']",,"https://www.instacart.com/image-server/197x197/filters:fill(FFF,true):format(jpg)/d2lnr5mha7bycj.cloudfront.net/product-image/file/large_47047475-9467-4a18-9fc7-7346bc629b92.png,"
FreshThymeMarket,"Alexia Fries, Organic",$7.59,,,15 oz,['Vegan'],,"https://www.instacart.com/image-server/197x197/filters:fill(FFF,true):format(jpg)/d2lnr5mha7bycj.cloudfront.net/product-image/file/large_bbfdb9a2-2cb9-43dd-9049-bda2ee97d71e.png,"
FreshThymeMarket,"Alessi Olive Oil, Organic, Extra Virgin, Italian",$13.99,,,17 fl oz,['Organic'],,"https://www.instacart.com/image-server/197x197/filters:fill(FFF,true):format(jpg)/d2lnr5mha7bycj.cloudfront.net/product-image/file/large_c4fb8b5f-c9cc-4632-90c0-5323c57784df.png,"
FreshThymeMarket,Canyon Bakehouse Gluten Free Sliced Mountain White Bread,$8.59,,,18 oz,['Gluten-Free'],,"https://www.instacart.com/image-server/197x197/filters:fill(FFF,true):format(jpg)/d2lnr5mha7bycj.cloudfront.net/product-image/file/large_38f08dcc-6bcd-41f8-8faf-270261dff83c.png,"
FreshThymeMarket,"MadeGood Chocolate Drizzled Granola Bars, Birthday Cake",$5.39,,,5 x 0.85 oz,"['Organic', 'Gluten-Free']",,"https://www.instacart.com/image-server/197x197/filters:fill(FFF,true):format(jpg)/d2lnr5mha7bycj.cloudfront.net/product-image/file/large_e519f905-4803-4927-9b24-a5102ce87602.jpg,"
FreshThymeMarket,Sweet Loren's Chocolate Chunk Cookie Dough,$6.99,,,12 oz,"['Vegan', 'Gluten-Free']",,"https://www.instacart.com/image-server/197x197/filters:fill(FFF,true):format(jpg)/d2lnr5mha7bycj.cloudfront.net/product-image/file/large_a967cbcd-eaac-4ba5-b116-97fb751b0f63.png,"
FreshThymeMarket,"Odyssey Mushroom Elixir, Sparkling, Energy + Focus, Dragon Fruit Lemonade",$4.09,,,12 fl oz,[],,"https://www.instacart.com/image-server/197x197/filters:fill(FFF,true):format(jpg)/d2lnr5mha7bycj.cloudfront.net/product-image/file/large_16df7a3d-9e27-494f-b54c-5f7026a8b5f9.png,"
FreshThymeMarket,"Tru Fru Bananas, Peanut Butter",$8.59,,,8 oz,['Gluten-Free'],,"https://www.instacart.com/image-server/197x197/filters:fill(FFF,true):format(jpg)/d2lnr5mha7bycj.cloudfront.net/product-image/file/large_e832cad5-4608-4e8c-9103-beadcefc3b07.png,"
FreshThymeMarket,"Bob's Red Mill Old Fashioned Rolled Oats, Organic",$8.99,,,32 oz,['Organic'],,"https://www.instacart.com/image-server/197x197/filters:fill(FFF,true):format(jpg)/d2lnr5mha7bycj.cloudfront.net/product-image/file/large_5931a50c-19d1-4be5-8316-de488f35bd98.jpg,"
FreshThymeMarket,Applegate Naturals Chicken & Maple Breakfast Sausage Links 7oz,$6.49,,,7 oz,['Gluten-Free'],,"https://www.instacart.com/image-server/197x197/filters:fill(FFF,true):format(jpg)/d2lnr5mha7bycj.cloudfront.net/product-image/file/large_363264fd-3427-4908-93fb-b073525c6522.png,"
FreshThymeMarket,Original price: $5.39,$4.29,,,6 oz,"['Gluten-Free', 'Vegan']",,"https://www.instacart.com/image-server/197x197/filters:fill(FFF,true):format(jpg)/d2lnr5mha7bycj.cloudfront.net/product-image/file/large_a9b45cbc-381e-49e1-a59b-87949338b424.png,"
FreshThymeMarket,Annie's Organic Cheddar Bunnies Snack Crackers,$5.39,,,7.5 oz,['Organic'],,"https://www.instacart.com/image-server/197x197/filters:fill(FFF,true):format(jpg)/d2lnr5mha7bycj.cloudfront.net/product-image/file/large_7a6fe9ce-01ef-469c-8fdc-43593821f740.png,"
FreshThymeMarket,"Alessi Mezzi Paccheri, Organic, Premium",$3.59,,,16 oz,['Vegan'],,"https://www.instacart.com/image-server/197x197/filters:fill(FFF,true):format(jpg)/d2lnr5mha7bycj.cloudfront.net/product-image/file/large_c789741d-2db6-45a8-abbf-b2a05f9ec4d5.png,"
FreshThymeMarket,"bakerly Croissants, Chocolate",$8.59,,,9.52 oz,[],,"https://www.instacart.com/image-server/197x197/filters:fill(FFF,true):format(jpg)/d2lnr5mha7bycj.cloudfront.net/product-image/file/large_166b9bf8-f3c7-49fe-8abb-e7e05032e7ce.png,"
FreshThymeMarket,Stonyfield Organic Lowfat Yogurt Tubes Strawberry,$5.99,,,8 ct,['Organic'],,"https://www.instacart.com/image-server/197x197/filters:fill(FFF,true):format(jpg)/d2lnr5mha7bycj.cloudfront.net/product-image/file/large_9c663a62-b427-4067-b9b8-2bbbc8512bb6.jpg,"
FreshThymeMarket,"Sun Chips Flavored Whole Grain Snacks, Garden Salsa",$5.19,,,7 oz,[],,"https://www.instacart.com/image-server/197x197/filters:fill(FFF,true):format(jpg)/d2lnr5mha7bycj.cloudfront.net/product-image/file/large_82af7078-e59f-46bd-9279-446717d3c053.png,"
FreshThymeMarket,"Sun Chips Flavored Whole Grain Snacks, Harvest Cheddar",$5.19,,,7 oz,[],,"https://www.instacart.com/image-server/197x197/filters:fill(FFF,true):format(jpg)/d2lnr5mha7bycj.cloudfront.net/product-image/file/large_8234d27e-8354-4737-ab06-6850a702e45a.png,"
FreshThymeMarket,Nature's Bakery Whole Wheat Raspberry Fig Bar,$6.99,,,6 x 2 oz,['Vegan'],,"https://www.instacart.com/image-server/197x197/filters:fill(FFF,true):format(jpg)/d2lnr5mha7bycj.cloudfront.net/product-image/file/large_c8f55a6c-cf1f-4cb6-b2f6-b1676b313413.png,"
FreshThymeMarket,AshaPops Popped Water Lily Seeds Turmeric Garlic,$6.49,,,1 oz,"['Gluten-Free', 'Vegan']",,"https://www.instacart.com/image-server/197x197/filters:fill(FFF,true):format(jpg)/d2lnr5mha7bycj.cloudfront.net/product-image/file/large_8c219307-69e8-4fd1-8124-13bca458ae9b.jpg,"
FreshThymeMarket,Pirate's Booty Aged White Cheddar,$8.59,,,6 each,['Gluten-Free'],,"https://www.instacart.com/image-server/197x197/filters:fill(FFF,true):format(jpg)/d2lnr5mha7bycj.cloudfront.net/product-image/file/large_66823a5a-1bdd-411c-b5d8-cf788ccb9a91.png,"
FreshThymeMarket,Boulder Canyon Avocado Oil Classic Sea Salt Kettle Style Potato Chips,$4.59,,,5.25 oz,"['Gluten-Free', 'Vegan']",,"https://www.instacart.com/image-server/197x197/filters:fill(FFF,true):format(jpg)/d2lnr5mha7bycj.cloudfront.net/product-image/file/large_2576b193-8ffb-499c-b1b6-de47617570a6.png,"
FreshThymeMarket,Original price: $6.09,$4.39,,,5 oz,"['Gluten-Free', 'Vegan']",,"https://www.instacart.com/image-server/197x197/filters:fill(FFF,true):format(jpg)/d2lnr5mha7bycj.cloudfront.net/product-image/file/large_609a3a73-286a-40b0-9e17-fd3086cf028a.png,"
FreshThymeMarket,"Whoa Dough Oatmeal Cookie Dough Snack Bar, Vegan, Gluten Free",$2.69,,,1.6 oz,[],,"https://www.instacart.com/image-server/197x197/filters:fill(FFF,true):format(jpg)/d2lnr5mha7bycj.cloudfront.net/product-image/file/large_8a6a638d-57a1-4522-99c2-2791f2697a45.png,"
FreshThymeMarket,Chomps Grass-Fed Original Beef Stick,$2.69,,,1.15 oz,"['Gluten-Free', 'Keto']",,"https://www.instacart.com/image-server/197x197/filters:fill(FFF,true):format(jpg)/d2lnr5mha7bycj.cloudfront.net/product-image/file/large_2d6251ee-b288-45e9-b7a1-0a2fc787e1e7.JPG,"
FreshThymeMarket,Ritz Fresh Stacks Original Crackers,$5.39,,,8 x 1.48 oz,[],,"https://www.instacart.com/image-server/197x197/filters:fill(FFF,true):format(jpg)/d2lnr5mha7bycj.cloudfront.net/product-image/file/large_2f87bf55-29b3-44fc-a625-f37c626ab5b2.jpg,"
FreshThymeMarket,"LesserEvil Organic Popcorn, White Cheddar",$4.69,,,4.6 oz,"['Organic', 'Gluten-Free']",,"https://www.instacart.com/image-server/197x197/filters:fill(FFF,true):format(jpg)/d2lnr5mha7bycj.cloudfront.net/product-image/file/large_e630770c-cd3e-4bb6-8afb-60f5f87954c0.png,"
FreshThymeMarket,"Oreo Double Stuf Golden Sandwich Cookies, Family Size",$5.39,,,19 oz,[],,"https://www.instacart.com/image-server/197x197/filters:fill(FFF,true):format(jpg)/d2lnr5mha7bycj.cloudfront.net/product-image/file/large_cce9d811-c0a3-4a61-90b7-ad4d9bbfa1d6.jpg,"
FreshThymeMarket,"Cheez-It Cheese Crackers, Baked Snack Crackers, Lunch Snacks, Original",$5.09,,,12.4 oz,['Light Sodium'],,"https://www.instacart.com/image-server/197x197/filters:fill(FFF,true):format(jpg)/d2lnr5mha7bycj.cloudfront.net/product-image/file/large_a1299212-8838-4b18-99bc-cab84eccac82.jpg,"
FreshThymeMarket,Smartfood White Cheddar Cheese Popcorn,$4.89,,,6.75 oz,[],Many in stock,"https://www.instacart.com/image-server/197x197/filters:fill(FFF,true):format(jpg)/d2lnr5mha7bycj.cloudfront.net/product-image/file/large_1713d1a2-60f5-416b-9438-257a8a1c0605.png,"
FreshThymeMarket,Original price: $5.39,$4.29,,,5 x 1.3 oz,"['Vegan', 'Gluten-Free']",,"https://www.instacart.com/image-server/197x197/filters:fill(FFF,true):format(jpg)/d2lnr5mha7bycj.cloudfront.net/product-image/file/large_a06584d7-2999-491d-98f9-280714200b66.png,"
FreshThymeMarket,"Oreo Golden Sandwich Cookies, Family Size",$5.39,,,18 oz,[],,"https://www.instacart.com/image-server/197x197/filters:fill(FFF,true):format(jpg)/d2lnr5mha7bycj.cloudfront.net/product-image/file/large_ab8c7dc7-5caf-4780-892a-f33d5f259b8a.jpg,"
FreshThymeMarket,Original price: $3.29,$2.69,,,5 oz,[],Many in stock,"https://www.instacart.com/image-server/197x197/filters:fill(FFF,true):format(jpg)/d2lnr5mha7bycj.cloudfront.net/product-image/file/large_85cb5db9-a493-414b-a81e-61959a1b8c8d.png,"
FreshThymeMarket,Original price: $7.99,$6.49,,,24 oz,[],Many in stock,"https://www.instacart.com/image-server/197x197/filters:fill(FFF,true):format(jpg)/d2lnr5mha7bycj.cloudfront.net/product-image/file/large_a0216c6f-8d1d-4125-9d4c-8a7e364ff569.png,"
FreshThymeMarket,Cheetos Simply Puffs White Cheddar Cheese Flavored Snacks,$4.89,,,8 oz,[],,"https://www.instacart.com/image-server/197x197/filters:fill(FFF,true):format(jpg)/d2lnr5mha7bycj.cloudfront.net/product-image/file/large_6bac7465-47d9-4541-9a42-f79c6f47353c.png,"
FreshThymeMarket,"Oreo Double Stuf Chocolate Sandwich Cookies, Family Size",$5.39,,,19 oz,[],,"https://www.instacart.com/image-server/197x197/filters:fill(FFF,true):format(jpg)/d2lnr5mha7bycj.cloudfront.net/product-image/file/large_243df575-35f3-4efc-9dd9-be18360f7f49.jpg,"
FreshThymeMarket,Original price: $5.39,$4.89,,,4.5 oz,['Gluten-Free'],Many in stock,"https://www.instacart.com/image-server/197x197/filters:fill(FFF,true):format(jpg)/d2lnr5mha7bycj.cloudfront.net/product-image/file/large_ef9ec6f8-470c-4c09-9bcb-806113fd7d70.png,"
FreshThymeMarket,"Xochitl Corn Chips, White, Sea Salt, Mexican Style",$4.99,,,12 oz,"['Gluten-Free', 'Vegan']",,"https://www.instacart.com/image-server/197x197/filters:fill(FFF,true):format(jpg)/d2lnr5mha7bycj.cloudfront.net/product-image/file/large_89812654-ed9f-49f3-a754-f012d32a150e.png,"
FreshThymeMarket,Oreo Mint Creme Chocolate Sandwich Cookies Family Size,$5.39,,,19 oz,[],,"https://www.instacart.com/image-server/197x197/filters:fill(FFF,true):format(jpg)/d2lnr5mha7bycj.cloudfront.net/product-image/file/large_2c17def3-8bc9-46ee-ad2f-e772509462ef.jpg,"
FreshThymeMarket,Free,$0.00,,,10 oz,['Vegan'],,"https://www.instacart.com/image-server/197x197/filters:fill(FFF,true):format(jpg)/d2lnr5mha7bycj.cloudfront.net/product-image/file/large_618e5f30-b7ca-41d2-9d68-78fc02be8352.png,"
FreshThymeMarket,Original price: $3.29,$2.69,,,6 oz bag,[],,"https://www.instacart.com/image-server/197x197/filters:fill(FFF,true):format(jpg)/d2lnr5mha7bycj.cloudfront.net/product-image/file/large_13b8bdf1-3265-442e-8ad7-2292899ecbe7.png,"
FreshThymeMarket,Original price: $3.29,$2.69,,,6 oz,[],,"https://www.instacart.com/image-server/197x197/filters:fill(FFF,true):format(jpg)/d2lnr5mha7bycj.cloudfront.net/product-image/file/large_8b1c6876-6089-4119-8361-7b2d6e731988.png,"
FreshThymeMarket,"Oreo Mega Stuf Chocolate Sandwich Cookies, Family Size",$5.39,,,18 oz,[],,"https://www.instacart.com/image-server/197x197/filters:fill(FFF,true):format(jpg)/d2lnr5mha7bycj.cloudfront.net/product-image/file/large_6e7ed80b-bd4b-4a38-9603-72d6b9e1c3f8.jpg,"
FreshThymeMarket,Original price: $4.09,$3.79,,,5 oz,"['Gluten-Free', 'Vegan']",,"https://www.instacart.com/image-server/197x197/filters:fill(FFF,true):format(jpg)/d2lnr5mha7bycj.cloudfront.net/product-image/file/large_87b35609-f3d5-4c4b-9f2f-059291f9da29.jpg,"
FreshThymeMarket,Original price: $8.59,$5.39,,,2.5 oz,"['Gluten-Free', 'Grass-Fed']",,"https://www.instacart.com/image-server/197x197/filters:fill(FFF,true):format(jpg)/d2lnr5mha7bycj.cloudfront.net/product-image/file/large_a995bc58-f67b-4230-b2b6-cb80e6af7ce7.png,"
FreshThymeMarket,Stacy's Baked Pita Thins Sea Salt,$5.39,,,6.75 oz,[],,"https://www.instacart.com/image-server/197x197/filters:fill(FFF,true):format(jpg)/d2lnr5mha7bycj.cloudfront.net/product-image/file/large_e87b1dd3-4247-4ec5-b3b2-30550acd28bd.png,"
FreshThymeMarket,"Oreo Chocolate Sandwich Cookies, Family Size",$5.39,,,18 oz,[],,"https://www.instacart.com/image-server/197x197/filters:fill(FFF,true):format(jpg)/d2lnr5mha7bycj.cloudfront.net/product-image/file/large_93fedb0f-b831-4ca5-acf6-7088ee5e8184.jpg,"
FreshThymeMarket,Original price: $5.49,$4.99,,,7.5 oz,[],,"https://www.instacart.com/image-server/197x197/filters:fill(FFF,true):format(jpg)/d2lnr5mha7bycj.cloudfront.net/product-image/file/large_78e366e8-409d-486a-81e3-0c0d051cf177.jpg,"
FreshThymeMarket,Original price: $2.69,$2.19,,,1.2 oz,"['Vegan', 'Gluten-Free']",,"https://www.instacart.com/image-server/197x197/filters:fill(FFF,true):format(jpg)/d2lnr5mha7bycj.cloudfront.net/product-image/file/large_9cf4362d-4b1e-4520-836b-4c8e10f05035.jpg,"
FreshThymeMarket,"Lay's Potato Chips, Classic",$5.39,,,8 oz,"['Gluten-Free', 'Vegan']",,"https://www.instacart.com/image-server/197x197/filters:fill(FFF,true):format(jpg)/d2lnr5mha7bycj.cloudfront.net/product-image/file/large_8d41cdb7-9340-4032-9042-0f6f63ba111a.png,"
FreshThymeMarket,Oreo Double Stuf Gluten Free Chocolate Sandwich Cookies,$5.39,,,12 oz,[],,"https://www.instacart.com/image-server/197x197/filters:fill(FFF,true):format(jpg)/d2lnr5mha7bycj.cloudfront.net/product-image/file/large_fe6847ed-7113-4e2a-b87d-e30a8ba23411.jpg,"
FreshThymeMarket,Honey Maid Graham Crackers,$6.49,,,14.4 oz,['Whole Grain'],,"https://www.instacart.com/image-server/197x197/filters:fill(FFF,true):format(jpg)/d2lnr5mha7bycj.cloudfront.net/product-image/file/large_b658302c-2da3-4be8-b80e-5b476c8577d7.jpg,"
FreshThymeMarket,Fresh Thyme Market Org Butter Microwave Popcorn,$3.79,,,10.5 oz,['Organic'],,"https://www.instacart.com/image-server/197x197/filters:fill(FFF,true):format(jpg)/d2lnr5mha7bycj.cloudfront.net/product-image/file/large_f5680572-520c-4bbd-abe1-12e5d7fffa65.png,"
FreshThymeMarket,Original price: $5.99,$4.89,,,5 oz,"['Gluten-Free', 'Vegan']",,"https://www.instacart.com/image-server/197x197/filters:fill(FFF,true):format(jpg)/d2lnr5mha7bycj.cloudfront.net/product-image/file/large_3f91ef2d-1aa5-4acf-a6a6-976bcc15355b.png,"
FreshThymeMarket,Original price: $4.29,$4.09,,,4.25 oz,"['Gluten-Free', 'Vegan']",,"https://www.instacart.com/image-server/197x197/filters:fill(FFF,true):format(jpg)/d2lnr5mha7bycj.cloudfront.net/product-image/file/large_2fddddbc-c463-4a3c-814b-b7ced1ab1530.png,"
FreshThymeMarket,belVita Breakfast Blueberry Breakfast Biscuits,$5.99,,,8.8 oz,[],,"https://www.instacart.com/image-server/197x197/filters:fill(FFF,true):format(jpg)/d2lnr5mha7bycj.cloudfront.net/product-image/file/large_999ec654-0d88-4c8b-bea8-0cf9f8c24292.jpg,"
FreshThymeMarket,"Rip Van Wafels Sandwich Creme Cookies, Cookies & Creme",$6.49,,,4 x 1.69 oz,[],,"https://www.instacart.com/image-server/197x197/filters:fill(FFF,true):format(jpg)/d2lnr5mha7bycj.cloudfront.net/product-image/file/large_23e95953-2978-4386-bd45-9b4e66ff940b.png,"
FreshThymeMarket,"Justin's Peanut Butter Cups, Organic, Dark Chocolate, Mini",$7.29,,,4.7 oz,"['Gluten-Free', 'Organic']",,"https://www.instacart.com/image-server/197x197/filters:fill(FFF,true):format(jpg)/d2lnr5mha7bycj.cloudfront.net/product-image/file/large_d9e6576b-4bd4-46f1-abef-a4e2d145f4f1.png,"
FreshThymeMarket,Annie's Organic Chocolate Chip Chewy Granola Bars,$6.49,,,6 each,['Organic'],,"https://www.instacart.com/image-server/197x197/filters:fill(FFF,true):format(jpg)/d2lnr5mha7bycj.cloudfront.net/product-image/file/large_55f3cb8d-5062-4c7d-9951-c14253633e8d.png,"
FreshThymeMarket,Oreo Gluten Free Chocolate Sandwich Cookies,$5.39,,,12 oz,[],,"https://www.instacart.com/image-server/197x197/filters:fill(FFF,true):format(jpg)/d2lnr5mha7bycj.cloudfront.net/product-image/file/large_09633631-3bc7-49d8-9595-989d8edff12f.jpg,"
FreshThymeMarket,Original price: $3.49,$2.19,,,2.5 oz,"['Gluten-Free', 'Vegan']",,"https://www.instacart.com/image-server/197x197/filters:fill(FFF,true):format(jpg)/d2lnr5mha7bycj.cloudfront.net/product-image/file/large_b2f5af34-09e7-43c5-b9c7-6f796ee2a062.png,"
FreshThymeMarket,Fritos Scoops! Corn Chips,$6.39,,,9.25 oz,"['Gluten-Free', 'Vegan']",,"https://www.instacart.com/image-server/197x197/filters:fill(FFF,true):format(jpg)/d2lnr5mha7bycj.cloudfront.net/product-image/file/large_852fc8bf-ed40-40b6-923f-9660e9ab301d.png,"
FreshThymeMarket,"Ruffles Baked Potato Crisps, Cheddar & Sour Cream Flavored",$4.59,,,6.25 oz,[],Many in stock,"https://www.instacart.com/image-server/197x197/filters:fill(FFF,true):format(jpg)/d2lnr5mha7bycj.cloudfront.net/product-image/file/large_6b8d0ebb-e78c-4380-b62d-6ead4d77877b.png,"
FreshThymeMarket,Angie's BOOMCHICKAPOP Sweet & Salty Kettle Corn Popcorn,$6.19,,,6 oz,"['Gluten-Free', 'Vegan']",,"https://www.instacart.com/image-server/197x197/filters:fill(FFF,true):format(jpg)/d2lnr5mha7bycj.cloudfront.net/product-image/file/large_d33da766-fae6-4d76-ac05-8a227b7c293d.jpg,"
FreshThymeMarket,"Tate's Bake Shop Gluten Free Chocolate Chip Cookies, Gluten Free Cookies",$6.99,,,7 oz,['Gluten-Free'],,"https://www.instacart.com/image-server/197x197/filters:fill(FFF,true):format(jpg)/d2lnr5mha7bycj.cloudfront.net/product-image/file/large_1f30fba9-6725-4270-8c6a-ba5b6bebd8dd.jpg,"
FreshThymeMarket,Kodiak Cakes S'mores Chewy Bars,$8.59,,,5 x 1.23 oz,[],,"https://www.instacart.com/image-server/197x197/filters:fill(FFF,true):format(jpg)/d2lnr5mha7bycj.cloudfront.net/product-image/file/large_b39ff7dc-2b61-4092-b91b-a8b4dbc4ac28.jpg,"
FreshThymeMarket,Chubby Snacks Almond Butter & Grape Jam,$10.79,,,4 x 10.6 oz,['Vegan'],,"https://www.instacart.com/image-server/197x197/filters:fill(FFF,true):format(jpg)/d2lnr5mha7bycj.cloudfront.net/product-image/file/large_c16f7904-8d5e-4cb1-8587-4874eb37dd99.png,"
FreshThymeMarket,"Catalina Crunch Chocolate Vanilla, Keto Sandwich Cookies",$8.59,,,6.8 oz,"['Vegan', 'Keto']",Many in stock,"https://www.instacart.com/image-server/197x197/filters:fill(FFF,true):format(jpg)/d2lnr5mha7bycj.cloudfront.net/product-image/file/large_67ea7813-1ae8-4710-8f9c-afc6f156728a.jpg,"
FreshThymeMarket,Original price: $5.99,$4.29,,,6.35 oz,[],,"https://www.instacart.com/image-server/197x197/filters:fill(FFF,true):format(jpg)/d2lnr5mha7bycj.cloudfront.net/product-image/file/large_add1f66c-e154-4890-98c9-a618b6066179.png,"
FreshThymeMarket,"Ritz Original Flavor Crackers, 1 Box",$5.39,,,14 oz,[],,"https://www.instacart.com/image-server/197x197/filters:fill(FFF,true):format(jpg)/d2lnr5mha7bycj.cloudfront.net/product-image/file/large_764511ee-7451-415b-9d9e-42bd9f0f765b.jpg,"
FreshThymeMarket,Original price: $4.29,$3.29,,,4.8 oz,"['Gluten-Free', 'Vegan']",,"https://www.instacart.com/image-server/197x197/filters:fill(FFF,true):format(jpg)/d2lnr5mha7bycj.cloudfront.net/product-image/file/large_3d5098bd-058f-4723-aa02-e06fdbc19fe8.jpg,"
FreshThymeMarket,"Catalina Crunch Vanilla Creme, Keto Sandwich Cookies",$8.59,,,16 ct,"['Vegan', 'Keto']",Many in stock,"https://www.instacart.com/image-server/197x197/filters:fill(FFF,true):format(jpg)/d2lnr5mha7bycj.cloudfront.net/product-image/file/large_7358a499-c77a-497f-b173-24d5876b6f03.jpg,"
FreshThymeMarket,Original price: $7.59,$6.49,,,4.2 oz,[],Many in stock,"https://www.instacart.com/image-server/197x197/filters:fill(FFF,true):format(jpg)/d2lnr5mha7bycj.cloudfront.net/product-image/file/large_8bf254e7-1c64-4dc7-8131-843e39d6f7f9.jpg,"
FreshThymeMarket,"Triscuit Original Whole Grain Wheat Crackers, Vegan Crackers",$5.69,,,8.5 oz,"['Whole Grain', 'Vegan']",,"https://www.instacart.com/image-server/197x197/filters:fill(FFF,true):format(jpg)/d2lnr5mha7bycj.cloudfront.net/product-image/file/large_4e1e0a9c-8953-4333-920a-75946afe9321.jpg,"
FreshThymeMarket,Original price: $4.29,$3.29,,,5 oz,"['Gluten-Free', 'Vegan']",,"https://www.instacart.com/image-server/197x197/filters:fill(FFF,true):format(jpg)/d2lnr5mha7bycj.cloudfront.net/product-image/file/large_80bde4a8-0390-4537-aca6-0c1c38732ae9.jpg,"
FreshThymeMarket,"Endangered Species Chocolate, Extreme Dark, 88% Cocoa",$3.79,,,3 oz,"['Gluten-Free', 'Vegan']",,"https://www.instacart.com/image-server/197x197/filters:fill(FFF,true):format(jpg)/d2lnr5mha7bycj.cloudfront.net/product-image/file/large_f099b984-1a66-44c5-9987-b86c803b6425.png,"
FreshThymeMarket,"Endangered Species Dark Chocolate, Caramel & Sea Salt, 60% Cocoa",$3.79,,,3 oz,['Gluten-Free'],,"https://www.instacart.com/image-server/197x197/filters:fill(FFF,true):format(jpg)/d2lnr5mha7bycj.cloudfront.net/product-image/file/large_25440cd1-c6e6-4cb6-b898-f22394620115.png,"
FreshThymeMarket,"Endangered Species Dark Chocolate, Almonds & Sea Salt, 72% Cocoa",$3.79,,,3 oz,"['Gluten-Free', 'Vegan']",,"https://www.instacart.com/image-server/197x197/filters:fill(FFF,true):format(jpg)/d2lnr5mha7bycj.cloudfront.net/product-image/file/large_8ca85906-c4a2-4331-a0aa-f4bcf908be9d.png,"
FreshThymeMarket,Triscuit Cracked Pepper & Olive Oil Whole Grain Wheat Crackers,$5.69,,,9 oz,"['Whole Grain', 'Vegan']",,"https://www.instacart.com/image-server/197x197/filters:fill(FFF,true):format(jpg)/d2lnr5mha7bycj.cloudfront.net/product-image/file/large_0f3543e5-d514-4b71-9919-46baadab8c54.jpg,"
FreshThymeMarket,Cascadian Farm Organic Spud Puppies Frozen Potatoes,$6.49,,,16 oz,['Vegan'],,"https://www.instacart.com/image-server/197x197/filters:fill(FFF,true):format(jpg)/d2lnr5mha7bycj.cloudfront.net/product-image/file/large_6b26cac0-588d-4885-a962-664edc7ce4a5.png,"
FreshThymeMarket,Feel Good Foods Gluten-Free Chicken Potstickers,$10.79,,,10 oz,['Gluten-Free'],,"https://www.instacart.com/image-server/197x197/filters:fill(FFF,true):format(jpg)/d2lnr5mha7bycj.cloudfront.net/product-image/file/large_69b03113-2bee-499f-a2dc-c63fdaee09d0.png,"
FreshThymeMarket,"Deep Indian Kitchen Samosas, Chicken Tikka, Medium Spice",$7.59,,,8 each,[],Many in stock,"https://www.instacart.com/image-server/197x197/filters:fill(FFF,true):format(jpg)/d2lnr5mha7bycj.cloudfront.net/product-image/file/large_e46f5954-bbd7-4e17-bbfc-05ecb186fb91.png,"
FreshThymeMarket,Applegate Naturals Gluten Free Uncured Beef Corn Dogs,$9.69,,,4 ct,"['Gluten-Free', 'Grass-Fed']",,"https://www.instacart.com/image-server/197x197/filters:fill(FFF,true):format(jpg)/d2lnr5mha7bycj.cloudfront.net/product-image/file/large_30acecbc-2b93-4725-a7b3-cb98b1910dfa.png,"
FreshThymeMarket,Feel Good Foods Gluten-Free Chicken Egg Rolls,$10.79,,,9 oz,['Gluten-Free'],,"https://www.instacart.com/image-server/197x197/filters:fill(FFF,true):format(jpg)/d2lnr5mha7bycj.cloudfront.net/product-image/file/large_40c3276a-e478-4af1-802b-870a45add8ed.png,"
FreshThymeMarket,The Pizza Cupcake Margherita - Gourmet Pizza Snack,$11.89,,,11.2 oz,[],Many in stock,"https://www.instacart.com/image-server/197x197/filters:fill(FFF,true):format(jpg)/d2lnr5mha7bycj.cloudfront.net/product-image/file/large_2e698cb0-71ad-45bc-be93-c36d57af2e33.jpg,"
FreshThymeMarket,Feel Good Foods Gluten-Free Vegetable Potsticker Dumplings,$10.79,,,10 oz,"['Gluten-Free', 'Vegan']",Many in stock,"https://www.instacart.com/image-server/197x197/filters:fill(FFF,true):format(jpg)/d2lnr5mha7bycj.cloudfront.net/product-image/file/large_0b621278-23a9-40b6-9695-3958d32e0933.png,"
FreshThymeMarket,"Feel Good Foods Potato, Egg & Cheese Pocket Sandwiches",$8.09,,,8 oz,['Gluten-Free'],,"https://www.instacart.com/image-server/197x197/filters:fill(FFF,true):format(jpg)/d2lnr5mha7bycj.cloudfront.net/product-image/file/large_39a3df76-c1ba-4802-acb8-c99aaa09f130.png,"
FreshThymeMarket,Original price: $5.39,$4.39,,,16 oz,[],,"https://www.instacart.com/image-server/197x197/filters:fill(FFF,true):format(jpg)/d2lnr5mha7bycj.cloudfront.net/product-image/file/large_6eb17de2-0257-4bce-9069-2c5ada3a1936.png,"
FreshThymeMarket,The Pizza Cupcake Pepperoni - Gourmet Pizza Snack,$11.89,,,11.45 oz,[],Many in stock,"https://www.instacart.com/image-server/197x197/filters:fill(FFF,true):format(jpg)/d2lnr5mha7bycj.cloudfront.net/product-image/file/large_368170fe-9e71-4947-829c-39774eea2f9b.jpg,"
FreshThymeMarket,Feel Good Foods Gluten-Free Vegetable Egg Rolls,$10.79,,,9 oz,['Gluten-Free'],Many in stock,"https://www.instacart.com/image-server/197x197/filters:fill(FFF,true):format(jpg)/d2lnr5mha7bycj.cloudfront.net/product-image/file/large_c119f0c8-b18f-4c34-9ae8-cb4675fe38c0.png,"
FreshThymeMarket,Laoban Pork Soup Dumplings,$7.59,,,8 oz,[],,"https://www.instacart.com/image-server/197x197/filters:fill(FFF,true):format(jpg)/d2lnr5mha7bycj.cloudfront.net/product-image/file/large_cb40e2bf-86c3-4e8d-8e28-035cf1121294.jpg,"
FreshThymeMarket,"Yasso Poppables, Greek Yogurt, Sea Salt Caramel",$8.09,,,6.84 fl oz,[],Many in stock,"https://www.instacart.com/image-server/197x197/filters:fill(FFF,true):format(jpg)/d2lnr5mha7bycj.cloudfront.net/product-image/file/large_55879c79-211b-48f4-bd68-c02b00aa6599.png,"
FreshThymeMarket,Cascadian Farm Organic Straight Cut French Fries Frozen Potatoes,$6.49,,,16 oz,['Vegan'],Many in stock,"https://www.instacart.com/image-server/197x197/filters:fill(FFF,true):format(jpg)/d2lnr5mha7bycj.cloudfront.net/product-image/file/large_019bea42-86f2-4240-b332-9249bb8be17b.png,"
FreshThymeMarket,"Brazi Bites Cheddar & Parmesan, Brazilian Cheese Bread",$8.09,,,11.5 oz,['Gluten-Free'],,"https://www.instacart.com/image-server/197x197/filters:fill(FFF,true):format(jpg)/d2lnr5mha7bycj.cloudfront.net/product-image/file/large_1330bc1e-27ad-4620-96b6-de3dafd402df.png,"
FreshThymeMarket,"Brazi Bites Garlic Asiago, Brazilian Cheese Bread",$8.09,,,18 x 11.5 oz,['Gluten-Free'],,"https://www.instacart.com/image-server/197x197/filters:fill(FFF,true):format(jpg)/d2lnr5mha7bycj.cloudfront.net/product-image/file/large_5e3da670-d9e3-4624-8840-f3838167d893.png,"
FreshThymeMarket,Laoban Pork & Chive Dumplings,$7.59,,,8 oz,[],,"https://www.instacart.com/image-server/197x197/filters:fill(FFF,true):format(jpg)/d2lnr5mha7bycj.cloudfront.net/product-image/file/large_c2c2b8f9-73d5-4d4c-8d4c-0077fee1c7f8.jpg,"
FreshThymeMarket,Alexia® Crispy Waffle Cut Potatoes With Seasoned Salt,$8.09,,,15 oz,['Vegan'],,"https://www.instacart.com/image-server/197x197/filters:fill(FFF,true):format(jpg)/d2lnr5mha7bycj.cloudfront.net/product-image/file/large_19237250-3925-427a-82f0-c0c0204b7864.png,"
FreshThymeMarket,Feel Good Foods Gluten-Free Pepperoni Snack Bites,$9.69,,,7 oz,['Gluten-Free'],,"https://www.instacart.com/image-server/197x197/filters:fill(FFF,true):format(jpg)/d2lnr5mha7bycj.cloudfront.net/product-image/file/large_672d19a7-204b-4db6-8dab-297191980c3c.png,"
FreshThymeMarket,Chubby Snacks Almond Butter & Strawberry Jam,$10.79,,,4 x 10.6 oz,['Vegan'],Many in stock,"https://www.instacart.com/image-server/197x197/filters:fill(FFF,true):format(jpg)/d2lnr5mha7bycj.cloudfront.net/product-image/file/large_5b382646-721e-42d2-96cf-e700840bac33.png,"
FreshThymeMarket,Brazi Bites Pepperoni Pizza Snacks,$8.09,,,10 oz,['Gluten-Free'],,"https://www.instacart.com/image-server/197x197/filters:fill(FFF,true):format(jpg)/d2lnr5mha7bycj.cloudfront.net/product-image/file/large_cd15bc82-7354-4e75-8667-f3b60a630472.png,"
FreshThymeMarket,Brazi Bites Four Cheese Pizza Snacks,$8.09,,,10 oz,['Gluten-Free'],,"https://www.instacart.com/image-server/197x197/filters:fill(FFF,true):format(jpg)/d2lnr5mha7bycj.cloudfront.net/product-image/file/large_ba0a1754-754d-4ecc-a6fc-ded55ad50189.png,"
FreshThymeMarket,"Dr. Praeger's Spinach Littles, Gluten Free",$6.99,,,10 oz,['Gluten-Free'],Many in stock,"https://www.instacart.com/image-server/197x197/filters:fill(FFF,true):format(jpg)/d2lnr5mha7bycj.cloudfront.net/product-image/file/large_35f76ab9-1247-48ac-9350-40538b3d2144.png,"
FreshThymeMarket,"Spudz Seasoned Fries, Classic Sea Salt",$7.59,,,15 oz,[],,"https://www.instacart.com/image-server/197x197/filters:fill(FFF,true):format(jpg)/d2lnr5mha7bycj.cloudfront.net/product-image/file/large_df9fc2f5-754b-4349-8b98-750506ec79c9.png,"
FreshThymeMarket,"Alexia Fries, Crispy Rosemary",$8.09,,,16 oz,['Vegan'],,"https://www.instacart.com/image-server/197x197/filters:fill(FFF,true):format(jpg)/d2lnr5mha7bycj.cloudfront.net/product-image/file/large_dfcd7576-e3eb-46c5-8245-17a896763a91.png,"
FreshThymeMarket,"Alexia Puffs, Sweet Potato, Crispy, Bite-Size",$8.09,,,20 oz,[],,"https://www.instacart.com/image-server/197x197/filters:fill(FFF,true):format(jpg)/d2lnr5mha7bycj.cloudfront.net/product-image/file/large_7d9aa32d-a165-4999-b24f-be3462f04b06.png,"
FreshThymeMarket,"Alexia Fries, Organic, Sweet Potato",$8.09,,,15 oz,[],,"https://www.instacart.com/image-server/197x197/filters:fill(FFF,true):format(jpg)/d2lnr5mha7bycj.cloudfront.net/product-image/file/large_2cf0acd7-05ed-4166-818b-e3e2d107357d.png,"
FreshThymeMarket,Alexia Organic Crinkle Cut Fries with Sea Salt,$7.59,,,16 oz,['Vegan'],,"https://www.instacart.com/image-server/197x197/filters:fill(FFF,true):format(jpg)/d2lnr5mha7bycj.cloudfront.net/product-image/file/large_f9270691-4438-4635-a5bd-75c2e4ebfa12.png,"
FreshThymeMarket,"Strong Roots Crispy Skinny Fries, Vegan, Gluten Free Frozen Fries",$6.49,,,20 oz,[],Many in stock,"https://www.instacart.com/image-server/197x197/filters:fill(FFF,true):format(jpg)/d2lnr5mha7bycj.cloudfront.net/product-image/file/large_9a7b2ee6-22d8-4c28-91a8-b706fc0949b9.jpg,"
FreshThymeMarket,"Kasia's Pierogies, Sauerkraut",$6.99,,,14 oz,[],,"https://www.instacart.com/image-server/197x197/filters:fill(FFF,true):format(jpg)/d2lnr5mha7bycj.cloudfront.net/product-image/file/large_7ce68524-000e-4371-b0c9-3766d27a36ec.png,"
FreshThymeMarket,Fresh Thyme Market Fresh Thyme Cheese Ravioli (Square),$5.39,,,16 oz,[],,"https://www.instacart.com/image-server/197x197/filters:fill(FFF,true):format(jpg)/d2lnr5mha7bycj.cloudfront.net/product-image/file/large_aca31231-6bc9-4a36-a10c-1c5cc7c8246a.png,"
FreshThymeMarket,"Alexia Puffs, Yukon Select, Organic",$7.59,,,16 oz,['Vegan'],,"https://www.instacart.com/image-server/197x197/filters:fill(FFF,true):format(jpg)/d2lnr5mha7bycj.cloudfront.net/product-image/file/large_db3f74ba-f8bc-4a5d-81ff-5eae06c26432.png,"
FreshThymeMarket,"Alexia Fries, Sweet Potato",$8.09,,,15 oz,[],,"https://www.instacart.com/image-server/197x197/filters:fill(FFF,true):format(jpg)/d2lnr5mha7bycj.cloudfront.net/product-image/file/large_170c3eee-f443-459b-bfb3-cbf694b81108.png,"
FreshThymeMarket,Eastern Standard Provisions Co. Gluten Free One-Timer Soft Pretzel Bites,$7.59,,,5.25 oz,[],,"https://www.instacart.com/image-server/197x197/filters:fill(FFF,true):format(jpg)/d2lnr5mha7bycj.cloudfront.net/product-image/file/large_89653ef1-b56a-42db-86cf-f87042dbf75b.png,"
FreshThymeMarket,"Strong Roots Proper Fries, Vegan, Gluten Free Frozen Fries",$6.49,,,20 oz,[],,"https://www.instacart.com/image-server/197x197/filters:fill(FFF,true):format(jpg)/d2lnr5mha7bycj.cloudfront.net/product-image/file/large_a505a0dd-351a-40b8-bccc-69379b552bd4.jpg,"
FreshThymeMarket,"Alexia Onion Rings, Crispy",$7.59,,,11 oz,['Vegan'],,"https://www.instacart.com/image-server/197x197/filters:fill(FFF,true):format(jpg)/d2lnr5mha7bycj.cloudfront.net/product-image/file/large_2096bed6-d09b-4abe-9202-3f277852c5ac.png,"
FreshThymeMarket,"Strong Roots Crispy Crinkle Fries, Vegan, Gluten Free Frozen Fries",$6.49,,,20 oz,[],,"https://www.instacart.com/image-server/197x197/filters:fill(FFF,true):format(jpg)/d2lnr5mha7bycj.cloudfront.net/product-image/file/large_31578cc6-52e1-40b0-a5a0-a4b07c30241d.jpg,"
FreshThymeMarket,Hot Pockets Hot Pocket Pepperoni Pizza,$4.29,,,2 x 4.5 oz,[],,"https://www.instacart.com/image-server/197x197/filters:fill(FFF,true):format(jpg)/d2lnr5mha7bycj.cloudfront.net/product-image/file/large_8d933a9b-4b7a-4072-9909-04e96042e264.jpg,"
FreshThymeMarket,"Alexia Fries, Sweet Potato",$8.09,,,20 oz,[],,"https://www.instacart.com/image-server/197x197/filters:fill(FFF,true):format(jpg)/d2lnr5mha7bycj.cloudfront.net/product-image/file/large_18d527b9-1203-4990-a903-38de999359ff.png,"
FreshThymeMarket,"Alexia Fries, Seasoned, Sweet Potato, Waffle Cut",$8.09,,,20 oz,[],,"https://www.instacart.com/image-server/197x197/filters:fill(FFF,true):format(jpg)/d2lnr5mha7bycj.cloudfront.net/product-image/file/large_ea9c505b-31ed-47a2-8251-f02665cf4d33.png,"
FreshThymeMarket,"Totino's Pizza Rolls, Pepperoni",$9.69,,,50 ct,[],,"https://www.instacart.com/image-server/197x197/filters:fill(FFF,true):format(jpg)/d2lnr5mha7bycj.cloudfront.net/product-image/file/large_02edecfd-2ee7-4873-96b1-6c4a72178c33.png,"
FreshThymeMarket,Laoban Livin' on the Vedge Dumplings,$7.59,,,8 oz,['Vegan'],,"https://www.instacart.com/image-server/197x197/filters:fill(FFF,true):format(jpg)/d2lnr5mha7bycj.cloudfront.net/product-image/file/large_18dde59e-1941-4451-9beb-b766c10b34e6.jpg,"
FreshThymeMarket,"Totino's Pizza Rolls, Cheese",$9.69,,,24.8 oz,[],,"https://www.instacart.com/image-server/197x197/filters:fill(FFF,true):format(jpg)/d2lnr5mha7bycj.cloudfront.net/product-image/file/large_f05b3c63-7843-448f-b4f6-11d46a4e4875.png,"
FreshThymeMarket,Totino's Combination Pizza Rolls Frozen Kids Snacks Microwave Air Fryer Ready,$9.69,,,24.8 oz,[],,"https://www.instacart.com/image-server/197x197/filters:fill(FFF,true):format(jpg)/d2lnr5mha7bycj.cloudfront.net/product-image/file/large_76fa9cbd-d6e1-4f7d-a40e-6911a8852510.png,"
FreshThymeMarket,"Dave's Killer Bread 21 Whole Grains & Seeds Thin-Sliced, Whole Grain Organic Bread, 20.5 oz Loaf",$6.69,,,20.5 oz,"['Organic', 'Vegan']",,"https://www.instacart.com/image-server/197x197/filters:fill(FFF,true):format(jpg)/d2lnr5mha7bycj.cloudfront.net/product-image/file/large_ad536ffb-c1b2-4fa2-8e07-518440f595e9.png,"
FreshThymeMarket,Original price: $4.29,$3.79,,,16 oz,[],,"https://www.instacart.com/image-server/197x197/filters:fill(FFF,true):format(jpg)/d2lnr5mha7bycj.cloudfront.net/product-image/file/large_da408ef5-8017-422a-a1a9-63daa93b0410.png,"
FreshThymeMarket,Boulart Original European Demi-Baguette (Us Bag),$2.69,,,6 oz,[],,"https://www.instacart.com/image-server/197x197/filters:fill(FFF,true):format(jpg)/d2lnr5mha7bycj.cloudfront.net/product-image/file/large_c6435572-4585-4f15-8759-9d4ff25c2bcf.png,"
FreshThymeMarket,"SOLA Sweet Oat Bread, Low Carb, Zero Added Sugar",$8.59,,,14 oz,[],,"https://www.instacart.com/image-server/197x197/filters:fill(FFF,true):format(jpg)/d2lnr5mha7bycj.cloudfront.net/product-image/file/large_c1a51a5e-c661-44c3-a8cc-4dfb03006019.jpg,"
FreshThymeMarket,"Dave's Killer Bread White Bread Done Right, Artisan-Style Organic White Bread, 24 oz Loaf",$8.09,,,24 oz,"['Organic', 'Vegan']",,"https://www.instacart.com/image-server/197x197/filters:fill(FFF,true):format(jpg)/d2lnr5mha7bycj.cloudfront.net/product-image/file/large_f6d74d63-a15f-4b28-8e33-514b8e237bfe.png,"
FreshThymeMarket,Dave's Killer Bread 21 Whole Grains and Seeds Organic Bread,$8.09,,,27 oz,"['Organic', 'Vegan']",,"https://www.instacart.com/image-server/197x197/filters:fill(FFF,true):format(jpg)/d2lnr5mha7bycj.cloudfront.net/product-image/file/large_47f0e24c-f72f-4ac0-a58b-566d7c3f7c9b.png,"
FreshThymeMarket,"The Essential Baking Company Loaf, Sourdough, Take & Bake",$7.59,,,16 oz,['Organic'],Many in stock,"https://www.instacart.com/image-server/197x197/filters:fill(FFF,true):format(jpg)/d2lnr5mha7bycj.cloudfront.net/product-image/file/large_9d51fc76-b63e-46ab-9ea3-8106a5c049f2.png,"
FreshThymeMarket,"SOLA Deliciously Seeded Bread, Low Carb, Zero Added Sugar",$8.59,,,14 oz,[],,"https://www.instacart.com/image-server/197x197/filters:fill(FFF,true):format(jpg)/d2lnr5mha7bycj.cloudfront.net/product-image/file/large_85d052c7-108d-43b8-b0e4-ff4b6c4ca456.jpg,"
FreshThymeMarket,Companion Sourdough Batard,$5.39,,,14 oz,[],,"https://www.instacart.com/image-server/197x197/filters:fill(FFF,true):format(jpg)/d2lnr5mha7bycj.cloudfront.net/product-image/file/large_1906daa1-d357-4abe-b0ce-f6ea5e2ef532.png,"
FreshThymeMarket,Canyon Bakehouse Gluten Free Hawaiian Sweet Bread,$8.59,,,18 oz,['Gluten-Free'],,"https://www.instacart.com/image-server/197x197/filters:fill(FFF,true):format(jpg)/d2lnr5mha7bycj.cloudfront.net/product-image/file/large_ea02d2ce-6625-4b0c-91cd-ba2d7e2af21c.png,"
FreshThymeMarket,Artisan French Baguette With Bags,$2.69,,,13.2 oz,[],,"https://www.instacart.com/image-server/197x197/filters:fill(FFF,true):format(jpg)/d2lnr5mha7bycj.cloudfront.net/product-image/file/large_cf65ad48-6c61-47ef-b38a-c8b259775bc3.png,"
FreshThymeMarket,"Dave's Killer Bread White Bread Done Right Thin-Sliced, Organic White Bread, 20.5 oz Loaf",$7.59,,,20.5 oz,['Organic'],,"https://www.instacart.com/image-server/197x197/filters:fill(FFF,true):format(jpg)/d2lnr5mha7bycj.cloudfront.net/product-image/file/large_55170d26-0e38-4e06-83a5-d9e6cf19dbb4.png,"
FreshThymeMarket,"The Essential Baking Company Italian Loaf, Take & Bake",$7.59,,,16 oz,['Organic'],Many in stock,"https://www.instacart.com/image-server/197x197/filters:fill(FFF,true):format(jpg)/d2lnr5mha7bycj.cloudfront.net/product-image/file/large_a250c88c-f8a6-461c-831d-df744b0b442e.png,"
FreshThymeMarket,"Little Northern Bakehouse Sprouted, Honey Oat, Gluten Free Bread",$7.59,,,17 oz,"['Vegan', 'Gluten-Free']",,"https://www.instacart.com/image-server/197x197/filters:fill(FFF,true):format(jpg)/d2lnr5mha7bycj.cloudfront.net/product-image/file/large_df4eda06-1427-4b6c-8ba0-e6fb2a33448c.jpg,"
FreshThymeMarket,"The Essential Baking Company Garlic Bread, Take & Bake",$7.59,,,16 oz,['Organic'],,"https://www.instacart.com/image-server/197x197/filters:fill(FFF,true):format(jpg)/d2lnr5mha7bycj.cloudfront.net/product-image/file/large_396cfeed-2cd9-4c57-a917-87f2de0448c9.png,"
FreshThymeMarket,Fresh Thyme Market Double Crust French Bread,$2.69,,,19 oz,[],Likely out of stock,"https://www.instacart.com/image-server/197x197/filters:fill(FFF,true):format(jpg)/d2lnr5mha7bycj.cloudfront.net/product-image/file/large_a42dcd04-9f03-4e5d-82a4-2834cfcdf867.png,"
FreshThymeMarket,Canyon Bakehouse Heritage Style Honey White Gluten Free Bread,$9.69,,,24 oz,['Gluten-Free'],,"https://www.instacart.com/image-server/197x197/filters:fill(FFF,true):format(jpg)/d2lnr5mha7bycj.cloudfront.net/product-image/file/large_a932e2e0-67a0-489b-99a8-36eaa41f8761.png,"
FreshThymeMarket,Pepperidge Farm Butter Bread,$5.39,,,22 oz,[],,"https://www.instacart.com/image-server/197x197/filters:fill(FFF,true):format(jpg)/d2lnr5mha7bycj.cloudfront.net/product-image/file/large_9d5f6499-0f54-4758-b810-6a1c43bd319e.jpg,"
FreshThymeMarket,Pepperidge Farm Homestyle Oat Bread,$5.39,,,24 oz,[],,"https://www.instacart.com/image-server/197x197/filters:fill(FFF,true):format(jpg)/d2lnr5mha7bycj.cloudfront.net/product-image/file/large_703a218f-2aa0-4b7e-8eca-2771c5615702.jpg,"
FreshThymeMarket,Pepperidge Farm Jewish Rye Seedless Bread,$5.39,,,16 oz,[],,"https://www.instacart.com/image-server/197x197/filters:fill(FFF,true):format(jpg)/d2lnr5mha7bycj.cloudfront.net/product-image/file/large_643813f5-b945-4fbf-8fc3-3376a2a44aa3.jpg,"
FreshThymeMarket,Canyon Bakehouse 7-Grain Gluten Free Bread,$8.59,,,18 oz,['Gluten-Free'],,"https://www.instacart.com/image-server/197x197/filters:fill(FFF,true):format(jpg)/d2lnr5mha7bycj.cloudfront.net/product-image/file/large_ff28b1e6-2a40-4921-bf21-3912be822a1d.png,"
FreshThymeMarket,Original price: $11.09,$9.69,,,16 oz,['Gluten-Free'],,"https://www.instacart.com/image-server/197x197/filters:fill(FFF,true):format(jpg)/d2lnr5mha7bycj.cloudfront.net/product-image/file/large_419aa47e-327b-443f-895f-382c99f8b0a6.png,"
FreshThymeMarket,Pepperidge Farm Raisin Cinnamon Swirl Bread,$5.09,,,16 oz,[],,"https://www.instacart.com/image-server/197x197/filters:fill(FFF,true):format(jpg)/d2lnr5mha7bycj.cloudfront.net/product-image/file/large_98758051-788d-4b71-95da-df6d38bf73a4.jpg,"
FreshThymeMarket,Pepperidge Farm Swirl Cinnamon Bread,$5.09,,,16 oz,[],,"https://www.instacart.com/image-server/197x197/filters:fill(FFF,true):format(jpg)/d2lnr5mha7bycj.cloudfront.net/product-image/file/large_f2ca09f3-3183-44c1-8f91-60c3d85eefb8.jpg,"
FreshThymeMarket,Boulart Red Pepper And Onion Fougasse (Us Individually Wrapped),$5.39,,,12 oz,[],,"https://www.instacart.com/image-server/197x197/filters:fill(FFF,true):format(jpg)/d2lnr5mha7bycj.cloudfront.net/product-image/file/large_88eba7c0-cee5-4555-8942-740a7df70712.png,"
FreshThymeMarket,Boulart Olive Oil And Fine Herbs Focaccia (Us Individually Wrapped),$5.39,,,12 oz,['Vegan'],,"https://www.instacart.com/image-server/197x197/filters:fill(FFF,true):format(jpg)/d2lnr5mha7bycj.cloudfront.net/product-image/file/large_c8601080-b310-448c-a18b-00a1c69270a7.png,"
FreshThymeMarket,Pepperidge Farm Whole Grain 100% Whole Wheat Bread,$5.39,,,24 oz,[],,"https://www.instacart.com/image-server/197x197/filters:fill(FFF,true):format(jpg)/d2lnr5mha7bycj.cloudfront.net/product-image/file/large_3a0a4378-926d-4a55-9a1f-8b81d3fe5fd9.jpg,"
FreshThymeMarket,"Canyon Bakehouse Sweet Rolls, Gluten Free, Hawaiian",$8.59,,,6 ct,['Gluten-Free'],,"https://www.instacart.com/image-server/197x197/filters:fill(FFF,true):format(jpg)/d2lnr5mha7bycj.cloudfront.net/product-image/file/large_d6cf5d64-86a9-4a99-b02e-2675429c8d54.png,"
FreshThymeMarket,Dave's Killer Bread Good Seed Thin-Sliced Organic Bread,$7.59,,,20.5 oz,"['Organic', 'Vegan']",,"https://www.instacart.com/image-server/197x197/filters:fill(FFF,true):format(jpg)/d2lnr5mha7bycj.cloudfront.net/product-image/file/large_0365803c-40ad-4072-b485-731e95668e0c.png,"
FreshThymeMarket,Pepperidge Farm Hearty White Bread,$5.39,,,24 oz,[],,"https://www.instacart.com/image-server/197x197/filters:fill(FFF,true):format(jpg)/d2lnr5mha7bycj.cloudfront.net/product-image/file/large_5fc96b9d-30a8-4310-8838-44646648424f.jpg,"
FreshThymeMarket,"Little Northern Bakehouse Gluten-Free, Cinnamon & Raisin Bread",$7.59,,,17 oz,"['Vegan', 'Gluten-Free']",,"https://www.instacart.com/image-server/197x197/filters:fill(FFF,true):format(jpg)/d2lnr5mha7bycj.cloudfront.net/product-image/file/large_6e4684e5-4312-4d34-b8b1-dd19238e20df.jpg,"
FreshThymeMarket,Pepperidge Farm Italian White Seedless Bread,$3.69,,,20 oz,[],,"https://www.instacart.com/image-server/197x197/filters:fill(FFF,true):format(jpg)/d2lnr5mha7bycj.cloudfront.net/product-image/file/large_406df0e6-09f3-48e0-b6e5-fdd45cbdb9fd.jpg,"
FreshThymeMarket,"Canyon Bakehouse Heritage Style Whole Grain Gluten Free Bread, Large Sliced, 24 oz Loaf",$9.69,,,24 oz,['Gluten-Free'],,"https://www.instacart.com/image-server/197x197/filters:fill(FFF,true):format(jpg)/d2lnr5mha7bycj.cloudfront.net/product-image/file/large_ee6dcbc7-15ec-4446-9382-cb98aa69e8c0.png,"
FreshThymeMarket,Pepperidge Farm Sweet Hawaiian Bread,$5.39,,,22 oz,[],,"https://www.instacart.com/image-server/197x197/filters:fill(FFF,true):format(jpg)/d2lnr5mha7bycj.cloudfront.net/product-image/file/large_36ab5c9e-ca28-4c12-beb4-fec089c7ba5c.jpg,"
FreshThymeMarket,Little Northern Bakehouse Sprouted 7 Grain Bread,$7.59,,,17 oz,['Gluten-Free'],,"https://www.instacart.com/image-server/197x197/filters:fill(FFF,true):format(jpg)/d2lnr5mha7bycj.cloudfront.net/product-image/file/large_5920a19f-a2b5-4997-ac39-363dc8d3a1b8.png,"
FreshThymeMarket,Pepperidge Farm Sourdough Bread,$5.39,,,24 oz,[],,"https://www.instacart.com/image-server/197x197/filters:fill(FFF,true):format(jpg)/d2lnr5mha7bycj.cloudfront.net/product-image/file/large_28ed8ea7-f898-4fc5-a2aa-4a4a5b7573d5.jpg,"
FreshThymeMarket,"bakerly Brioche Baguette, Soft",$9.69,,,12 oz,[],,"https://www.instacart.com/image-server/197x197/filters:fill(FFF,true):format(jpg)/d2lnr5mha7bycj.cloudfront.net/product-image/file/large_f948b474-98d2-4aea-a5a3-663053c120b0.png,"
FreshThymeMarket,BFree Soft White Loaf,$8.59,,,14.1 oz,"['Gluten-Free', 'Vegan']",,"https://www.instacart.com/image-server/197x197/filters:fill(FFF,true):format(jpg)/d2lnr5mha7bycj.cloudfront.net/product-image/file/large_d1925f60-9f59-40ad-b9f6-1a818f0ebd42.jpg,"
FreshThymeMarket,Schär Baguette,$8.59,,,12.3 oz,['Gluten-Free'],,"https://www.instacart.com/image-server/197x197/filters:fill(FFF,true):format(jpg)/d2lnr5mha7bycj.cloudfront.net/product-image/file/large_fe073726-50f8-4f8e-8414-6cb4d152ba56.png,"
FreshThymeMarket,"bakerly Brioche, Hand Braided",$10.79,,,14.11 oz,[],,"https://www.instacart.com/image-server/197x197/filters:fill(FFF,true):format(jpg)/d2lnr5mha7bycj.cloudfront.net/product-image/file/large_02337d71-d29e-4f83-803c-8b8d156717f6.png,"
FreshThymeMarket,Food for Life Ezekiel 4:9 Bread Organic Sprouted Whole Grain,$8.59,,,24 oz,"['Organic', 'Vegan']",,"https://www.instacart.com/image-server/197x197/filters:fill(FFF,true):format(jpg)/d2lnr5mha7bycj.cloudfront.net/product-image/file/large_0c198d03-8bca-4fd5-a590-88655bb7345a.png,"
FreshThymeMarket,"Little Northern Bakehouse Gluten-Free, Seeds & Grains Bread",$7.59,,,17 oz,"['Vegan', 'Gluten-Free']",,"https://www.instacart.com/image-server/197x197/filters:fill(FFF,true):format(jpg)/d2lnr5mha7bycj.cloudfront.net/product-image/file/large_25cd1b53-3351-4c11-8b32-06fa95d7ef0a.jpg,"
FreshThymeMarket,"SOLA Keto Bread, French Toast",$8.59,,,15 oz,['Keto'],Many in stock,"https://www.instacart.com/image-server/197x197/filters:fill(FFF,true):format(jpg)/d2lnr5mha7bycj.cloudfront.net/product-image/file/large_3639c09f-05bf-42ac-ba8c-d6ff843c32ab.png,"
FreshThymeMarket,"Alessi Breadsticks, Garlic",$2.89,,,4.4 oz,['Vegan'],,"https://www.instacart.com/image-server/197x197/filters:fill(FFF,true):format(jpg)/d2lnr5mha7bycj.cloudfront.net/product-image/file/large_4ab0900f-c0ac-403d-b28b-7401acb0fb16.png,"
FreshThymeMarket,"Alessi Breadsticks, Sesame",$2.89,,,4.4 oz,['Vegan'],,"https://www.instacart.com/image-server/197x197/filters:fill(FFF,true):format(jpg)/d2lnr5mha7bycj.cloudfront.net/product-image/file/large_e28d89dc-4417-473a-b396-231e9cf322d8.png,"
FreshThymeMarket,"Alessi Breadsticks, Thin",$2.99,,,3 oz,['Vegan'],,"https://www.instacart.com/image-server/197x197/filters:fill(FFF,true):format(jpg)/d2lnr5mha7bycj.cloudfront.net/product-image/file/large_53c7f8a4-dc32-427d-a8dc-72334539fd3f.png,"
FreshThymeMarket,"Chobani Yogurt, Greek, Non-Fat, Strawberry on the Bottom",$1.69,,,5.3 oz,[],,"https://www.instacart.com/image-server/197x197/filters:fill(FFF,true):format(jpg)/d2lnr5mha7bycj.cloudfront.net/product-image/file/large_5597efe1-7f7d-4c80-af29-8fb5bd4dcae0.png,"
FreshThymeMarket,"Chobani Yogurt, Greek, Nonfat, Peach on the Bottom",$1.69,,,5.3 oz,[],,"https://www.instacart.com/image-server/197x197/filters:fill(FFF,true):format(jpg)/d2lnr5mha7bycj.cloudfront.net/product-image/file/large_f1c0fa7d-58b4-4adb-9d5b-7894360aa714.png,"
FreshThymeMarket,"Chobani Yogurt, Low-Fat, Greek, Mango",$1.69,,,5.3 oz,[],,"https://www.instacart.com/image-server/197x197/filters:fill(FFF,true):format(jpg)/d2lnr5mha7bycj.cloudfront.net/product-image/file/large_8fbbcf14-f3d4-42ce-8b64-c3345525b0f0.png,"
FreshThymeMarket,"Siggi's Plant-Based Coconut Blend, Vanilla",$8.59,,,24 oz,[],,"https://www.instacart.com/image-server/197x197/filters:fill(FFF,true):format(jpg)/d2lnr5mha7bycj.cloudfront.net/product-image/file/large_1478fe2b-de8d-4319-93e2-fa84912901d3.png,"
FreshThymeMarket,Chobani Nonfat Plain Greek Yogurt,$1.69,,,5.3 oz,[],,"https://www.instacart.com/image-server/197x197/filters:fill(FFF,true):format(jpg)/d2lnr5mha7bycj.cloudfront.net/product-image/file/large_c4add3ec-80a8-4883-8022-5947324553b8.png,"
FreshThymeMarket,Fresh Thyme Market Nonfat Greek Yogurt,$4.29,,,24 oz,[],,"https://www.instacart.com/image-server/197x197/filters:fill(FFF,true):format(jpg)/d2lnr5mha7bycj.cloudfront.net/product-image/file/large_4e8f1c1b-c462-4ec8-ba26-02f57c462323.png,"
FreshThymeMarket,"Chobani Yogurt, Greek, Nonfat, Blueberry on the Bottom",$1.69,,,5.3 oz,[],,"https://www.instacart.com/image-server/197x197/filters:fill(FFF,true):format(jpg)/d2lnr5mha7bycj.cloudfront.net/product-image/file/large_c97a016e-b403-4ee8-8810-e92ed10aae43.png,"
FreshThymeMarket,Original price: $2.19,$1.69,,,4 oz,['Organic'],,"https://www.instacart.com/image-server/197x197/filters:fill(FFF,true):format(jpg)/d2lnr5mha7bycj.cloudfront.net/product-image/file/large_e3599d3c-7b42-4fac-9398-14a13263eec0.jpg,"
FreshThymeMarket,Chobani Vanilla Blended Non-Fat Greek Yogurt,$7.59,,,32 oz,[],,"https://www.instacart.com/image-server/197x197/filters:fill(FFF,true):format(jpg)/d2lnr5mha7bycj.cloudfront.net/product-image/file/large_bea5ef62-e937-40ad-a5e5-2a1e2f22c12c.png,"
FreshThymeMarket,"Chobani Yogurt, Low-Fat, Greek, Strawberry Banana on the Bottom",$1.69,,,5.3 oz,[],,"https://www.instacart.com/image-server/197x197/filters:fill(FFF,true):format(jpg)/d2lnr5mha7bycj.cloudfront.net/product-image/file/large_2334f18d-794c-4842-a198-08cb62e9daeb.png,"
FreshThymeMarket,"Forager Project Cashewmilk Yogurt, Organic, Dairy-Free, Unsweetened Plain",$7.29,,,24 oz,"['Vegan', 'Organic']",,"https://www.instacart.com/image-server/197x197/filters:fill(FFF,true):format(jpg)/d2lnr5mha7bycj.cloudfront.net/product-image/file/large_037b6266-e956-43c9-90ed-7ab8f7a786ba.png,"
FreshThymeMarket,Stonyfield Organic Whole Milk Yogurt Pouch Pear Spinach Mango,$1.99,,,4 oz,['Organic'],,"https://www.instacart.com/image-server/197x197/filters:fill(FFF,true):format(jpg)/d2lnr5mha7bycj.cloudfront.net/product-image/file/large_628eaf4f-dc25-439b-b22b-cdd3ae768773.jpg,"
FreshThymeMarket,"Chobani Yogurt, Greek, S'more S'mores",$1.79,,,4.5 oz,[],,"https://www.instacart.com/image-server/197x197/filters:fill(FFF,true):format(jpg)/d2lnr5mha7bycj.cloudfront.net/product-image/file/large_7c91a869-4b0c-4a08-b11c-44f3bb3beded.png,"
FreshThymeMarket,Original price: $5.39,$5.19,,,24 oz,[],,"https://www.instacart.com/image-server/197x197/filters:fill(FFF,true):format(jpg)/d2lnr5mha7bycj.cloudfront.net/product-image/file/large_bbc608e8-089c-457a-80fa-1a151ec37513.jpg,"
FreshThymeMarket,Stonyfield Organic Whole Milk Vanilla Yogurt,$2.19,,,5.3 oz,['Organic'],,"https://www.instacart.com/image-server/197x197/filters:fill(FFF,true):format(jpg)/d2lnr5mha7bycj.cloudfront.net/product-image/file/large_fc661b04-0d83-4b2d-bc44-43727d80207c.jpg,"
FreshThymeMarket,"Chobani Yogurt, Greek, Nonfat, Plain",$7.59,,,32 oz,[],,"https://www.instacart.com/image-server/197x197/filters:fill(FFF,true):format(jpg)/d2lnr5mha7bycj.cloudfront.net/product-image/file/large_32a2ec87-01da-416a-a26d-4225f789924d.png,"
FreshThymeMarket,"FAGE Yogurt, Greek, Nonfat, Strained",$8.09,,,32 oz,[],,"https://www.instacart.com/image-server/197x197/filters:fill(FFF,true):format(jpg)/d2lnr5mha7bycj.cloudfront.net/product-image/file/large_2937df8b-538d-4d43-a112-410d62861ca6.png,"
FreshThymeMarket,Original price: $2.69,$2.19,,,4 oz,"['Vegan', 'Organic']",,"https://www.instacart.com/image-server/197x197/filters:fill(FFF,true):format(jpg)/d2lnr5mha7bycj.cloudfront.net/product-image/file/large_642d29ce-d579-4c1e-99db-30d46973521e.png,"
FreshThymeMarket,"Siggi's Icelandic Skyr Nonfat Yogurt, Plain",$6.49,,,24 oz,['Grass-Fed'],,"https://www.instacart.com/image-server/197x197/filters:fill(FFF,true):format(jpg)/d2lnr5mha7bycj.cloudfront.net/product-image/file/large_ca974c76-9507-4076-acdd-e4b83601e9bc.png,"
FreshThymeMarket,"Forager Project Cashewmilk Yogurt, Dairy Free, Organic, Strawberry, Kids",$2.39,,,3.2 oz,"['Organic', 'Vegan']",,"https://www.instacart.com/image-server/197x197/filters:fill(FFF,true):format(jpg)/d2lnr5mha7bycj.cloudfront.net/product-image/file/large_717a94e8-3616-445d-b5f5-ad512d290233.png,"
FreshThymeMarket,Original price: $1.79,$1.39,,,5.3 oz,[],,"https://www.instacart.com/image-server/197x197/filters:fill(FFF,true):format(jpg)/d2lnr5mha7bycj.cloudfront.net/product-image/file/large_5838eeae-4773-485b-abf0-f0fd2792ae8e.png,"
FreshThymeMarket,"Siggi's Plant-Based Coconut Blend, Plain",$8.59,,,24 oz,[],,"https://www.instacart.com/image-server/197x197/filters:fill(FFF,true):format(jpg)/d2lnr5mha7bycj.cloudfront.net/product-image/file/large_97e54959-1b20-4fe8-9f7f-05fa5cb4dc71.png,"
FreshThymeMarket,Original price: $4.89,$3.69,,,5 oz,"['Vegan', 'Keto']",Many in stock,"https://www.instacart.com/image-server/197x197/filters:fill(FFF,true):format(jpg)/d2lnr5mha7bycj.cloudfront.net/product-image/file/large_ae78163b-f6ce-4720-8014-b5f1b1f75778.png,"
FreshThymeMarket,Original price: $2.19,$1.99,,,5.3 oz,"['Vegan', 'Organic']",,"https://www.instacart.com/image-server/197x197/filters:fill(FFF,true):format(jpg)/d2lnr5mha7bycj.cloudfront.net/product-image/file/large_6f7c26e2-f908-49c5-86f5-dcc251834398.jpg,"
FreshThymeMarket,"Siggi's siggi’s Icelandic Skyr Nonfat Yogurt, Vanilla, 24 oz.",$6.49,,,24 oz,['Grass-Fed'],,"https://www.instacart.com/image-server/197x197/filters:fill(FFF,true):format(jpg)/d2lnr5mha7bycj.cloudfront.net/product-image/file/large_bf2f72ce-ee25-4beb-82e1-4cdbf0023d98.jpg,"
FreshThymeMarket,Stonyfield Organic Kids Blueberry & Strawberry Vanilla Lowfat Yogurt Variety Pac,$6.19,,,6 x 4 oz,['Organic'],,"https://www.instacart.com/image-server/197x197/filters:fill(FFF,true):format(jpg)/d2lnr5mha7bycj.cloudfront.net/product-image/file/large_75ac15ef-830f-4fa0-9434-0dd95c2648d0.jpg,"
FreshThymeMarket,Original price: $1.39,$1.09,,,5 oz,[],,"https://www.instacart.com/image-server/197x197/filters:fill(FFF,true):format(jpg)/d2lnr5mha7bycj.cloudfront.net/product-image/file/large_c5ad32c0-6c09-44a5-b4b8-efce56f26aa2.png,"
FreshThymeMarket,"Siggi's Yogurt, Plain, Whole Milk",$6.49,,,24 oz,['Keto'],,"https://www.instacart.com/image-server/197x197/filters:fill(FFF,true):format(jpg)/d2lnr5mha7bycj.cloudfront.net/product-image/file/large_a4c65c5c-a279-4135-9f1f-d21dc49c1fa5.jpg,"
FreshThymeMarket,"Oikos Vanilla 15g Protein, 0 Added Sugar, Nonfat Greek Yogurt Cups",$6.99,,,4 x 5.3 oz,[],,"https://www.instacart.com/image-server/197x197/filters:fill(FFF,true):format(jpg)/d2lnr5mha7bycj.cloudfront.net/product-image/file/large_672a71da-bee8-4641-bde5-e096c1c77d0d.jpg,"
FreshThymeMarket,Original price: $2.39,$1.89,,,5.3 oz,"['Vegan', 'Organic']",,"https://www.instacart.com/image-server/197x197/filters:fill(FFF,true):format(jpg)/d2lnr5mha7bycj.cloudfront.net/product-image/file/large_9d15f4b0-85e2-48df-bd2d-6bb66d0e51bd.png,"
FreshThymeMarket,"Yoplait Go-GURT Strawberry Kids Fat Free Yogurt, Gluten Free",$4.29,,,16 oz,[],,"https://www.instacart.com/image-server/197x197/filters:fill(FFF,true):format(jpg)/d2lnr5mha7bycj.cloudfront.net/product-image/file/large_f4daeafe-1515-42e1-a5cc-ebcf2b1f75f7.png,"
FreshThymeMarket,"Chobani Yogurt, Greek, Low-Fat, Mixed Berry, Blended",$1.69,,,5.3 oz,[],,"https://www.instacart.com/image-server/197x197/filters:fill(FFF,true):format(jpg)/d2lnr5mha7bycj.cloudfront.net/product-image/file/large_a89fb706-91c1-468d-ac6f-d449f5c610d7.png,"
FreshThymeMarket,Original price: $7.29,$5.49,,,24 oz,"['Vegan', 'Organic']",Many in stock,"https://www.instacart.com/image-server/197x197/filters:fill(FFF,true):format(jpg)/d2lnr5mha7bycj.cloudfront.net/product-image/file/large_3c329a0f-41e9-4bae-91c2-45ee6e4a42f9.png,"
FreshThymeMarket,"Siggi's Milk Yogurt, Whole, Vanilla",$1.99,,,4.4 oz,['Grass-Fed'],,"https://www.instacart.com/image-server/197x197/filters:fill(FFF,true):format(jpg)/d2lnr5mha7bycj.cloudfront.net/product-image/file/large_c57bdd4e-2137-4fe6-acda-4e141aa9f960.png,"
FreshThymeMarket,"Siggi's Icelandic Style Skyr Non-Fat Yogurt, Vanilla",$1.99,,,5.3 oz,['Grass-Fed'],,"https://www.instacart.com/image-server/197x197/filters:fill(FFF,true):format(jpg)/d2lnr5mha7bycj.cloudfront.net/product-image/file/large_4c201cb0-cfa2-4ddb-b951-906a896f004a.png,"
FreshThymeMarket,Original price: $6.29,$5.39,,,24 oz,"['Organic', 'Keto']",,"https://www.instacart.com/image-server/197x197/filters:fill(FFF,true):format(jpg)/d2lnr5mha7bycj.cloudfront.net/product-image/file/large_46ffd72c-326c-4004-a870-0413ad459d41.jpg,"
FreshThymeMarket,Original price: $1.69,$1.09,,,4.5 oz,[],,"https://www.instacart.com/image-server/197x197/filters:fill(FFF,true):format(jpg)/d2lnr5mha7bycj.cloudfront.net/product-image/file/large_154f354f-5763-499b-a56a-acbf406ee1a6.jpg,"
FreshThymeMarket,Original price: $2.69,$1.99,,,4 oz,"['Vegan', 'Organic']",,"https://www.instacart.com/image-server/197x197/filters:fill(FFF,true):format(jpg)/d2lnr5mha7bycj.cloudfront.net/product-image/file/large_b998133a-dee0-46f5-b006-806565c8f49b.png,"
FreshThymeMarket,Stonyfield Organic Whole Milk Probiotic Yogurt Vanilla,$5.39,,,32 oz,['Organic'],,"https://www.instacart.com/image-server/197x197/filters:fill(FFF,true):format(jpg)/d2lnr5mha7bycj.cloudfront.net/product-image/file/large_2b7530c9-f497-4f3c-a525-edb805350981.jpg,"
FreshThymeMarket,Stonyfield Organic Lowfat Yogurt Tubes Cherry & Berry,$5.99,,,8 x 2 oz,['Organic'],,"https://www.instacart.com/image-server/197x197/filters:fill(FFF,true):format(jpg)/d2lnr5mha7bycj.cloudfront.net/product-image/file/large_181f1b80-d9d1-43d2-bb76-32433e5e9253.jpg,"
FreshThymeMarket,Original price: $1.69,$1.09,,,6 oz,[],,"https://www.instacart.com/image-server/197x197/filters:fill(FFF,true):format(jpg)/d2lnr5mha7bycj.cloudfront.net/product-image/file/large_673ae853-dbd8-4ab8-997a-d57fb7bdbff7.jpg,"
FreshThymeMarket,FAGE Total Lowfat Greek Strained Yogurt 2% Milkfat,$8.09,,,35.3 oz,[],Many in stock,"https://www.instacart.com/image-server/197x197/filters:fill(FFF,true):format(jpg)/d2lnr5mha7bycj.cloudfront.net/product-image/file/large_bc37fca6-f04d-4011-8412-aa7105f9a581.png,"
FreshThymeMarket,"Siggi's Yogurt, Mixed Berries, Whole Milk",$1.99,,,4.4 oz,['Grass-Fed'],,"https://www.instacart.com/image-server/197x197/filters:fill(FFF,true):format(jpg)/d2lnr5mha7bycj.cloudfront.net/product-image/file/large_b9d79257-3b6d-49f3-8cd0-03f52fa79b56.png,"
FreshThymeMarket,"Siggi's Yogurt, Strawberry Rhubarb, Whole Milk",$1.99,,,4.4 oz,['Grass-Fed'],,"https://www.instacart.com/image-server/197x197/filters:fill(FFF,true):format(jpg)/d2lnr5mha7bycj.cloudfront.net/product-image/file/large_5254eb93-19f2-4e51-8955-be4dc2361a88.png,"
FreshThymeMarket,Original price: $5.39,$4.89,,,24 oz,[],,"https://www.instacart.com/image-server/197x197/filters:fill(FFF,true):format(jpg)/d2lnr5mha7bycj.cloudfront.net/product-image/file/large_8208658a-37c3-4a43-8eb5-05c55fe90a7a.jpg,"
FreshThymeMarket,Stonyfield Organic Kids Strawberry & Strawberry Banana Lowfat Yogurt Variety Pac,$6.19,,,6 x 4 oz,['Organic'],,"https://www.instacart.com/image-server/197x197/filters:fill(FFF,true):format(jpg)/d2lnr5mha7bycj.cloudfront.net/product-image/file/large_22d06c1b-3fea-45f3-92ec-3d6da60b4934.jpg,"
FreshThymeMarket,Fresh Thyme Market Pasta Sauce,$2.19,,,24 oz,['Gluten-Free'],Many in stock,"https://www.instacart.com/image-server/197x197/filters:fill(FFF,true):format(jpg)/d2lnr5mha7bycj.cloudfront.net/product-image/file/large_65038dd1-9c6b-4177-b1bd-3f9c9741539e.png,"
FreshThymeMarket,"Grillo's Pickles Pickle Chips, Classic Dill",$6.49,,,16 fl oz,['Vegan'],,"https://www.instacart.com/image-server/197x197/filters:fill(FFF,true):format(jpg)/d2lnr5mha7bycj.cloudfront.net/product-image/file/large_81028b11-e19b-43c3-9825-9e1b37df0184.png,"
FreshThymeMarket,Original price: $9.19,$7.59,,,24 oz,"['Gluten-Free', 'Vegan']",,"https://www.instacart.com/image-server/197x197/filters:fill(FFF,true):format(jpg)/d2lnr5mha7bycj.cloudfront.net/product-image/file/large_88fc4430-a70a-42dd-a7c8-00ec18f4544a.jpg,"
FreshThymeMarket,Yellowbird Classic Serrano Hot Sauce,$7.29,,,9.8 oz,"['Gluten-Free', 'Vegan']",Many in stock,"https://www.instacart.com/image-server/197x197/filters:fill(FFF,true):format(jpg)/d2lnr5mha7bycj.cloudfront.net/product-image/file/large_72ba404b-9758-44df-8462-a9fe7da4e289.jpg,"
FreshThymeMarket,Fresh Thyme Market Tomato Ketchup,$3.29,,,20 oz,"['Organic', 'Vegan']",Many in stock,"https://www.instacart.com/image-server/197x197/filters:fill(FFF,true):format(jpg)/d2lnr5mha7bycj.cloudfront.net/product-image/file/large_24d842f9-5161-4385-b3fd-15efc957d2c2.png,"
FreshThymeMarket,"Spice World Garlic, Minced",$3.79,,,8 oz container,['Vegan'],,"https://www.instacart.com/image-server/197x197/filters:fill(FFF,true):format(jpg)/d2lnr5mha7bycj.cloudfront.net/product-image/file/large_462b62d7-69bf-4168-9d68-eb08c4cbc0d1.png,"
FreshThymeMarket,Fresh Thyme Market Fresh Thyme Nat Mild Salsa,$4.29,,,16 oz,['Vegan'],,"https://www.instacart.com/image-server/197x197/filters:fill(FFF,true):format(jpg)/d2lnr5mha7bycj.cloudfront.net/product-image/file/large_5f161a0b-5d02-4868-82b9-e7eaed518ee9.png,"
FreshThymeMarket,Yellowbird Classic Blue Agave Sriracha,$7.29,,,9.8 oz,"['Gluten-Free', 'Vegan']",,"https://www.instacart.com/image-server/197x197/filters:fill(FFF,true):format(jpg)/d2lnr5mha7bycj.cloudfront.net/product-image/file/large_c3f58d8a-8321-4114-b4ed-89ed61e44aa1.jpg,"
FreshThymeMarket,"Spice World Garlic, Minced",$2.69,,,4.5 oz container,['Vegan'],,"https://www.instacart.com/image-server/197x197/filters:fill(FFF,true):format(jpg)/d2lnr5mha7bycj.cloudfront.net/product-image/file/large_934915f7-fbe6-4959-a2c1-d130f43252d3.png,"
FreshThymeMarket,Hellmann's Mayonnaise Real Mayo,$7.59,,,30 oz,[],,"https://www.instacart.com/image-server/197x197/filters:fill(FFF,true):format(jpg)/d2lnr5mha7bycj.cloudfront.net/product-image/file/large_ec2d5814-c4a5-4e65-9f31-0f1914ae1107.png,"
FreshThymeMarket,Grillo's Pickles Italian Dill Spears,$7.59,,,32 fl oz,['Vegan'],,"https://www.instacart.com/image-server/197x197/filters:fill(FFF,true):format(jpg)/d2lnr5mha7bycj.cloudfront.net/product-image/file/large_0f42df56-3925-4a0e-91b9-baaa045ae37d.png,"
FreshThymeMarket,Original price: $10.29,$9.69,,,25 oz,['Vegan'],,"https://www.instacart.com/image-server/197x197/filters:fill(FFF,true):format(jpg)/d2lnr5mha7bycj.cloudfront.net/product-image/file/large_3c66a26e-5e0e-4998-9b98-4b76bb18dd35.png,"
FreshThymeMarket,Fresh Thyme Market Yellow Mustard,$1.69,,,14 oz,['Organic'],,"https://www.instacart.com/image-server/197x197/filters:fill(FFF,true):format(jpg)/d2lnr5mha7bycj.cloudfront.net/product-image/file/large_e3ee35bb-98c0-4caf-9552-acd5d2d657ef.png,"
FreshThymeMarket,Cleveland Kitchen Vegan Classic Kimchi,$6.99,,,16 oz,['Vegan'],,"https://www.instacart.com/image-server/197x197/filters:fill(FFF,true):format(jpg)/d2lnr5mha7bycj.cloudfront.net/product-image/file/large_4ea2d57d-eb10-4f4b-bd8d-e6b1d98fd4d6.jpg,"
FreshThymeMarket,Hellmann's Real Mayonnaise Real Mayo Squeeze Bottle,$9.69,,,20 oz,[],,"https://www.instacart.com/image-server/197x197/filters:fill(FFF,true):format(jpg)/d2lnr5mha7bycj.cloudfront.net/product-image/file/large_540f3e11-4766-4cce-b009-eda6fb9e4b34.png,"
FreshThymeMarket,Original price: $10.79,$6.49,,,24 oz,[],,"https://www.instacart.com/image-server/197x197/filters:fill(FFF,true):format(jpg)/d2lnr5mha7bycj.cloudfront.net/product-image/file/large_51e1e350-99f4-4c37-a049-3b0ac9787639.jpg,"
FreshThymeMarket,Sky Valley Sriracha,$6.99,,,18.5 oz,"['Organic', 'Gluten-Free']",,"https://www.instacart.com/image-server/197x197/filters:fill(FFF,true):format(jpg)/d2lnr5mha7bycj.cloudfront.net/product-image/file/large_c69bc9ca-8b73-4f1e-b0f6-979ce7a98819.png,"
FreshThymeMarket,Fresh Thyme Market Salsa Thick And Chunky,$4.29,,,16 oz,['Organic'],,"https://www.instacart.com/image-server/197x197/filters:fill(FFF,true):format(jpg)/d2lnr5mha7bycj.cloudfront.net/product-image/file/large_549c6198-8f52-4cf5-a931-67a5a43feb6d.png,"
FreshThymeMarket,"Sky Valley Sauce, Green Sriracha",$6.99,,,17.25 oz,"['Gluten-Free', 'Vegan']",,"https://www.instacart.com/image-server/197x197/filters:fill(FFF,true):format(jpg)/d2lnr5mha7bycj.cloudfront.net/product-image/file/large_32111b4a-4730-4ab6-a80b-c3bdd624ef2a.png,"
FreshThymeMarket,"Yellowbird Classic, Habanero Hot Sauce",$7.29,,,9.8 oz,"['Gluten-Free', 'Vegan']",,"https://www.instacart.com/image-server/197x197/filters:fill(FFF,true):format(jpg)/d2lnr5mha7bycj.cloudfront.net/product-image/file/large_dc5e7cd9-d85f-4b49-ac01-36a99389966b.jpg,"
FreshThymeMarket,"Fody Marinara Sauce, Vegan, Gluten Free, and Gut Friendly",$9.69,,,19.4 oz,"['Gluten-Free', 'Vegan']",,"https://www.instacart.com/image-server/197x197/filters:fill(FFF,true):format(jpg)/d2lnr5mha7bycj.cloudfront.net/product-image/file/large_b3f3095a-35bf-4f09-8c92-e220f4eb4b67.jpg,"
FreshThymeMarket,Original price: $4.69,$3.59,,,7 oz,"['Gluten-Free', 'Vegan']",,"https://www.instacart.com/image-server/197x197/filters:fill(FFF,true):format(jpg)/d2lnr5mha7bycj.cloudfront.net/product-image/file/large_0ca92dc6-3a2a-4b67-9203-1239fe9f5a7f.jpg,"
FreshThymeMarket,wildbrine Korean Kimchi,$9.29,,,18 oz,['Vegan'],,"https://www.instacart.com/image-server/197x197/filters:fill(FFF,true):format(jpg)/d2lnr5mha7bycj.cloudfront.net/product-image/file/large_3a301767-bd7c-4fc4-9144-1e4f6b0f0176.png,"
FreshThymeMarket,"Divina Olives, Blue Cheese Stuffed",$8.99,,,13.4 oz,[],,"https://www.instacart.com/image-server/197x197/filters:fill(FFF,true):format(jpg)/d2lnr5mha7bycj.cloudfront.net/product-image/file/large_76bb2321-e3de-4543-9ba8-8e0ece6dc448.png,"
FreshThymeMarket,"Cucina & Amore Pesto, Alla Genovese, Basil",$4.59,,,7.9 oz,[],,"https://www.instacart.com/image-server/197x197/filters:fill(FFF,true):format(jpg)/d2lnr5mha7bycj.cloudfront.net/product-image/file/large_0f054faa-d6c8-4383-8b9e-43ab085f98a6.png,"
FreshThymeMarket,Fresh Thyme Market Homestyle Med Salsa Extra Cilantro,$4.29,,,16 oz,['Vegan'],,"https://www.instacart.com/image-server/197x197/filters:fill(FFF,true):format(jpg)/d2lnr5mha7bycj.cloudfront.net/product-image/file/large_c4a05650-0dbe-4325-b065-957b0d97b192.png,"
FreshThymeMarket,Napoleon Co. Capers Organic,$4.89,,,3.5 oz,"['Vegan', 'Organic']",Many in stock,"https://www.instacart.com/image-server/197x197/filters:fill(FFF,true):format(jpg)/d2lnr5mha7bycj.cloudfront.net/product-image/file/large_2751c456-f5f9-4181-b245-9f68065aa491.png,"
FreshThymeMarket,Original price: $9.69,$7.59,,,17 oz,['Gluten-Free'],,"https://www.instacart.com/image-server/197x197/filters:fill(FFF,true):format(jpg)/d2lnr5mha7bycj.cloudfront.net/product-image/file/large_48758f9d-6b3c-4651-ba0c-51b47a00dd1d.png,"
FreshThymeMarket,Original price: $3.79,$2.99,,,12 fl oz,['Vegan'],,"https://www.instacart.com/image-server/197x197/filters:fill(FFF,true):format(jpg)/d2lnr5mha7bycj.cloudfront.net/product-image/file/large_12efd085-038c-493a-8be0-1a410e9b589c.png,"
FreshThymeMarket,Original price: $5.39,$4.69,,,5 fl oz,['Vegan'],,"https://www.instacart.com/image-server/197x197/filters:fill(FFF,true):format(jpg)/d2lnr5mha7bycj.cloudfront.net/product-image/file/large_c84d4e30-558d-4121-91fc-be483518f90e.png,"
FreshThymeMarket,Hellmann's Vegan Dressing and Spread Vegan,$11.29,,,24 oz,['Vegan'],,"https://www.instacart.com/image-server/197x197/filters:fill(FFF,true):format(jpg)/d2lnr5mha7bycj.cloudfront.net/product-image/file/large_268569e8-c688-4fd8-9e7a-fa41505e90db.png,"
FreshThymeMarket,Kikkoman Less Sodium Soy Sauce,$4.89,,,10 fl oz,[],Many in stock,"https://www.instacart.com/image-server/197x197/filters:fill(FFF,true):format(jpg)/d2lnr5mha7bycj.cloudfront.net/product-image/file/large_c324589d-746f-4d4a-8f66-dcc676156fb1.png,"
FreshThymeMarket,"Divina Kalamata Olives, pitted",$6.79,,,6 oz,['Vegan'],Many in stock,"https://www.instacart.com/image-server/197x197/filters:fill(FFF,true):format(jpg)/d2lnr5mha7bycj.cloudfront.net/product-image/file/large_4491b9dd-207b-40c5-aecd-dd705ab00184.jpg,"
FreshThymeMarket,"California Pizza Kitchen Dressing, Ranch",$6.49,,,12 fl oz,[],,"https://www.instacart.com/image-server/197x197/filters:fill(FFF,true):format(jpg)/d2lnr5mha7bycj.cloudfront.net/product-image/file/large_771bbe80-3b9a-40bc-93d9-4d905a6c71b9.png,"
FreshThymeMarket,Fresh Thyme Market Mango Salsa,$4.29,,,10 oz,[],,"https://www.instacart.com/image-server/197x197/filters:fill(FFF,true):format(jpg)/d2lnr5mha7bycj.cloudfront.net/product-image/file/large_1908b418-ab85-4651-9f85-ae6a7107794f.png,"
FreshThymeMarket,"Kikkoman Soy Sauce, All‑Purpose",$4.09,,,10 fl oz,['Vegan'],Many in stock,"https://www.instacart.com/image-server/197x197/filters:fill(FFF,true):format(jpg)/d2lnr5mha7bycj.cloudfront.net/product-image/file/large_231aa596-2446-4db6-8bfe-8e1a3bed80a6.png,"
FreshThymeMarket,Follow Your Heart High Omega Vegan Ranch Dressing,$6.49,,,12 oz,['Vegan'],,"https://www.instacart.com/image-server/197x197/filters:fill(FFF,true):format(jpg)/d2lnr5mha7bycj.cloudfront.net/product-image/file/large_3ca19da6-01f4-4418-8038-2e76bbb32c79.jpg,"
FreshThymeMarket,Fresh Thyme Market Pizza Sauce,$1.69,,,14 oz,['Gluten-Free'],,"https://www.instacart.com/image-server/197x197/filters:fill(FFF,true):format(jpg)/d2lnr5mha7bycj.cloudfront.net/product-image/file/large_5c105c21-334b-47d8-bec2-63383646d65a.png,"
FreshThymeMarket,Frank's RedHot® Original Cayenne Pepper Hot Sauce,$6.49,,,12 oz,['Vegan'],,"https://www.instacart.com/image-server/197x197/filters:fill(FFF,true):format(jpg)/d2lnr5mha7bycj.cloudfront.net/product-image/file/large_e8696c44-20cb-4b36-a06b-3d1c438699ba.jpg,"
FreshThymeMarket,Original price: $9.69,$7.59,,,16 oz,[],,"https://www.instacart.com/image-server/197x197/filters:fill(FFF,true):format(jpg)/d2lnr5mha7bycj.cloudfront.net/product-image/file/large_c25bbc9d-f09c-49e1-ba63-a255480e5401.png,"
FreshThymeMarket,"Tia Lupita Hot Sauce, Chipotle",$8.59,,,8 oz,['Gluten-Free'],,"https://www.instacart.com/image-server/197x197/filters:fill(FFF,true):format(jpg)/d2lnr5mha7bycj.cloudfront.net/product-image/file/large_d1a2b216-d99f-4011-9efd-3ecaee3bb688.png,"
FreshThymeMarket,Original price: $5.39,$4.69,,,5 oz,[],Many in stock,"https://www.instacart.com/image-server/197x197/filters:fill(FFF,true):format(jpg)/d2lnr5mha7bycj.cloudfront.net/product-image/file/large_c63fe2a2-dd88-4aa1-be06-996a3dbf3cd5.png,"
FreshThymeMarket,Fresh Thyme Market Organic Buttermilk Ranch Dressing,$4.29,,,16 fl oz,['Organic'],,"https://www.instacart.com/image-server/197x197/filters:fill(FFF,true):format(jpg)/d2lnr5mha7bycj.cloudfront.net/product-image/file/large_9ee1165c-62c9-4ede-94aa-1c9ac9c52501.png,"
FreshThymeMarket,Sweet Baby Ray's Original Barbecue Sauce,$3.29,,,18 fl oz,['Gluten-Free'],,"https://www.instacart.com/image-server/197x197/filters:fill(FFF,true):format(jpg)/d2lnr5mha7bycj.cloudfront.net/product-image/file/large_79069703-98e2-4229-9d72-9ea1c020a4bb.png,"
FreshThymeMarket,Tia Lupita Hot Sauce,$8.59,,,8 oz,"['Gluten-Free', 'Vegan']",,"https://www.instacart.com/image-server/197x197/filters:fill(FFF,true):format(jpg)/d2lnr5mha7bycj.cloudfront.net/product-image/file/large_03de488c-8fa9-4b0b-8f68-5dce0b795d81.png,"
FreshThymeMarket,"Tia Lupita Hot Sauce, Salsa Verde",$8.59,,,8 oz,['Vegan'],Many in stock,"https://www.instacart.com/image-server/197x197/filters:fill(FFF,true):format(jpg)/d2lnr5mha7bycj.cloudfront.net/product-image/file/large_210ca1b5-ca15-43e5-87e0-2a1c3cba07ca.png,"
FreshThymeMarket,Divina Feta Stuffed Olives,$8.99,,,7.8 oz,[],Many in stock,"https://www.instacart.com/image-server/197x197/filters:fill(FFF,true):format(jpg)/d2lnr5mha7bycj.cloudfront.net/product-image/file/large_e57ec2f7-557c-4a85-b20f-7cf6d92933a1.jpg,"
FreshThymeMarket,"Tia Lupita Hot Sauce, Habanero",$8.59,,,8 oz,['Gluten-Free'],Many in stock,"https://www.instacart.com/image-server/197x197/filters:fill(FFF,true):format(jpg)/d2lnr5mha7bycj.cloudfront.net/product-image/file/large_dceb4727-428c-4f50-8a73-a1e1a7eec173.png,"
FreshThymeMarket,"TRUFF Hot Sauce, Black Truffle Infused Gourmet Hot Sauce",$17.19,,,6 oz,"['Gluten-Free', 'Vegan']",,"https://www.instacart.com/image-server/197x197/filters:fill(FFF,true):format(jpg)/d2lnr5mha7bycj.cloudfront.net/product-image/file/large_19e9975f-9313-4b37-998f-99f5e56b89aa.jpg,"
FreshThymeMarket,Maille Mustard Dijon Originale Squeeze,$6.69,,,8.9 oz,['Vegan'],,"https://www.instacart.com/image-server/197x197/filters:fill(FFF,true):format(jpg)/d2lnr5mha7bycj.cloudfront.net/product-image/file/large_19e30143-3d27-44c8-bcc2-92df7ea07b88.png,"
FreshThymeMarket,Noble Made Mild Buffalo Dipping and Wing Sauce,$9.89,,,13 oz,"['Gluten-Free', 'Vegan']",Many in stock,"https://www.instacart.com/image-server/197x197/filters:fill(FFF,true):format(jpg)/d2lnr5mha7bycj.cloudfront.net/product-image/file/large_a076130f-2884-44df-8296-d1312f5de3fc.jpg,"
FreshThymeMarket,Noble Made Medium Buffalo Dipping and Wing Sauce,$9.89,,,12.5 oz,"['Gluten-Free', 'Vegan']",Many in stock,"https://www.instacart.com/image-server/197x197/filters:fill(FFF,true):format(jpg)/d2lnr5mha7bycj.cloudfront.net/product-image/file/large_b986f0e1-5986-4544-bc61-4f21aa41699d.jpg,"
FreshThymeMarket,Original price: $5.19,$4.09,,,7.5 oz,"['Gluten-Free', 'Vegan']",,"https://www.instacart.com/image-server/197x197/filters:fill(FFF,true):format(jpg)/d2lnr5mha7bycj.cloudfront.net/product-image/file/large_b8dae43e-60ab-41fa-82ca-04a751a1e3e7.png,"
FreshThymeMarket,"Brooklyn Delhi Tikka Masala, Indian Simmer Sauce",$7.89,,,12 oz,['Vegan'],,"https://www.instacart.com/image-server/197x197/filters:fill(FFF,true):format(jpg)/d2lnr5mha7bycj.cloudfront.net/product-image/file/large_28377600-39e6-4e58-997f-10b309c24b14.png,"
FreshThymeMarket,"Sir Kensington's Vegan Mayo, Classic,",$9.69,,,12 oz,['Vegan'],,"https://www.instacart.com/image-server/197x197/filters:fill(FFF,true):format(jpg)/d2lnr5mha7bycj.cloudfront.net/product-image/file/large_2d48dc61-6834-4c53-92d4-1f9d646d4bb4.png,"
FreshThymeMarket,"Marzetti Dressing, Honey French",$5.39,,,13 oz,[],,"https://www.instacart.com/image-server/197x197/filters:fill(FFF,true):format(jpg)/d2lnr5mha7bycj.cloudfront.net/product-image/file/large_770b4e00-e6a8-411a-8f4c-b8c7ac5c2ebd.png,"
FreshThymeMarket,"Marzetti Dressing, Thousand Island",$5.39,,,13 fl oz,[],,"https://www.instacart.com/image-server/197x197/filters:fill(FFF,true):format(jpg)/d2lnr5mha7bycj.cloudfront.net/product-image/file/large_911eb4e1-2f53-40c1-92b4-4226b1df2501.png,"
FreshThymeMarket,Fresh Thyme Market Eggs,$3.29,,,24 oz,[],,"https://www.instacart.com/image-server/197x197/filters:fill(FFF,true):format(jpg)/d2lnr5mha7bycj.cloudfront.net/product-image/file/large_1b11389d-9d2c-47ed-8c9d-524ff3d6a5a9.png,"
FreshThymeMarket,Vital Farms Pasture Raised Large Grade A Eggs,$7.59,,,12 ct,['Pasture-Raised'],,"https://www.instacart.com/image-server/197x197/filters:fill(FFF,true):format(jpg)/d2lnr5mha7bycj.cloudfront.net/product-image/file/large_fec50fdf-a8d5-4921-9a6c-88b36ae66ec3.png,"
FreshThymeMarket,Eggland's Best Cage Free Grade A Large Brown Eggs,$4.69,,,12 ct,['Cage-Free'],,"https://www.instacart.com/image-server/197x197/filters:fill(FFF,true):format(jpg)/d2lnr5mha7bycj.cloudfront.net/product-image/file/large_50354f0e-105d-4a9b-9979-9bf96e290dba.png,"
FreshThymeMarket,Fresh Thyme Market Large Grade A Cage Free White Eggs,$3.29,,,24 oz,['Cage-Free'],,"https://www.instacart.com/image-server/197x197/filters:fill(FFF,true):format(jpg)/d2lnr5mha7bycj.cloudfront.net/product-image/file/large_f99aef2e-73ba-4943-adfe-1eda499f7e5d.png,"
FreshThymeMarket,Handsome Brook Farm Organic Eggs Pasture Raised,$6.49,,,12 ct,"['Organic', 'Pasture-Raised']",,"https://www.instacart.com/image-server/197x197/filters:fill(FFF,true):format(jpg)/d2lnr5mha7bycj.cloudfront.net/product-image/file/large_97674b15-016c-4e0a-8693-421328fe7688.png,"
FreshThymeMarket,"Vital Farms Eggs, Organic, Pasture Raised, Large",$9.69,,,12 ct,"['Organic', 'Pasture-Raised']",Many in stock,"https://www.instacart.com/image-server/197x197/filters:fill(FFF,true):format(jpg)/d2lnr5mha7bycj.cloudfront.net/product-image/file/large_69683bf4-9b5f-45a4-9392-749f53b71ada.png,"
FreshThymeMarket,"Helpful Hens Eggs, Brown, Pasture-Raised, Large",$6.99,,,12 each,['Pasture-Raised'],Many in stock,"https://www.instacart.com/image-server/197x197/filters:fill(FFF,true):format(jpg)/d2lnr5mha7bycj.cloudfront.net/product-image/file/large_2135aaf3-0ef9-4ad2-b571-cc9671c5ddc8.png,"
FreshThymeMarket,Fresh Thyme Market Eggs,$5.39,,,24 oz,['Organic'],Many in stock,"https://www.instacart.com/image-server/197x197/filters:fill(FFF,true):format(jpg)/d2lnr5mha7bycj.cloudfront.net/product-image/file/large_16835012-02eb-485f-9bc0-82cd0433bd9d.png,"
FreshThymeMarket,Fresh Thyme Market Large White Cage Free Grade A Eggs,$4.69,,,,['Cage-Free'],Many in stock,"https://www.instacart.com/image-server/197x197/filters:fill(FFF,true):format(jpg)/d1s8987jlndkbs.cloudfront.net/assets/missing-item-4bbe82b8555e4d1c12626fd482cb2409713e8e30835645ff3650ef66a725d03c.png,"
FreshThymeMarket,Fresh Thyme Market Cage Free Extra Large Brown Eggs,$3.79,,,12 ct,['Cage-Free'],Many in stock,"https://www.instacart.com/image-server/197x197/filters:fill(FFF,true):format(jpg)/d2lnr5mha7bycj.cloudfront.net/product-image/file/large_3f5082a7-9f4f-4d52-b181-a4294ed81c37.png,"
FreshThymeMarket,Original price: $8.09,$5.39,,,12 each,"['Organic', 'Pasture-Raised']",,"https://www.instacart.com/image-server/197x197/filters:fill(FFF,true):format(jpg)/d2lnr5mha7bycj.cloudfront.net/product-image/file/large_de8da9d3-476f-42a7-8ef6-c12d98df0693.png,"
FreshThymeMarket,Happy Egg Organic Free Range Large Brown Grade A Eggs,$7.59,,,12 ct,"['Organic', 'Free Range']",,"https://www.instacart.com/image-server/197x197/filters:fill(FFF,true):format(jpg)/d2lnr5mha7bycj.cloudfront.net/product-image/file/large_e52ba34a-1adf-4fab-9e48-dcc1137aa93c.png,"
FreshThymeMarket,Happy Egg Free Range Large Brown Grade A Eggs,$5.99,,,12 ct,['Free Range'],,"https://www.instacart.com/image-server/197x197/filters:fill(FFF,true):format(jpg)/d2lnr5mha7bycj.cloudfront.net/product-image/file/large_ff2f60dd-1914-4420-a4b3-a82bcc5824a9.png,"
FreshThymeMarket,Vital Farms 18 ct Pasture Raised Large Grade A Eggs,$10.29,,,18 ct,['Pasture-Raised'],,"https://www.instacart.com/image-server/197x197/filters:fill(FFF,true):format(jpg)/d2lnr5mha7bycj.cloudfront.net/product-image/file/large_28f66fe9-850e-44a2-b93c-cf05f3b8f9e5.png,"
FreshThymeMarket,Chino Valley Ranchers Egg Whites,$4.89,,,16 oz,[],,"https://www.instacart.com/image-server/197x197/filters:fill(FFF,true):format(jpg)/d2lnr5mha7bycj.cloudfront.net/product-image/file/large_e08025f1-4f3c-4942-b715-f18817d209d6.png,"
FreshThymeMarket,AcreMade Southwest Protein Scramble Cups,$4.09,,,0.98 oz,[],,"https://www.instacart.com/image-server/197x197/filters:fill(FFF,true):format(jpg)/d1s8987jlndkbs.cloudfront.net/assets/missing-item-4bbe82b8555e4d1c12626fd482cb2409713e8e30835645ff3650ef66a725d03c.png,"
FreshThymeMarket,Penny Smart Large Eggs,$2.69,,,1 doz,[],,"https://www.instacart.com/image-server/197x197/filters:fill(FFF,true):format(jpg)/d2lnr5mha7bycj.cloudfront.net/product-image/file/large_66277ae5-395b-4444-a669-c90e410959e2.png,"
FreshThymeMarket,Happy Egg Heritage Breed Blue & Brown Free Range Large Grade A Eggs,$8.09,,,12 ct,['Free Range'],,"https://www.instacart.com/image-server/197x197/filters:fill(FFF,true):format(jpg)/d2lnr5mha7bycj.cloudfront.net/product-image/file/large_432ee3dc-773c-4562-a891-e5ebdb2b5918.png,"
FreshThymeMarket,"Egg Beaters Liquid Egg Substitutes, Original",$4.29,,,16 oz,[],Many in stock,"https://www.instacart.com/image-server/197x197/filters:fill(FFF,true):format(jpg)/d2lnr5mha7bycj.cloudfront.net/product-image/file/large_ef25f23b-e518-4e57-941f-ce52eb896ebc.png,"
FreshThymeMarket,"Bob's Red Mill Egg Replacer, Gluten Free",$5.99,,,12 oz,"['Gluten-Free', 'Vegan']",,"https://www.instacart.com/image-server/197x197/filters:fill(FFF,true):format(jpg)/d2lnr5mha7bycj.cloudfront.net/product-image/file/large_4e9f04c3-e74d-4246-a2d8-a9b806d49ab8.jpg,"
FreshThymeMarket,Acremade Vegan Plant-Based Protein Scramble Cup,$4.09,,,0.92 oz,[],Likely out of stock,"https://www.instacart.com/image-server/197x197/filters:fill(FFF,true):format(jpg)/d2lnr5mha7bycj.cloudfront.net/product-image/file/large_eff6e83f-11e6-49c2-8661-cb4921cf9f82.png,"
FreshThymeMarket,Fresh Thyme Market Mozzarella Cheese,$3.79,,,8 oz,[],Many in stock,"https://www.instacart.com/image-server/197x197/filters:fill(FFF,true):format(jpg)/d2lnr5mha7bycj.cloudfront.net/product-image/file/large_57ced275-c407-4f0a-8e9e-a6559ba6c392.png,"
FreshThymeMarket,Fresh Thyme Market Colby Jack Cheese,$3.79,,,8 oz,[],,"https://www.instacart.com/image-server/197x197/filters:fill(FFF,true):format(jpg)/d2lnr5mha7bycj.cloudfront.net/product-image/file/large_12d75b4a-67af-4843-8418-8fb9457b5f6e.png,"
FreshThymeMarket,Babybel Original Snack Cheese,$10.69,,,12 each,[],Many in stock,"https://www.instacart.com/image-server/197x197/filters:fill(FFF,true):format(jpg)/d2lnr5mha7bycj.cloudfront.net/product-image/file/large_adea81ff-07fa-4fe7-9baa-30742143c7c6.png,"
FreshThymeMarket,Fresh Thyme Market Mild Cheddar Cheese,$3.79,,,8 oz,[],Many in stock,"https://www.instacart.com/image-server/197x197/filters:fill(FFF,true):format(jpg)/d2lnr5mha7bycj.cloudfront.net/product-image/file/large_4287af52-1a24-4be3-a180-44a8d7682145.png,"
FreshThymeMarket,Fresh Thyme Market Cheese Slices,$3.79,,,8 oz,[],Many in stock,"https://www.instacart.com/image-server/197x197/filters:fill(FFF,true):format(jpg)/d2lnr5mha7bycj.cloudfront.net/product-image/file/large_53c05f6c-7cd2-4c04-969f-995cc25939fa.png,"
FreshThymeMarket,Fresh Thyme Market Sharp Cheddar Cheese,$3.79,,,8 oz,[],,"https://www.instacart.com/image-server/197x197/filters:fill(FFF,true):format(jpg)/d2lnr5mha7bycj.cloudfront.net/product-image/file/large_665c6703-25fc-4e56-a472-f13a598e303d.png,"
FreshThymeMarket,Minibaby Bel Original Snack Cheese,$9.89,,,8.4 oz,['Keto'],Many in stock,"https://www.instacart.com/image-server/197x197/filters:fill(FFF,true):format(jpg)/d2lnr5mha7bycj.cloudfront.net/product-image/file/large_27edccff-e7f9-4c23-b8b1-865da347823d.png,"
FreshThymeMarket,Fresh Thyme Market Natural Cottage Cheese 2% Small Curd,$4.29,,,24 oz,[],,"https://www.instacart.com/image-server/197x197/filters:fill(FFF,true):format(jpg)/d2lnr5mha7bycj.cloudfront.net/product-image/file/large_bc28ee9a-cff3-48c9-bf84-f2a11a9f6ebb.png,"
FreshThymeMarket,"good culture Cottage Cheese, Low-Fat, Classic",$4.29,,,16 oz,"['Cow Milk', 'Grass-Fed']",,"https://www.instacart.com/image-server/197x197/filters:fill(FFF,true):format(jpg)/d2lnr5mha7bycj.cloudfront.net/product-image/file/large_5210eb01-eb57-4c65-94f9-7f6da1ab3484.png,"
FreshThymeMarket,Organic Valley 3 Cheese Organic Thick Cut Shredded Mexican Cheese Blend,$6.49,,,6 oz,"['Cow Milk', 'Organic']",,"https://www.instacart.com/image-server/197x197/filters:fill(FFF,true):format(jpg)/d2lnr5mha7bycj.cloudfront.net/product-image/file/large_8c5a5bf4-bc5f-40ce-8680-56d8c04dde57.jpg,"
FreshThymeMarket,Babybel Original Mini Cheese,$10.69,,,12 ct,['Keto'],Many in stock,"https://www.instacart.com/image-server/197x197/filters:fill(FFF,true):format(jpg)/d2lnr5mha7bycj.cloudfront.net/product-image/file/large_43472367-5434-4684-b1f2-697a50996cc8.png,"
FreshThymeMarket,Fresh Thyme Market Muenster Cheese,$3.79,,,8 oz,[],Many in stock,"https://www.instacart.com/image-server/197x197/filters:fill(FFF,true):format(jpg)/d2lnr5mha7bycj.cloudfront.net/product-image/file/large_59dc0c6a-21e1-42c9-ac32-ede5da9d5a96.png,"
FreshThymeMarket,Fresh Thyme Market Pepper Jack Cheese,$3.79,,,8 oz,[],Many in stock,"https://www.instacart.com/image-server/197x197/filters:fill(FFF,true):format(jpg)/d2lnr5mha7bycj.cloudfront.net/product-image/file/large_3e855c70-6869-48d6-8bd1-7525f05bd6f0.png,"
FreshThymeMarket,"Green Valley Creamery Sliced Cheese, Lactose Free, Mild Cheddar",$5.99,,,6 each,['Keto'],Many in stock,"https://www.instacart.com/image-server/197x197/filters:fill(FFF,true):format(jpg)/d2lnr5mha7bycj.cloudfront.net/product-image/file/large_01e99ad6-7a1a-470a-9184-c4887f733085.png,"
FreshThymeMarket,"Dutch Farms Cream Cheese, Original",$2.89,,,8 oz,[],Many in stock,"https://www.instacart.com/image-server/197x197/filters:fill(FFF,true):format(jpg)/d2lnr5mha7bycj.cloudfront.net/product-image/file/large_94472826-05b4-4303-9d2c-1a72a4e705f2.png,"
FreshThymeMarket,Original price: $8.59,$7.59,/lb,,$0.47/oz,[],,"https://www.instacart.com/image-server/197x197/filters:fill(FFF,true):format(jpg)/d2lnr5mha7bycj.cloudfront.net/product-image/file/large_737a08c3-7531-4028-a793-81e1082d2661.png,"
FreshThymeMarket,Fresh Thyme Market Swiss Cheese,$3.79,,,6 oz,[],Many in stock,"https://www.instacart.com/image-server/197x197/filters:fill(FFF,true):format(jpg)/d2lnr5mha7bycj.cloudfront.net/product-image/file/large_8242855f-8607-4e21-99cb-8076c6deee0a.png,"
FreshThymeMarket,Roth Spinach Artichoke Gouda Cheese,$6.49,,,6 oz,['Keto'],,"https://www.instacart.com/image-server/197x197/filters:fill(FFF,true):format(jpg)/d2lnr5mha7bycj.cloudfront.net/product-image/file/large_8759d30e-a629-40c5-b4ae-337f34f93f36.png,"
FreshThymeMarket,Fresh Thyme Market Parmesan Cheese,$4.29,,,5 oz,[],,"https://www.instacart.com/image-server/197x197/filters:fill(FFF,true):format(jpg)/d2lnr5mha7bycj.cloudfront.net/product-image/file/large_60d284a5-4f66-4e9e-b490-7cf0a34a568e.png,"
FreshThymeMarket,"BelGioioso Sliced Fresh Mozzarella Cheese, Log, Cryo",$9.69,,,16 oz,['Cow Milk'],Many in stock,"https://www.instacart.com/image-server/197x197/filters:fill(FFF,true):format(jpg)/d2lnr5mha7bycj.cloudfront.net/product-image/file/large_29d9fafb-aa84-4e7e-bcec-e603029cfbc6.png,"
FreshThymeMarket,Original price: $6.99,$5.99,,,5.3 oz,['Keto'],,"https://www.instacart.com/image-server/197x197/filters:fill(FFF,true):format(jpg)/d2lnr5mha7bycj.cloudfront.net/product-image/file/large_454d0878-d9ff-4a36-aa63-c99108e0b4da.png,"
FreshThymeMarket,Fresh Thyme Market Goat Cheese,$4.29,,,4 oz,['Goat Milk'],Many in stock,"https://www.instacart.com/image-server/197x197/filters:fill(FFF,true):format(jpg)/d2lnr5mha7bycj.cloudfront.net/product-image/file/large_e9aa98a5-0bd9-464d-aca2-b5a2e7ed7dbf.png,"
FreshThymeMarket,Original price: $5.39,$3.29,,,5 oz,['Keto'],,"https://www.instacart.com/image-server/197x197/filters:fill(FFF,true):format(jpg)/d2lnr5mha7bycj.cloudfront.net/product-image/file/large_67e90efe-9916-4ef9-8cb9-c61f513d31f2.png,"
FreshThymeMarket,Athenos Traditional Crumbled Feta Cheese,$6.99,,,6 oz,[],,"https://www.instacart.com/image-server/197x197/filters:fill(FFF,true):format(jpg)/d2lnr5mha7bycj.cloudfront.net/product-image/file/large_84bade20-3215-431a-889c-d07ac777fea4.jpg,"
FreshThymeMarket,"Green Valley Creamery Shredded Cheese, Lactose Free, Part-Skim, Low-Moisture, Mozzarella",$5.99,,,6 oz,[],,"https://www.instacart.com/image-server/197x197/filters:fill(FFF,true):format(jpg)/d2lnr5mha7bycj.cloudfront.net/product-image/file/large_f942ebb8-d508-408c-b951-fd5055da3434.png,"
FreshThymeMarket,"Organic Valley String Cheese, Organic, Mozzarella",$8.09,,,8 oz,"['Organic', 'Cow Milk']",,"https://www.instacart.com/image-server/197x197/filters:fill(FFF,true):format(jpg)/d2lnr5mha7bycj.cloudfront.net/product-image/file/large_c1eb209f-1cec-46b8-8c1e-bc9c7fbf1d52.png,"
FreshThymeMarket,Kraft Singles American Cheese Slices,$5.39,,,16 ct,[],,"https://www.instacart.com/image-server/197x197/filters:fill(FFF,true):format(jpg)/d2lnr5mha7bycj.cloudfront.net/product-image/file/large_06a81d43-dcb7-45eb-b3e6-4c091a8f89d2.jpg,"
FreshThymeMarket,"Green Valley Creamery Shredded Cheese, Lactose Free, Mild Cheddar",$5.99,,,6 oz,['Keto'],,"https://www.instacart.com/image-server/197x197/filters:fill(FFF,true):format(jpg)/d2lnr5mha7bycj.cloudfront.net/product-image/file/large_29216e42-339a-4774-8d48-5c3fbd7f3d9e.png,"
FreshThymeMarket,Organic Valley Finely Shredded Sharp Cheddar Cheese,$6.49,,,6 oz,"['Organic', 'Cow Milk']",,"https://www.instacart.com/image-server/197x197/filters:fill(FFF,true):format(jpg)/d2lnr5mha7bycj.cloudfront.net/product-image/file/large_0f93c1ef-a6a6-4df4-a45a-e058e9d64c39.jpg,"
FreshThymeMarket,Boar's Head Vermont Yellow Cheddar Cheese,$9.69,/lb,,$0.61/oz,[],,"https://www.instacart.com/image-server/197x197/filters:fill(FFF,true):format(jpg)/d2lnr5mha7bycj.cloudfront.net/product-image/file/large_e9887cfd-d7ca-4cb4-9ae4-d451853f5054.png,"
FreshThymeMarket,Organic Valley Organic American Cheese Slices,$6.49,,,6 oz,"['Organic', 'Cow Milk']",,"https://www.instacart.com/image-server/197x197/filters:fill(FFF,true):format(jpg)/d2lnr5mha7bycj.cloudfront.net/product-image/file/large_014b01c6-963d-42b7-9c7a-813e80271621.png,"
FreshThymeMarket,"Sartori Shredded Cheese, Parmesan Classic",$6.49,,,7 oz,['Keto'],Many in stock,"https://www.instacart.com/image-server/197x197/filters:fill(FFF,true):format(jpg)/d2lnr5mha7bycj.cloudfront.net/product-image/file/large_7f93bf83-1c88-4d35-9eee-8c37453c1b8c.png,"
FreshThymeMarket,Original price: $5.99,$4.29,,,7.1 oz,[],,"https://www.instacart.com/image-server/197x197/filters:fill(FFF,true):format(jpg)/d2lnr5mha7bycj.cloudfront.net/product-image/file/large_3be762a5-da21-44a7-9498-e0a1d2ca5fee.png,"
FreshThymeMarket,Original price: $5.69,$4.29,,,8 oz,['Keto'],Many in stock,"https://www.instacart.com/image-server/197x197/filters:fill(FFF,true):format(jpg)/d2lnr5mha7bycj.cloudfront.net/product-image/file/large_da5e2945-d167-4647-b3ea-7d62c9e49bf9.png,"
FreshThymeMarket,Original price: $7.59,$6.49,,,8 oz,['Keto'],Many in stock,"https://www.instacart.com/image-server/197x197/filters:fill(FFF,true):format(jpg)/d2lnr5mha7bycj.cloudfront.net/product-image/file/large_c7073118-ba5e-468e-af4e-387160c0b024.png,"
FreshThymeMarket,Original price: $5.39,$4.29,,,6 ct,[],,"https://www.instacart.com/image-server/197x197/filters:fill(FFF,true):format(jpg)/d2lnr5mha7bycj.cloudfront.net/product-image/file/large_d34fb279-8a95-42e0-97cd-5183a514ec11.png,"
FreshThymeMarket,Boar's Head Vermont White Cheddar Cheese,$9.69,/lb,,$0.61/oz,[],,"https://www.instacart.com/image-server/197x197/filters:fill(FFF,true):format(jpg)/d2lnr5mha7bycj.cloudfront.net/product-image/file/large_66914790-0bee-4f05-bfa6-17c631ab1744.png,"
FreshThymeMarket,BelGioioso Fresh Mozzarella Cheese Sliced,$5.39,,,8 oz,[],,"https://www.instacart.com/image-server/197x197/filters:fill(FFF,true):format(jpg)/d2lnr5mha7bycj.cloudfront.net/product-image/file/large_1770a5a3-0d6a-4df0-96c2-da42488fed95.png,"
FreshThymeMarket,Original price: $7.59,$6.99,,,5.2 oz,['Keto'],Many in stock,"https://www.instacart.com/image-server/197x197/filters:fill(FFF,true):format(jpg)/d2lnr5mha7bycj.cloudfront.net/product-image/file/large_c03a4f45-714f-40c8-b777-8c2524726ce9.png,"
FreshThymeMarket,Original price: $9.69,$7.59,,,8 oz,['Keto'],Many in stock,"https://www.instacart.com/image-server/197x197/filters:fill(FFF,true):format(jpg)/d2lnr5mha7bycj.cloudfront.net/product-image/file/large_6f56b663-c0a8-486b-b4c8-3b8e7c363403.png,"
FreshThymeMarket,Original price: $6.49,$4.29,,,8 oz,[],Many in stock,"https://www.instacart.com/image-server/197x197/filters:fill(FFF,true):format(jpg)/d2lnr5mha7bycj.cloudfront.net/product-image/file/large_1028b305-6efa-45c7-91b4-11d6fb743ff3.png,"
FreshThymeMarket,"Sartori Shaved Cheese, Classic Parmesan",$6.49,,,7 oz,"['Cow Milk', 'Keto']",Many in stock,"https://www.instacart.com/image-server/197x197/filters:fill(FFF,true):format(jpg)/d2lnr5mha7bycj.cloudfront.net/product-image/file/large_4e954a2a-6e0d-4a1c-adf0-3c0df29fd183.png,"
FreshThymeMarket,Original price: $8.59,$7.59,,,7 oz,[],Many in stock,"https://www.instacart.com/image-server/197x197/filters:fill(FFF,true):format(jpg)/d2lnr5mha7bycj.cloudfront.net/product-image/file/large_d676a056-3b91-4118-875d-f0451b944e2e.png,"
FreshThymeMarket,Original price: $5.39,$4.29,,,6 x 6 oz,['Keto'],,"https://www.instacart.com/image-server/197x197/filters:fill(FFF,true):format(jpg)/d2lnr5mha7bycj.cloudfront.net/product-image/file/large_295047c6-c776-4142-9742-b77e92443ec0.png,"
FreshThymeMarket,"Nuts For Cheese Un-Brie-Lievable, Organic & Dairy-Free Cheese",$9.69,,,4.2 oz,"['Vegan', 'Organic']",,"https://www.instacart.com/image-server/197x197/filters:fill(FFF,true):format(jpg)/d2lnr5mha7bycj.cloudfront.net/product-image/file/large_5673dcd3-7c61-4142-9ca9-27648986c138.png,"
FreshThymeMarket,Original price: $5.99,$4.29,,,7.8 oz,"['Vegan', 'Non-GMO']",,"https://www.instacart.com/image-server/197x197/filters:fill(FFF,true):format(jpg)/d2lnr5mha7bycj.cloudfront.net/product-image/file/large_30f50f49-8e23-470d-b37b-099a3887be05.jpg,"
FreshThymeMarket,"Sartori Grated Cheese, Parmesan Classic",$6.49,,,7 oz,"['Cow Milk', 'Keto']",Many in stock,"https://www.instacart.com/image-server/197x197/filters:fill(FFF,true):format(jpg)/d2lnr5mha7bycj.cloudfront.net/product-image/file/large_3a64134a-e41a-4310-a259-4c7974732de7.png,"
FreshThymeMarket,"Green Valley Creamery Shredded Cheese, Lactose Free, 3 Cheese Mexican",$5.99,,,6 oz,['Keto'],Many in stock,"https://www.instacart.com/image-server/197x197/filters:fill(FFF,true):format(jpg)/d2lnr5mha7bycj.cloudfront.net/product-image/file/large_99ea6f3c-bb85-4ec7-8c7c-f8a89c7b0080.png,"
FreshThymeMarket,"Nuts For Cheese Artichoke and Herb, Organic & Dairy-Free Cheese",$9.69,,,4.2 oz,"['Vegan', 'Organic']",Many in stock,"https://www.instacart.com/image-server/197x197/filters:fill(FFF,true):format(jpg)/d2lnr5mha7bycj.cloudfront.net/product-image/file/large_825e5900-8432-4970-93bb-d26080a547b4.png,"
FreshThymeMarket,"Nuts For Cheese Black Garlic, Organic & Dairy-Free Cheese",$9.69,,,4.2 oz,"['Vegan', 'Organic']",,"https://www.instacart.com/image-server/197x197/filters:fill(FFF,true):format(jpg)/d2lnr5mha7bycj.cloudfront.net/product-image/file/large_8ad0ed6b-b2ff-4f5a-bf08-33e58f15b11f.png,"
FreshThymeMarket,Babybel Original Mini Cheese,$5.79,,,6 each,['Keto'],Many in stock,"https://www.instacart.com/image-server/197x197/filters:fill(FFF,true):format(jpg)/d2lnr5mha7bycj.cloudfront.net/product-image/file/large_4dceb737-3db4-4479-9900-d35134d53b0c.png,"
FreshThymeMarket,Original price: $6.99,$5.99,,,198 g,['Cow Milk'],,"https://www.instacart.com/image-server/197x197/filters:fill(FFF,true):format(jpg)/d2lnr5mha7bycj.cloudfront.net/product-image/file/large_b87ca980-0388-4cae-afb8-ef96de672000.png,"
FreshThymeMarket,"Babybel Cheese Alternative, Plant-Based, Original",$6.49,,,6 ct,"['Vegan', 'Non-GMO']",,"https://www.instacart.com/image-server/197x197/filters:fill(FFF,true):format(jpg)/d2lnr5mha7bycj.cloudfront.net/product-image/file/large_59ee9f3a-b9a3-4d9e-ae33-189a50ad318f.png,"
FreshThymeMarket,Original price: $6.99,$5.99,,,7 oz,"['Cow Milk', 'Keto']",Many in stock,"https://www.instacart.com/image-server/197x197/filters:fill(FFF,true):format(jpg)/d2lnr5mha7bycj.cloudfront.net/product-image/file/large_708be312-f5cd-442d-b6de-cfe45f926641.png,"
FreshThymeMarket,"Kite Hill Ricotta Alternative, Dairy Free",$7.99,,,8 oz,"['Vegan', 'Non-GMO']",,"https://www.instacart.com/image-server/197x197/filters:fill(FFF,true):format(jpg)/d2lnr5mha7bycj.cloudfront.net/product-image/file/large_bf360554-c028-484c-b2c0-62a92bae845a.png,"
FreshThymeMarket,Lifeway Old Fash Farmers Chse,$5.39,,,16 oz,"['Cow Milk', 'Keto']",,"https://www.instacart.com/image-server/197x197/filters:fill(FFF,true):format(jpg)/d2lnr5mha7bycj.cloudfront.net/product-image/file/large_bf738b6e-8199-4688-b6b3-0c3e07ab4ee5.png,"
FreshThymeMarket,Fresh Thyme Market 2% Reduced Fat Milk,$3.79,,,1 gal,[],,"https://www.instacart.com/image-server/197x197/filters:fill(FFF,true):format(jpg)/d2lnr5mha7bycj.cloudfront.net/product-image/file/large_aed829cc-301d-4d54-86d7-73648666ff5d.png,"
FreshThymeMarket,Fresh Thyme Market Grade A 2% Reduced Fat Milk,$2.49,,,0.5 gal,[],,"https://www.instacart.com/image-server/197x197/filters:fill(FFF,true):format(jpg)/d2lnr5mha7bycj.cloudfront.net/product-image/file/large_997ee4a3-c12e-445d-9965-59a82f37e99c.jpg,"
FreshThymeMarket,"Silk Original Oat Milk, Dairy Free, Gluten Free, Soy Free",$5.39,,,64 fl oz,['Vegan'],,"https://www.instacart.com/image-server/197x197/filters:fill(FFF,true):format(jpg)/d2lnr5mha7bycj.cloudfront.net/product-image/file/large_0e5fc234-9b82-4b5e-b4aa-df4a3e15f032.jpg,"
FreshThymeMarket,Organic Valley Whole Milk,$6.49,,,64 oz,"['Cow Milk', 'Organic']",,"https://www.instacart.com/image-server/197x197/filters:fill(FFF,true):format(jpg)/d2lnr5mha7bycj.cloudfront.net/product-image/file/large_f7ba115a-3098-427a-a0da-9a0cf50d55e8.jpg,"
FreshThymeMarket,Fresh Thyme Market Milk With Vitamin D,$2.49,,,0.5 gal,[],,"https://www.instacart.com/image-server/197x197/filters:fill(FFF,true):format(jpg)/d2lnr5mha7bycj.cloudfront.net/product-image/file/large_d6b244d5-19e8-450c-bb17-64066f72540e.jpg,"
FreshThymeMarket,Fresh Thyme Market Organic Milk Whole,$4.89,,,1.89 L,['Organic'],,"https://www.instacart.com/image-server/197x197/filters:fill(FFF,true):format(jpg)/d2lnr5mha7bycj.cloudfront.net/product-image/file/large_bff8c7e8-d278-4aa0-8d6b-9269a8761851.png,"
FreshThymeMarket,"fairlife Fat Free Ultra-Filtered Milk, Lactose Free",$5.39,,,52 fl oz,[],,"https://www.instacart.com/image-server/197x197/filters:fill(FFF,true):format(jpg)/d2lnr5mha7bycj.cloudfront.net/product-image/file/large_2edaf243-a89c-4e1a-a376-e60cb1f3ab12.jpg,"
FreshThymeMarket,Fresh Thyme Market Coconut Milk,$2.79,,,13.5 fl oz,['Organic'],,"https://www.instacart.com/image-server/197x197/filters:fill(FFF,true):format(jpg)/d2lnr5mha7bycj.cloudfront.net/product-image/file/large_0ff221a5-9b43-4a85-89b2-53b7b2aa091f.png,"
FreshThymeMarket,Fresh Thyme Market Organic Milk 2%,$4.89,,,1.89 L,['Organic'],,"https://www.instacart.com/image-server/197x197/filters:fill(FFF,true):format(jpg)/d2lnr5mha7bycj.cloudfront.net/product-image/file/large_2a210903-7aa0-4ade-82d5-c300200af13d.png,"
FreshThymeMarket,Horizon Organic 2% Reduced Fat DHA Omega-3 Milk,$6.49,,,64 fl oz,"['Cow Milk', 'Organic']",,"https://www.instacart.com/image-server/197x197/filters:fill(FFF,true):format(jpg)/d2lnr5mha7bycj.cloudfront.net/product-image/file/large_f3a7d848-7edb-41be-9173-d689f08bf194.jpg,"
FreshThymeMarket,Oatly Oatmilk,$6.99,,,64 fl oz,"['Vegan', 'Gluten-Free']",,"https://www.instacart.com/image-server/197x197/filters:fill(FFF,true):format(jpg)/d2lnr5mha7bycj.cloudfront.net/product-image/file/large_14a1995b-ec01-436f-9610-684c8a1dd1f4.png,"
FreshThymeMarket,Organic Valley 2% Milk,$6.49,,,64 fl oz,"['Cow Milk', 'Organic']",,"https://www.instacart.com/image-server/197x197/filters:fill(FFF,true):format(jpg)/d2lnr5mha7bycj.cloudfront.net/product-image/file/large_35525414-11ee-4baa-894b-fbadcb0a80b3.jpg,"
FreshThymeMarket,Horizon Organic Whole High Vitamin D Milk,$6.49,,,64 fl oz,"['Cow Milk', 'Organic']",,"https://www.instacart.com/image-server/197x197/filters:fill(FFF,true):format(jpg)/d2lnr5mha7bycj.cloudfront.net/product-image/file/large_718c1b4f-22bb-408d-b69f-cbc5bc70f640.jpg,"
FreshThymeMarket,"Silk Extra Creamy Oat Milk, Dairy Free, Gluten Free, Soy Free",$5.39,,,64 fl oz,['Vegan'],,"https://www.instacart.com/image-server/197x197/filters:fill(FFF,true):format(jpg)/d2lnr5mha7bycj.cloudfront.net/product-image/file/large_5843ac26-c964-486f-862b-6dc3180e7682.jpg,"
FreshThymeMarket,MALK Original Oat,$6.49,,,28 fl oz,"['Organic', 'Vegan']",,"https://www.instacart.com/image-server/197x197/filters:fill(FFF,true):format(jpg)/d2lnr5mha7bycj.cloudfront.net/product-image/file/large_3c13f7f9-62db-4e4e-9370-dc95d26d74dd.png,"
FreshThymeMarket,Organic Valley Organic 2% Milk,$9.69,,,1 gal,"['Cow Milk', 'Organic']",,"https://www.instacart.com/image-server/197x197/filters:fill(FFF,true):format(jpg)/d2lnr5mha7bycj.cloudfront.net/product-image/file/large_e0ce1310-ceda-44e6-afd9-0fb79c3452e3.png,"
FreshThymeMarket,Horizon Organic Chocolate Lowfat Milk,$9.69,,,6 x 48 fl oz,['Organic'],,"https://www.instacart.com/image-server/197x197/filters:fill(FFF,true):format(jpg)/d2lnr5mha7bycj.cloudfront.net/product-image/file/large_285820fd-e03e-4f9c-b5b8-1cb42d3a2338.jpg,"
FreshThymeMarket,Horizon Organic Reduced Fat Organic Milk,$6.49,,,64 fl oz,"['Cow Milk', 'Organic']",,"https://www.instacart.com/image-server/197x197/filters:fill(FFF,true):format(jpg)/d2lnr5mha7bycj.cloudfront.net/product-image/file/large_041fab7b-a5fa-431d-8327-024b5fdb88a9.jpg,"
FreshThymeMarket,"Organic Valley 100% Grass-fed, Organic Whole Milk",$7.59,,,0.5 gal,"['Cow Milk', 'Organic']",,"https://www.instacart.com/image-server/197x197/filters:fill(FFF,true):format(jpg)/d2lnr5mha7bycj.cloudfront.net/product-image/file/large_ee69caf7-6cfa-436d-9f12-8e07bb18e12b.jpg,"
FreshThymeMarket,Organic Valley Organic Whole Milk,$9.69,,,128 fl oz,"['Cow Milk', 'Organic']",,"https://www.instacart.com/image-server/197x197/filters:fill(FFF,true):format(jpg)/d2lnr5mha7bycj.cloudfront.net/product-image/file/large_83cbceec-930c-4972-9f8b-c33e0d42fe10.jpg,"
FreshThymeMarket,Horizon Organic DHA Omega-3 Vitamin D Organic Whole Milk,$6.49,,,64 fl oz,"['Cow Milk', 'Organic']",,"https://www.instacart.com/image-server/197x197/filters:fill(FFF,true):format(jpg)/d2lnr5mha7bycj.cloudfront.net/product-image/file/large_828f5b43-15ef-43b3-aa03-b19a6de523d0.jpg,"
FreshThymeMarket,Lactaid 2% Reduced Fat Milk,$5.99,,,64 fl oz,[],,"https://www.instacart.com/image-server/197x197/filters:fill(FFF,true):format(jpg)/d2lnr5mha7bycj.cloudfront.net/product-image/file/large_a40d8a51-0ef3-4d4f-abb0-b24bd220ab23.jpg,"
FreshThymeMarket,Fresh Thyme Market Fat Free Gallon Milk,$3.79,,,1 gal,[],,"https://www.instacart.com/image-server/197x197/filters:fill(FFF,true):format(jpg)/d2lnr5mha7bycj.cloudfront.net/product-image/file/large_97ee0708-005d-4a85-95e4-0788640729e9.png,"
FreshThymeMarket,Califia Farms Extra Creamy Oat Milk,$4.89,,,48 fl oz,"['Vegan', 'Gluten-Free']",,"https://www.instacart.com/image-server/197x197/filters:fill(FFF,true):format(jpg)/d2lnr5mha7bycj.cloudfront.net/product-image/file/large_06e5dfd9-50b5-471d-abcd-5d46f69b6c2b.jpg,"
FreshThymeMarket,Original price: $6.99,$6.49,,,64 oz,['Organic'],,"https://www.instacart.com/image-server/197x197/filters:fill(FFF,true):format(jpg)/d2lnr5mha7bycj.cloudfront.net/product-image/file/large_fa2b2169-fc4c-4b00-b0ec-dea6b123bc18.png,"
FreshThymeMarket,Califia Farms Unsweetened Almondmilk,$4.89,,,48 oz,['Vegan'],,"https://www.instacart.com/image-server/197x197/filters:fill(FFF,true):format(jpg)/d2lnr5mha7bycj.cloudfront.net/product-image/file/large_eb3b79c9-1436-4129-938c-57cd511424d3.jpg,"
FreshThymeMarket,Original price: $3.29,$2.69,,,11 oz,[],,"https://www.instacart.com/image-server/197x197/filters:fill(FFF,true):format(jpg)/d2lnr5mha7bycj.cloudfront.net/product-image/file/large_d35f4bd2-1475-4a87-8e59-c58678724804.jpg,"
FreshThymeMarket,Original price: $5.39,$4.29,,,52 fl oz,"['Vegan', 'Gluten-Free']",,"https://www.instacart.com/image-server/197x197/filters:fill(FFF,true):format(jpg)/d2lnr5mha7bycj.cloudfront.net/product-image/file/large_b261f8f4-ed76-477a-a6bf-7fb44f2e16d0.jpg,"
FreshThymeMarket,"Silk Unsweet Almond Milk, Dairy Free, Gluten Free, Soy Free",$4.29,,,64 fl oz,[],,"https://www.instacart.com/image-server/197x197/filters:fill(FFF,true):format(jpg)/d2lnr5mha7bycj.cloudfront.net/product-image/file/large_e4662f42-9077-4fdf-82b4-0c0a9d242eec.jpg,"
FreshThymeMarket,Three Trees Organic Unsweetened Original Almond Milk,$7.59,,,28 fl oz,"['Organic', 'Vegan']",Many in stock,"https://www.instacart.com/image-server/197x197/filters:fill(FFF,true):format(jpg)/d2lnr5mha7bycj.cloudfront.net/product-image/file/large_2bc08385-bfae-4d6d-a75c-77b1df6629c8.jpg,"
FreshThymeMarket,Califia Farms Unsweetened Vanilla Almondmilk,$4.89,,,48 oz,['Vegan'],,"https://www.instacart.com/image-server/197x197/filters:fill(FFF,true):format(jpg)/d2lnr5mha7bycj.cloudfront.net/product-image/file/large_53daaa74-51c3-4c2d-88ba-20fdb441c180.jpg,"
FreshThymeMarket,Elmhurst Unsweetened Coconut Cashew Milk,$3.29,,,32 fl oz,['Vegan'],,"https://www.instacart.com/image-server/197x197/filters:fill(FFF,true):format(jpg)/d2lnr5mha7bycj.cloudfront.net/product-image/file/large_fa9afb55-07f8-4019-a401-9ef0454289d3.jpg,"
FreshThymeMarket,"Chobani Oatmilk, Extra Creamy",$5.39,,,52 fl oz,"['Vegan', 'Gluten-Free']",,"https://www.instacart.com/image-server/197x197/filters:fill(FFF,true):format(jpg)/d2lnr5mha7bycj.cloudfront.net/product-image/file/large_9c0ba207-6397-4592-a485-bfc0a85ad63a.png,"
FreshThymeMarket,Original price: $5.39,$4.89,,,32 fl oz,"['Vegan', 'Gluten-Free']",,"https://www.instacart.com/image-server/197x197/filters:fill(FFF,true):format(jpg)/d2lnr5mha7bycj.cloudfront.net/product-image/file/large_a29a18a7-8214-430f-9b14-5472c0be924f.png,"
FreshThymeMarket,Almond Breeze Unsweetened Vanilla Almondmilk,$4.09,,,64 fl oz,[],,"https://www.instacart.com/image-server/197x197/filters:fill(FFF,true):format(jpg)/d2lnr5mha7bycj.cloudfront.net/product-image/file/large_f31f967e-876a-40ec-a00a-a6463eb5e233.jpg,"
FreshThymeMarket,Almond Breeze Unsweetened Original Almondmilk Non Dairy Milk Alternative,$4.09,,,64 fl oz,[],,"https://www.instacart.com/image-server/197x197/filters:fill(FFF,true):format(jpg)/d2lnr5mha7bycj.cloudfront.net/product-image/file/large_da08b082-b406-420d-b9d8-ca6b8dd49e01.jpg,"
FreshThymeMarket,Horizon Organic Nonfat High Vitamin D Milk,$6.49,,,64 fl oz,"['Cow Milk', 'Organic']",,"https://www.instacart.com/image-server/197x197/filters:fill(FFF,true):format(jpg)/d2lnr5mha7bycj.cloudfront.net/product-image/file/large_561dec7a-c142-4778-b551-75854853e668.jpg,"
FreshThymeMarket,Original price: $6.49,$5.99,,,48 fl oz,"['Organic', 'Vegan']",,"https://www.instacart.com/image-server/197x197/filters:fill(FFF,true):format(jpg)/d2lnr5mha7bycj.cloudfront.net/product-image/file/large_4e7bbcfb-5128-4b74-9453-252dad5574ba.png,"
FreshThymeMarket,Horizon Organic Lowfat Milk,$9.69,,,6 x 48 fl oz,['Organic'],,"https://www.instacart.com/image-server/197x197/filters:fill(FFF,true):format(jpg)/d2lnr5mha7bycj.cloudfront.net/product-image/file/large_f24ba3e0-4740-4c36-a9d1-c146da4093c5.jpg,"
FreshThymeMarket,Original price: $7.59,$6.99,,,48 fl oz,['Vegan'],Many in stock,"https://www.instacart.com/image-server/197x197/filters:fill(FFF,true):format(jpg)/d2lnr5mha7bycj.cloudfront.net/product-image/file/large_3c128ded-1a1f-40c0-8674-9fd59843df19.png,"
FreshThymeMarket,"fairlife Whole Ultra-Filtered Milk, Lactose Free",$5.39,,,52 fl oz,[],,"https://www.instacart.com/image-server/197x197/filters:fill(FFF,true):format(jpg)/d2lnr5mha7bycj.cloudfront.net/product-image/file/large_2ed8f4a5-5d98-442c-8f8e-af8782c48dd4.jpg,"
FreshThymeMarket,Horizon Organic Lactose Free 2% Milk,$6.99,,,64 fl oz,"['Cow Milk', 'Organic']",,"https://www.instacart.com/image-server/197x197/filters:fill(FFF,true):format(jpg)/d2lnr5mha7bycj.cloudfront.net/product-image/file/large_8248f9d1-b9f6-4dce-a942-ee6fe3ca7ea3.jpg,"
FreshThymeMarket,MALK Chocolate Almond,$6.49,,,28 fl oz,"['Organic', 'Vegan']",Many in stock,"https://www.instacart.com/image-server/197x197/filters:fill(FFF,true):format(jpg)/d2lnr5mha7bycj.cloudfront.net/product-image/file/large_3a4ed15c-8351-4684-9f32-de55b704c986.png,"
FreshThymeMarket,"Organic Valley 100% Grass Fed, Organic 2% Milk",$7.59,,,64 oz,"['Cow Milk', 'Organic']",,"https://www.instacart.com/image-server/197x197/filters:fill(FFF,true):format(jpg)/d2lnr5mha7bycj.cloudfront.net/product-image/file/large_e6f74d88-fdb1-4548-a743-55b54fb0f0e8.jpg,"
FreshThymeMarket,Almond Breeze Vanilla Shelf-Stable Almondmilk,$4.09,,,32 fl oz,[],,"https://www.instacart.com/image-server/197x197/filters:fill(FFF,true):format(jpg)/d2lnr5mha7bycj.cloudfront.net/product-image/file/large_a5e9809a-c9ba-4c06-bda1-3352a3eabbbf.jpg,"
FreshThymeMarket,Organic Valley Ultra Pasteurized 0% Fat Milk,$6.49,,,64 fl oz,"['Cow Milk', 'Organic']",,"https://www.instacart.com/image-server/197x197/filters:fill(FFF,true):format(jpg)/d2lnr5mha7bycj.cloudfront.net/product-image/file/large_87135c0a-1dbc-49e8-ade3-270d39c3a737.jpg,"
FreshThymeMarket,Almond Breeze Shelf-Stable Chocolate Almondmilk (Pack of 4),$6.49,,,4 x 8 fl oz,['Vegan'],,"https://www.instacart.com/image-server/197x197/filters:fill(FFF,true):format(jpg)/d2lnr5mha7bycj.cloudfront.net/product-image/file/large_f9a84dab-2d05-4a93-bbeb-0baf5433ee63.jpg,"
FreshThymeMarket,Almond Breeze Unsweetened Chocolate Almondmilk,$4.09,,,32 oz,[],,"https://www.instacart.com/image-server/197x197/filters:fill(FFF,true):format(jpg)/d2lnr5mha7bycj.cloudfront.net/product-image/file/large_10c57c94-b7ae-4e19-9151-7f6ec42b4730.jpg,"
FreshThymeMarket,Almond Breeze Unsweetened Vanilla Shelf-Stable Almondmilk,$4.09,,,32 oz,[],,"https://www.instacart.com/image-server/197x197/filters:fill(FFF,true):format(jpg)/d2lnr5mha7bycj.cloudfront.net/product-image/file/large_8b6440ac-9c34-4f68-9b8b-231336545d6e.jpg,"
FreshThymeMarket,Califia Farms Unsweetened Oat Milk Coffee Creamer,$5.99,,,25.4 fl oz,['Vegan'],,"https://www.instacart.com/image-server/197x197/filters:fill(FFF,true):format(jpg)/d2lnr5mha7bycj.cloudfront.net/product-image/file/large_c13b44ca-827d-4684-ba67-feff38271c0a.png,"
FreshThymeMarket,Almond Breeze Original Almondmilk,$4.09,,,32 fl oz,[],,"https://www.instacart.com/image-server/197x197/filters:fill(FFF,true):format(jpg)/d2lnr5mha7bycj.cloudfront.net/product-image/file/large_27f386f1-73b2-4e9f-ad70-6a909ab19575.jpg,"
FreshThymeMarket,Almond Breeze Unsweetened Coconut Original Shelf-Stable Almondmilk,$4.09,,,32 fl oz,[],,"https://www.instacart.com/image-server/197x197/filters:fill(FFF,true):format(jpg)/d2lnr5mha7bycj.cloudfront.net/product-image/file/large_b69a3b52-5416-4ee0-b9ec-367feafa54a4.jpg,"
FreshThymeMarket,ABF Boneless Skinless Tenders,$8.05,/pkg (est.),$7.59 / lb,About 1.06 lb / package,['Breast'],,"https://www.instacart.com/image-server/197x197/filters:fill(FFF,true):format(jpg)/d2lnr5mha7bycj.cloudfront.net/product-image/file/large_edc6da83-e27c-4aa9-93e4-d08f4e3531db.png,"
FreshThymeMarket,Peppered Bacon,$6.99,/lb,,/lb,[],,"https://www.instacart.com/image-server/197x197/filters:fill(FFF,true):format(jpg)/d2lnr5mha7bycj.cloudfront.net/product-image/file/large_ec2232b6-60b7-45d6-9994-47b414b0252b.png,"
FreshThymeMarket,"Deep Indian Kitchen Spinach Paneer, Mild Spice, Indian Kitchen",$7.59,,,9 oz,['Gluten-Free'],,"https://www.instacart.com/image-server/197x197/filters:fill(FFF,true):format(jpg)/d2lnr5mha7bycj.cloudfront.net/product-image/file/large_9c4c368a-207f-4364-967c-79eaedddf190.png,"
FreshThymeMarket,Abe's Vegan Mini Chocolate Chip Muffins,$8.59,,,9.7 oz,[],,"https://www.instacart.com/image-server/197x197/filters:fill(FFF,true):format(jpg)/d2lnr5mha7bycj.cloudfront.net/product-image/file/large_e6a8ffbe-f326-454e-a16f-851960fa0bdb.jpg,"
FreshThymeMarket,"Starbucks Iced Coffee, Blonde Roast, Unsweetened, Black",$7.59,,,48 fl oz,['Unsweetened'],Many in stock,"https://www.instacart.com/image-server/197x197/filters:fill(FFF,true):format(jpg)/d2lnr5mha7bycj.cloudfront.net/product-image/file/large_506072a3-cebf-4726-81ee-25464f9c4aad.png,"
FreshThymeMarket,"OLIPOP Prebiotic Soda, Cream Soda",$2.69,,,12 fl oz,[],,"https://www.instacart.com/image-server/197x197/filters:fill(FFF,true):format(jpg)/d2lnr5mha7bycj.cloudfront.net/product-image/file/large_915583b0-8582-4975-951e-37946ce6d904.jpg,"
FreshThymeMarket,Original price: $16.19,$11.89,,,6 x 1 L,[],,"https://www.instacart.com/image-server/197x197/filters:fill(FFF,true):format(jpg)/d2lnr5mha7bycj.cloudfront.net/product-image/file/large_6a2d95c0-e2d9-447f-9569-19fce4badd9c.png,"
FreshThymeMarket,Fresh Thyme Market Kitchen Towel 100% Recycled,$8.59,,,238 sq ft,[],,"https://www.instacart.com/image-server/197x197/filters:fill(FFF,true):format(jpg)/d2lnr5mha7bycj.cloudfront.net/product-image/file/large_e88e0869-b931-40ec-8c2e-8bac06c242ef.png,"
FreshThymeMarket,"OLIPOP Prebiotic Soda, Orange Squeeze",$2.69,,,12 fl oz,[],Many in stock,"https://www.instacart.com/image-server/197x197/filters:fill(FFF,true):format(jpg)/d2lnr5mha7bycj.cloudfront.net/product-image/file/large_00481a06-89cd-413f-a3a4-c5984b4a2884.jpeg,"
FreshThymeMarket,Goldthread Tonics Turmeric Radiance Tonic,$4.29,,,12 fl oz,[],,"https://www.instacart.com/image-server/197x197/filters:fill(FFF,true):format(jpg)/d2lnr5mha7bycj.cloudfront.net/product-image/file/large_2be5ab7a-abd2-408e-8f13-1565cabe471b.png,"
FreshThymeMarket,Fresh Squeezed Orange Juice,$10.79,,,64 fl oz,[],Likely out of stock,"https://www.instacart.com/image-server/197x197/filters:fill(FFF,true):format(jpg)/d2lnr5mha7bycj.cloudfront.net/product-image/file/large_3232472c-2b7b-4773-8a2f-76d8583a18ab.png,"
FreshThymeMarket,Fresh Thyme Market Bath Tissue 100% Recycled,$8.59,,,400 sq ft,[],,"https://www.instacart.com/image-server/197x197/filters:fill(FFF,true):format(jpg)/d2lnr5mha7bycj.cloudfront.net/product-image/file/large_0ba523a7-8953-4dcf-a019-527dcbea3bba.png,"
FreshThymeMarket,"Chameleon Organic, Handcrafted, Cold-Brew, Super Concentrate, Black Coffee",$10.79,,,32 fl oz,['Organic'],,"https://www.instacart.com/image-server/197x197/filters:fill(FFF,true):format(jpg)/d2lnr5mha7bycj.cloudfront.net/product-image/file/large_c9216365-c0b1-46e1-9b96-2994291a049d.jpg,"
FreshThymeMarket,Jack's Original Pepperoni,$5.99,,,15.4 oz,[],,"https://www.instacart.com/image-server/197x197/filters:fill(FFF,true):format(jpg)/d2lnr5mha7bycj.cloudfront.net/product-image/file/large_d4620565-7e3e-44ca-a55f-0d5594a81bdd.jpg,"
FreshThymeMarket,"Blake's Chicken Pot Pie, Gluten-Free",$5.59,,,8 oz,['Gluten-Free'],Many in stock,"https://www.instacart.com/image-server/197x197/filters:fill(FFF,true):format(jpg)/d2lnr5mha7bycj.cloudfront.net/product-image/file/large_ecfbc302-d211-48be-95e9-6d1233117502.jpg,"
FreshThymeMarket,Fresh Thyme Market Facial Tissue 100% Recycled,$1.09,,,85 ct,[],,"https://www.instacart.com/image-server/197x197/filters:fill(FFF,true):format(jpg)/d2lnr5mha7bycj.cloudfront.net/product-image/file/large_95ebc263-8bb5-4543-ad81-cc78137e9823.png,"
FreshThymeMarket,"Tru Fru Nature's Raspberries, Dark Chocolate",$8.59,,,8 oz,['Gluten-Free'],,"https://www.instacart.com/image-server/197x197/filters:fill(FFF,true):format(jpg)/d2lnr5mha7bycj.cloudfront.net/product-image/file/large_4b7c3f69-8c5b-43e7-be5d-2b61d60992d3.png,"
FreshThymeMarket,"OLIPOP Prebiotic Soda, Classic Grape",$2.69,,,12 fl oz,[],Many in stock,"https://www.instacart.com/image-server/197x197/filters:fill(FFF,true):format(jpg)/d2lnr5mha7bycj.cloudfront.net/product-image/file/large_edd01d07-5f72-47bd-9740-c25e1c2640b7.png,"
FreshThymeMarket,Original price: $14.59,$11.89,/lb,,$0.74/oz,[],,"https://www.instacart.com/image-server/197x197/filters:fill(FFF,true):format(jpg)/d2lnr5mha7bycj.cloudfront.net/product-image/file/large_c5a4cffd-7782-4516-9b24-2e45dabfbeb0.png,"
FreshThymeMarket,"JonnyPops Pops, Chocolate Fudge & Oatmilk, Dairy Free",$6.99,,,4 x 2.06 fl oz,"['Vegan', 'Gluten-Free']",,"https://www.instacart.com/image-server/197x197/filters:fill(FFF,true):format(jpg)/d2lnr5mha7bycj.cloudfront.net/product-image/file/large_9ca84c39-f11c-4b3e-b902-2c65d7bbbe5d.png,"
FreshThymeMarket,Fresh Thyme Market Fresh Thyme Alkaline .5L 24Pk,$8.09,,,24 x 16.9 fl oz,[],,"https://www.instacart.com/image-server/197x197/filters:fill(FFF,true):format(jpg)/d2lnr5mha7bycj.cloudfront.net/product-image/file/large_2113ba10-ca37-4243-a2d5-0b115c9cab2d.png,"
FreshThymeMarket,"LaCroix Sparkling Water, Pure",$6.49,,,12 x 12 fl oz,"['Sodium-Free', 'Zero Calories']",,"https://www.instacart.com/image-server/197x197/filters:fill(FFF,true):format(jpg)/d2lnr5mha7bycj.cloudfront.net/product-image/file/large_58b65aa2-634f-465e-94d9-37e975245a93.png,"
FreshThymeMarket,Original price: $7.59,$6.49,,,6 ct,['Gluten-Free'],,"https://www.instacart.com/image-server/197x197/filters:fill(FFF,true):format(jpg)/d2lnr5mha7bycj.cloudfront.net/product-image/file/large_016c249c-e9ea-4392-bf7c-1b80fa71c885.png,"
FreshThymeMarket,"STōK Arabica-Based Blend Cold Brew Coffee, Black, Unsweetened, Medium Roast",$6.49,,,48 fl oz,['Unsweetened'],,"https://www.instacart.com/image-server/197x197/filters:fill(FFF,true):format(jpg)/d2lnr5mha7bycj.cloudfront.net/product-image/file/large_bb543974-170c-4d9d-bb0f-6ca41d6b161d.jpg,"
FreshThymeMarket,Fresh Thyme Market Organic Tofu - Super Firm,$2.69,,,10 oz,[],Many in stock,"https://www.instacart.com/image-server/197x197/filters:fill(FFF,true):format(jpg)/d2lnr5mha7bycj.cloudfront.net/product-image/file/large_0b6521c1-294f-4009-ae57-d23592429c59.png,"
FreshThymeMarket,Applegate Naturals Natural Chicken & Sage Breakfast Sausage,$6.49,,,7 oz,['Gluten-Free'],,"https://www.instacart.com/image-server/197x197/filters:fill(FFF,true):format(jpg)/d2lnr5mha7bycj.cloudfront.net/product-image/file/large_595fc28c-7a17-422e-bfb9-625bbd2a2b28.png,"
FreshThymeMarket,Applegate Naturals Natural Classic Pork Breakfast Sausage,$6.49,,,7 oz,['Gluten-Free'],,"https://www.instacart.com/image-server/197x197/filters:fill(FFF,true):format(jpg)/d2lnr5mha7bycj.cloudfront.net/product-image/file/large_0fa7108b-19b5-49ce-81bd-7922a6a86d12.png,"
FreshThymeMarket,Applegate Organics Organic Turkey Bacon,$8.09,,,8 oz,"['Organic', 'Non-GMO']",,"https://www.instacart.com/image-server/197x197/filters:fill(FFF,true):format(jpg)/d2lnr5mha7bycj.cloudfront.net/product-image/file/large_c136a523-8f9b-48ae-a428-76ece1594098.png,"
FreshThymeMarket,Applegate Naturals Gluten Free Chicken Nuggets 16 oz,$16.19,,,16 oz,['Gluten-Free'],,"https://www.instacart.com/image-server/197x197/filters:fill(FFF,true):format(jpg)/d2lnr5mha7bycj.cloudfront.net/product-image/file/large_4b0a9592-7560-47c7-aa5d-1eeca0e9d5cf.png,"
FreshThymeMarket,Original price: $2.49,$2.19,,,5 oz,['Gluten-Free'],,"https://www.instacart.com/image-server/197x197/filters:fill(FFF,true):format(jpg)/d2lnr5mha7bycj.cloudfront.net/product-image/file/large_e566f751-0995-4841-be4f-a5ff7f371158.png,"
FreshThymeMarket,Cinnamon Toast Crunch Breakfast Cereal,$7.59,,,16.8 oz,['Whole Grain'],,"https://www.instacart.com/image-server/197x197/filters:fill(FFF,true):format(jpg)/d2lnr5mha7bycj.cloudfront.net/product-image/file/large_361a079b-b893-4384-ab54-a505b90335d5.png,"
FreshThymeMarket,Birch Benders Organic Classic Pancake & Waffle Mix,$6.49,,,16 oz,"['Organic', 'Whole Grain']",,"https://www.instacart.com/image-server/197x197/filters:fill(FFF,true):format(jpg)/d2lnr5mha7bycj.cloudfront.net/product-image/file/large_b6b1d00e-3ab5-47ca-8999-9ff86350678a.jpg,"
FreshThymeMarket,"Catalina Crunch Chocolate Peanut Butter, Keto Friendly Cereal",$9.19,,,9 oz,"['Gluten-Free', 'No Sugar Added']",Many in stock,"https://www.instacart.com/image-server/197x197/filters:fill(FFF,true):format(jpg)/d2lnr5mha7bycj.cloudfront.net/product-image/file/large_52bf559e-1381-4173-8ab2-19da9bb5755e.png,"
FreshThymeMarket,Original price: $2.69,$1.79,,,150 g,['Gluten-Free'],,"https://www.instacart.com/image-server/197x197/filters:fill(FFF,true):format(jpg)/d2lnr5mha7bycj.cloudfront.net/product-image/file/large_d04257f3-85a9-4f1b-bf9d-04b141cb3aef.jpeg,"
FreshThymeMarket,Fresh Thyme Market Vanilla Almond Granola,$4.89,,,12 oz,[],Many in stock,"https://www.instacart.com/image-server/197x197/filters:fill(FFF,true):format(jpg)/d2lnr5mha7bycj.cloudfront.net/product-image/file/large_27f8bac9-4fd2-4f98-9fc5-11fc1ab8c987.png,"
FreshThymeMarket,Kodiak Maple Brown Sugar Oatmeal Packet,$7.89,,,6 x 1.76 oz,[],,"https://www.instacart.com/image-server/197x197/filters:fill(FFF,true):format(jpg)/d2lnr5mha7bycj.cloudfront.net/product-image/file/large_03f9c596-e6ae-43ff-a00f-1e3ba933d281.jpg,"
FreshThymeMarket,Simple Mills Almond Flour Original Pancake & Waffle Mix,$9.09,,,10.7 oz,['Gluten-Free'],,"https://www.instacart.com/image-server/197x197/filters:fill(FFF,true):format(jpg)/d2lnr5mha7bycj.cloudfront.net/product-image/file/large_18ec1de1-e020-4c14-a5f8-2219078a8d54.png,"
FreshThymeMarket,"Cascadian Farm Organic Cinnamon Crunch Cereal, Whole Grain Cereal",$6.49,,,9.2 oz,"['Organic', 'Whole Grain']",,"https://www.instacart.com/image-server/197x197/filters:fill(FFF,true):format(jpg)/d2lnr5mha7bycj.cloudfront.net/product-image/file/large_86a82b23-7515-42df-a26f-96866cb07c3b.png,"
FreshThymeMarket,"Catalina Crunch Cinnamon Toast, Keto Friendly Cereal",$9.19,,,9 oz,"['Gluten-Free', 'Zero Sugar']",Many in stock,"https://www.instacart.com/image-server/197x197/filters:fill(FFF,true):format(jpg)/d2lnr5mha7bycj.cloudfront.net/product-image/file/large_bc503a91-9239-47e9-b4a1-8ff4c2dafa0c.png,"
FreshThymeMarket,"Annie's Pancake & Waffle Mix, Organic, Classic",$7.89,,,26 oz,['Organic'],,"https://www.instacart.com/image-server/197x197/filters:fill(FFF,true):format(jpg)/d2lnr5mha7bycj.cloudfront.net/product-image/file/large_9bce89ea-1677-47d4-ae70-3be4e4b76c14.png,"
FreshThymeMarket,"Lucky Charms Gluten Free Cereal with Marshmallows, Kids Breakfast Cereal",$7.59,,,14.9 oz,"['Gluten-Free', 'Whole Grain']",,"https://www.instacart.com/image-server/197x197/filters:fill(FFF,true):format(jpg)/d2lnr5mha7bycj.cloudfront.net/product-image/file/large_fe9d2f10-465c-4467-8271-9c3b8a0c0e33.png,"
FreshThymeMarket,"Kodiak Flapjack Puffs, Buttermilk, Mini Size",$8.59,,,33 ct,[],,"https://www.instacart.com/image-server/197x197/filters:fill(FFF,true):format(jpg)/d2lnr5mha7bycj.cloudfront.net/product-image/file/large_94557d4a-69f1-44a3-8e3f-3228daecb49c.png,"
FreshThymeMarket,Original price: $5.39,$4.29,,,11 oz,['Organic'],,"https://www.instacart.com/image-server/197x197/filters:fill(FFF,true):format(jpg)/d2lnr5mha7bycj.cloudfront.net/product-image/file/large_48995fce-7feb-4592-9631-ae9c4f1df12e.jpg,"
FreshThymeMarket,"Catalina Crunch Maple Waffle, Keto Friendly Cereal",$9.19,,,9 oz,"['Gluten-Free', 'Zero Sugar']",Many in stock,"https://www.instacart.com/image-server/197x197/filters:fill(FFF,true):format(jpg)/d2lnr5mha7bycj.cloudfront.net/product-image/file/large_288cd30d-49f3-4cf6-9c70-c5f11a304412.png,"
FreshThymeMarket,Original price: $5.39,$4.29,,,6 x 11 oz,['Organic'],,"https://www.instacart.com/image-server/197x197/filters:fill(FFF,true):format(jpg)/d2lnr5mha7bycj.cloudfront.net/product-image/file/large_c92a5b7c-0803-4978-b474-2a806d4e8c84.jpg,"
FreshThymeMarket,"Cascadian Farm Organic Fruitful O's Cereal, Gluten Free",$6.49,,,10.2 oz,"['Organic', 'Whole Grain']",,"https://www.instacart.com/image-server/197x197/filters:fill(FFF,true):format(jpg)/d2lnr5mha7bycj.cloudfront.net/product-image/file/large_18a10788-ad09-4ddb-82ad-b59a6e44c799.png,"
FreshThymeMarket,Original price: $8.59,$7.59,,,8.6 oz,"['Gluten-Free', 'Zero Sugar']",Many in stock,"https://www.instacart.com/image-server/197x197/filters:fill(FFF,true):format(jpg)/d2lnr5mha7bycj.cloudfront.net/product-image/file/large_83a50cb1-d4ff-4937-bda7-6a314c1c01bb.jpg,"
FreshThymeMarket,"Quaker Oats, 100% Whole Grain, Old Fashioned",$6.49,,,18 oz,[],Many in stock,"https://www.instacart.com/image-server/197x197/filters:fill(FFF,true):format(jpg)/d2lnr5mha7bycj.cloudfront.net/product-image/file/large_04489b47-d04f-4211-a8c1-1f4062d5d5b8.png,"
FreshThymeMarket,"One Degree Organic Foods Sprouted, Brown Rice Crisps, Organic Cereal",$7.59,,,8 oz,"['Gluten-Free', 'Organic']",Many in stock,"https://www.instacart.com/image-server/197x197/filters:fill(FFF,true):format(jpg)/d2lnr5mha7bycj.cloudfront.net/product-image/file/large_2faf98c7-54c2-4ba8-9081-00fd5d2fb9b9.jpg,"
FreshThymeMarket,"Catalina Crunch Fruity, Keto Friendly, Cereal",$9.19,,,8 oz,"['Gluten-Free', 'Zero Sugar']",,"https://www.instacart.com/image-server/197x197/filters:fill(FFF,true):format(jpg)/d2lnr5mha7bycj.cloudfront.net/product-image/file/large_d3cc0d8b-4019-4ccb-9e7f-911116db8f46.png,"
FreshThymeMarket,"Purely Elizabeth Original Ancient Grain Granola, Organic",$8.09,,,12 oz,"['Organic', 'Gluten-Free']",,"https://www.instacart.com/image-server/197x197/filters:fill(FFF,true):format(jpg)/d2lnr5mha7bycj.cloudfront.net/product-image/file/large_1d8c63a6-7b68-46db-aaa1-95aba02afd39.png,"
FreshThymeMarket,Kodiak Power Cakes Chocolate Chip Flapjack & Waffle Mix,$9.69,,,18 oz,['Whole Grain'],,"https://www.instacart.com/image-server/197x197/filters:fill(FFF,true):format(jpg)/d2lnr5mha7bycj.cloudfront.net/product-image/file/large_35283603-909e-45e0-91a6-6c2feafac091.jpg,"
FreshThymeMarket,"Raisin Bran Breakfast Cereal, Family Breakfast, Fiber Cereal, Original",$7.59,,,24 oz,['Whole Grain'],,"https://www.instacart.com/image-server/197x197/filters:fill(FFF,true):format(jpg)/d2lnr5mha7bycj.cloudfront.net/product-image/file/large_0c7eab01-bfb9-47a3-a74f-5721fcde1811.jpg,"
FreshThymeMarket,"Kodiak Power Waffles, Buttermilk & Vanilla, Thick and Fluffy, Protein-Packed",$8.59,,,6 ct,[],,"https://www.instacart.com/image-server/197x197/filters:fill(FFF,true):format(jpg)/d2lnr5mha7bycj.cloudfront.net/product-image/file/large_a7386685-47d9-4fba-b068-e37016aceb67.png,"
FreshThymeMarket,"Cream of Wheat Original Hot Cereal, Kosher, 28 OZ Box, 2.5 Min",$8.09,,,28 oz,[],Many in stock,"https://www.instacart.com/image-server/197x197/filters:fill(FFF,true):format(jpg)/d2lnr5mha7bycj.cloudfront.net/product-image/file/large_6d881e4c-68fc-4ffc-b01c-e1d63adcc402.png,"
FreshThymeMarket,Quaker 1-Minute Oats,$9.19,,,42 oz,[],Many in stock,"https://www.instacart.com/image-server/197x197/filters:fill(FFF,true):format(jpg)/d2lnr5mha7bycj.cloudfront.net/product-image/file/large_e9091656-081c-4902-8896-3cade025dc80.png,"
FreshThymeMarket,Original price: $6.49,$5.19,,,11.5 oz,['Organic'],,"https://www.instacart.com/image-server/197x197/filters:fill(FFF,true):format(jpg)/d2lnr5mha7bycj.cloudfront.net/product-image/file/large_f74f28ac-9876-42e8-9ebf-8ccb823fe26c.jpg,"
FreshThymeMarket,Original price: $9.69,$2.99,,,12 oz,['Whole Grain'],,"https://www.instacart.com/image-server/197x197/filters:fill(FFF,true):format(jpg)/d2lnr5mha7bycj.cloudfront.net/product-image/file/large_c8fbb791-0ff9-4e30-a4b8-207236fa4dd6.png,"
FreshThymeMarket,"Catalina Crunch Dark Chocolate, Keto Friendly Cereal",$9.19,,,9 oz,"['Gluten-Free', 'Zero Sugar']",Many in stock,"https://www.instacart.com/image-server/197x197/filters:fill(FFF,true):format(jpg)/d2lnr5mha7bycj.cloudfront.net/product-image/file/large_46c58d5f-e30b-431b-9958-0a3688219b2b.png,"
FreshThymeMarket,Original price: $4.09,$1.29,,,1.6 oz,"['Gluten-Free', 'Organic']",,"https://www.instacart.com/image-server/197x197/filters:fill(FFF,true):format(jpg)/d2lnr5mha7bycj.cloudfront.net/product-image/file/large_a56a08bb-2790-4ab0-afa1-4b8c84d51cfa.png,"
FreshThymeMarket,"Kellogg’s Special K Breakfast Cereal, Family Breakfast, Fiber Cereal, Red Berries",$6.49,,,11.7 oz,['Whole Grain'],,"https://www.instacart.com/image-server/197x197/filters:fill(FFF,true):format(jpg)/d2lnr5mha7bycj.cloudfront.net/product-image/file/large_df6eb47f-f1d0-4a0c-b5b0-213c4b85bbbc.jpg,"
FreshThymeMarket,Original price: $3.49,$2.19,,,3 oz,['Gluten-Free'],,"https://www.instacart.com/image-server/197x197/filters:fill(FFF,true):format(jpg)/d2lnr5mha7bycj.cloudfront.net/product-image/file/large_96e26aeb-34b5-48ad-96bc-cfcfc10138ed.png,"
FreshThymeMarket,Kodiak Power Cakes Buttermilk Flapjack & Waffle Mix,$9.69,,,20 oz,['Whole Grain'],,"https://www.instacart.com/image-server/197x197/filters:fill(FFF,true):format(jpg)/d2lnr5mha7bycj.cloudfront.net/product-image/file/large_d4c2d3e6-2fa3-4307-b545-974511589a35.jpg,"
FreshThymeMarket,"Catalina Crunch Honey Graham, Keto Friendly Cereal",$9.19,,,9 oz,"['Gluten-Free', 'Zero Sugar']",Many in stock,"https://www.instacart.com/image-server/197x197/filters:fill(FFF,true):format(jpg)/d2lnr5mha7bycj.cloudfront.net/product-image/file/large_4caf8488-8b5a-45e0-85cd-ae74c344dcd4.png,"
FreshThymeMarket,Original price: $3.29,$2.69,,,2.36 oz,['Gluten-Free'],,"https://www.instacart.com/image-server/197x197/filters:fill(FFF,true):format(jpg)/d2lnr5mha7bycj.cloudfront.net/product-image/file/large_d1f51850-3d91-44e0-9920-5dce950e0d2e.jpg,"
FreshThymeMarket,"Kashi Breakfast Cereal, Fiber Cereal, Family Breakfast, Peanut Butter Crunch",$6.49,,,13.2 oz,['Multigrain'],,"https://www.instacart.com/image-server/197x197/filters:fill(FFF,true):format(jpg)/d2lnr5mha7bycj.cloudfront.net/product-image/file/large_10c8636b-f652-439a-96f1-7fdf5b949e13.jpg,"
FreshThymeMarket,"Olyra Cinnamon Tahini, Breakfast Biscuits",$5.99,,,4 x 1.32 oz,['Organic'],,"https://www.instacart.com/image-server/197x197/filters:fill(FFF,true):format(jpg)/d2lnr5mha7bycj.cloudfront.net/product-image/file/large_76aca4f5-a828-461c-8675-b7f871011769.png,"
FreshThymeMarket,Cheerios Heart Healthy Gluten Free Breakfast Cereal,$6.49,,,12 oz,"['Gluten-Free', 'Whole Grain']",,"https://www.instacart.com/image-server/197x197/filters:fill(FFF,true):format(jpg)/d2lnr5mha7bycj.cloudfront.net/product-image/file/large_6d8910b2-8a89-4fb8-b95a-f79f3793a817.png,"
FreshThymeMarket,Original price: $3.29,$2.69,,,2.15 oz,['Gluten-Free'],,"https://www.instacart.com/image-server/197x197/filters:fill(FFF,true):format(jpg)/d2lnr5mha7bycj.cloudfront.net/product-image/file/large_e01ae613-f85a-47b4-8f6a-888ff21820af.jpg,"
FreshThymeMarket,"Bob's Red Mill Rolled Oats, Extra Thick",$7.89,,,32 oz,[],,"https://www.instacart.com/image-server/197x197/filters:fill(FFF,true):format(jpg)/d2lnr5mha7bycj.cloudfront.net/product-image/file/large_75ea4bae-3649-4a7b-974b-6a5ef6d3f4d8.jpg,"
FreshThymeMarket,Bob's Red Mill Homestyle Maple Sea Salt Granola,$7.59,,,11 oz,['Gluten-Free'],,"https://www.instacart.com/image-server/197x197/filters:fill(FFF,true):format(jpg)/d2lnr5mha7bycj.cloudfront.net/product-image/file/large_dcaa6c9b-52b2-49b4-8197-997182c51753.jpg,"
FreshThymeMarket,"Kashi Breakfast Cereal, Fiber Cereal, Family Breakfast, Chocolate Crunch",$6.49,,,12.2 oz,['Whole Grain'],Many in stock,"https://www.instacart.com/image-server/197x197/filters:fill(FFF,true):format(jpg)/d2lnr5mha7bycj.cloudfront.net/product-image/file/large_db6b3423-68d9-40a5-8070-a26ed968e2eb.jpg,"
FreshThymeMarket,"Tropicana 100% Orange Juice, No Pulp, Original, Pure Premium",$5.39,,,52 fl oz • 4 options,[],,"https://www.instacart.com/image-server/197x197/filters:fill(FFF,true):format(jpg)/d2lnr5mha7bycj.cloudfront.net/product-image/file/large_d7fd9a71-3212-4fd9-bc93-cbd47a99f69e.png,"
FreshThymeMarket,Fresh Thyme Market Organic Apple Juice,$4.89,,,64 fl oz,['Organic'],,"https://www.instacart.com/image-server/197x197/filters:fill(FFF,true):format(jpg)/d2lnr5mha7bycj.cloudfront.net/product-image/file/large_4cb73673-6d15-404a-bea5-30345581c2ee.png,"
FreshThymeMarket,Swoon Zero Sugar Pink Lemonade,$2.49,,,12 fl oz,['Zero Sugar'],,"https://www.instacart.com/image-server/197x197/filters:fill(FFF,true):format(jpg)/d2lnr5mha7bycj.cloudfront.net/product-image/file/large_63f9e03e-b3f6-412d-b22e-1bf6c21c9603.jpeg,"
FreshThymeMarket,Fresh Thyme Market Organic Lemonade,$3.79,,,64 fl oz,['Organic'],,"https://www.instacart.com/image-server/197x197/filters:fill(FFF,true):format(jpg)/d2lnr5mha7bycj.cloudfront.net/product-image/file/large_431dd0b9-1438-4b77-8064-7ca97fc79c19.png,"
FreshThymeMarket,"Natalie's Lemonade, Strawberry",$6.49,,,fl oz,[],Many in stock,"https://www.instacart.com/image-server/197x197/filters:fill(FFF,true):format(jpg)/d2lnr5mha7bycj.cloudfront.net/product-image/file/large_d0d0d471-65ed-42e4-8aec-a8b102c617fa.png,"
FreshThymeMarket,"Uncle Matt's Organic No Sugar Added Lemonade, Juice Boxes",$6.49,,,8 x 6.75 fl oz,"['Organic', 'No Sugar Added']",,"https://www.instacart.com/image-server/197x197/filters:fill(FFF,true):format(jpg)/d2lnr5mha7bycj.cloudfront.net/product-image/file/large_c527da17-6fd5-400a-b3bb-57b4ab3e01c6.jpg,"
FreshThymeMarket,Swoon Zero Sugar Half and Half,$2.49,,,12 fl oz,['Zero Sugar'],,"https://www.instacart.com/image-server/197x197/filters:fill(FFF,true):format(jpg)/d2lnr5mha7bycj.cloudfront.net/product-image/file/large_3c98cb58-73ec-437e-9902-26088a4c0890.jpeg,"
FreshThymeMarket,"Natalie's Lemonade, Natural",$5.39,,,fl oz,[],,"https://www.instacart.com/image-server/197x197/filters:fill(FFF,true):format(jpg)/d2lnr5mha7bycj.cloudfront.net/product-image/file/large_01e0ad11-1ae1-4d07-b25b-3d3224322782.png,"
FreshThymeMarket,Fresh Thyme Market Organic Mango Lemonade,$3.79,,,64 fl oz,['Organic'],,"https://www.instacart.com/image-server/197x197/filters:fill(FFF,true):format(jpg)/d2lnr5mha7bycj.cloudfront.net/product-image/file/large_90dd6de1-0871-436d-a27e-495d448aef0d.png,"
FreshThymeMarket,"Tropicana 100% Juice, Orange, No Pulp",$5.39,,,52 fl oz • 4 options,[],Many in stock,"https://www.instacart.com/image-server/197x197/filters:fill(FFF,true):format(jpg)/d2lnr5mha7bycj.cloudfront.net/product-image/file/large_c6b9b178-2f4a-499e-9c30-5551ca77555a.png,"
FreshThymeMarket,The Honest Company Kids Super Fruit Punch Organic Fruit Juice,$5.39,,,59 fl oz • 3 options,['Organic'],,"https://www.instacart.com/image-server/197x197/filters:fill(FFF,true):format(jpg)/d2lnr5mha7bycj.cloudfront.net/product-image/file/large_16ecc984-bb58-4d9c-907a-d1392699e6a2.jpg,"
FreshThymeMarket,"Natalie's Juice, Orange Beet",$4.29,,,16 fl oz,[],,"https://www.instacart.com/image-server/197x197/filters:fill(FFF,true):format(jpg)/d2lnr5mha7bycj.cloudfront.net/product-image/file/large_96f25404-07e0-4f86-8f22-03c6fde791cf.png,"
FreshThymeMarket,Original price: $8.59,$6.79,,,89 fl oz • 4 options,[],Many in stock,"https://www.instacart.com/image-server/197x197/filters:fill(FFF,true):format(jpg)/d2lnr5mha7bycj.cloudfront.net/product-image/file/large_d1be7e24-9817-4c1b-b4d5-066ea5d99372.png,"
FreshThymeMarket,Swoon Zero Sugar Classic Lemonade,$2.49,,,12 fl oz,['Zero Sugar'],,"https://www.instacart.com/image-server/197x197/filters:fill(FFF,true):format(jpg)/d2lnr5mha7bycj.cloudfront.net/product-image/file/large_7026593c-e787-4d94-a0b1-50bb96701f8c.jpeg,"
FreshThymeMarket,Fresh Thyme Market Cranberry Juice,$6.49,,,32 fl oz,[],Many in stock,"https://www.instacart.com/image-server/197x197/filters:fill(FFF,true):format(jpg)/d2lnr5mha7bycj.cloudfront.net/product-image/file/large_6c67af28-cee9-47a8-8036-24923aa692c1.png,"
FreshThymeMarket,Fresh Thyme Market Juice Orange W/Calcium Nfc,$3.99,,,52 fl oz,[],,"https://www.instacart.com/image-server/197x197/filters:fill(FFF,true):format(jpg)/d2lnr5mha7bycj.cloudfront.net/product-image/file/large_4ac2aaf8-26b3-40e3-8e3d-ab1d4e29c450.png,"
FreshThymeMarket,"GoodBelly Juice Drink, Blueberry Acai Flavor",$4.29,,,32 fl oz,['Organic'],,"https://www.instacart.com/image-server/197x197/filters:fill(FFF,true):format(jpg)/d2lnr5mha7bycj.cloudfront.net/product-image/file/large_1d9dc9bb-a738-4cc4-9688-1e5e4027f49e.png,"
FreshThymeMarket,Original price: $9.69,$8.59,,,52 fl oz,['Organic'],Many in stock,"https://www.instacart.com/image-server/197x197/filters:fill(FFF,true):format(jpg)/d2lnr5mha7bycj.cloudfront.net/product-image/file/large_5cc434f7-9f91-4f19-aa08-33e99a6141e7.jpg,"
FreshThymeMarket,Fresh Thyme Market Lemonade,$3.79,,,64 fl oz,['Organic'],,"https://www.instacart.com/image-server/197x197/filters:fill(FFF,true):format(jpg)/d2lnr5mha7bycj.cloudfront.net/product-image/file/large_80205ea3-8759-4321-93c6-39dcb0d399b4.png,"
FreshThymeMarket,"Natalie's Juice, Orange Mango",$6.49,,,32 fl oz,['No Sugar Added'],,"https://www.instacart.com/image-server/197x197/filters:fill(FFF,true):format(jpg)/d2lnr5mha7bycj.cloudfront.net/product-image/file/large_f4085894-952d-48cb-8867-811c8b8c9fe5.png,"
FreshThymeMarket,"GoodBelly Juice Drink, Mango",$4.29,,,32 fl oz,['Organic'],Many in stock,"https://www.instacart.com/image-server/197x197/filters:fill(FFF,true):format(jpg)/d2lnr5mha7bycj.cloudfront.net/product-image/file/large_35ebd34f-9fed-4ae9-81d8-e73b81510764.png,"
FreshThymeMarket,"Uncle Matt's Organic No Sugar Added, Strawberry Lemonade, Juice Boxes",$6.49,,,8 x 6.7 fl oz,"['Organic', 'No Sugar Added']",,"https://www.instacart.com/image-server/197x197/filters:fill(FFF,true):format(jpg)/d2lnr5mha7bycj.cloudfront.net/product-image/file/large_d63fabfb-f0dd-4a5b-863e-b55ff9b026ea.jpg,"
FreshThymeMarket,Fresh Thyme Market Organic Tart Cherry Juice,$5.69,,,32 fl oz,['Organic'],,"https://www.instacart.com/image-server/197x197/filters:fill(FFF,true):format(jpg)/d2lnr5mha7bycj.cloudfront.net/product-image/file/large_73b1c645-b021-4fba-a9a4-6baf61456816.png,"
FreshThymeMarket,"Natalie's Juice, Tangerine",$6.49,,,32 fl oz,['No Sugar Added'],,"https://www.instacart.com/image-server/197x197/filters:fill(FFF,true):format(jpg)/d2lnr5mha7bycj.cloudfront.net/product-image/file/large_1b0ccdb5-cf0f-40e9-83cb-e3b40c9b7764.png,"
FreshThymeMarket,"GoodBelly Juice Drink, Raspberry Blackberry",$4.29,,,32 fl oz,['Organic'],Many in stock,"https://www.instacart.com/image-server/197x197/filters:fill(FFF,true):format(jpg)/d2lnr5mha7bycj.cloudfront.net/product-image/file/large_86a95c6a-57b2-448e-a8df-777c4d8a5812.png,"
FreshThymeMarket,"Natalie's Juice, Blood Orange",$4.29,,,16 fl oz,[],,"https://www.instacart.com/image-server/197x197/filters:fill(FFF,true):format(jpg)/d2lnr5mha7bycj.cloudfront.net/product-image/file/large_3dbc16bf-c4f5-4bab-8037-4af243a0a047.png,"
FreshThymeMarket,POM Wonderful 100% Pomegranate Juice,$10.79,,,48 fl oz,['No Sugar Added'],Many in stock,"https://www.instacart.com/image-server/197x197/filters:fill(FFF,true):format(jpg)/d2lnr5mha7bycj.cloudfront.net/product-image/file/large_8b81a5cb-4fc3-4222-85d4-68080786e6f2.png,"
FreshThymeMarket,The Honest Company Kids Super Fruit Punch Cartons,$5.39,,,8 x 6 fl oz • 3 options,['Organic'],,"https://www.instacart.com/image-server/197x197/filters:fill(FFF,true):format(jpg)/d2lnr5mha7bycj.cloudfront.net/product-image/file/large_ed03393b-d6e3-4993-8f2b-aa25c6e03633.jpg,"
FreshThymeMarket,"good2grow 100% Apple Juice, Character Tops Vary",$4.69,,,6 fl oz,['No Sugar Added'],,"https://www.instacart.com/image-server/197x197/filters:fill(FFF,true):format(jpg)/d2lnr5mha7bycj.cloudfront.net/product-image/file/large_c2d3f321-324e-45ff-921c-948c47f418ed.jpeg,"
FreshThymeMarket,"Natalie's Juice, Organic, Orange",$4.29,,,16 fl oz,['Organic'],,"https://www.instacart.com/image-server/197x197/filters:fill(FFF,true):format(jpg)/d2lnr5mha7bycj.cloudfront.net/product-image/file/large_544ae23e-94c3-4030-bf5f-3e30b659a0cd.png,"
FreshThymeMarket,POM Wonderful Wonderful 100% Pomegranate Juice,$5.39,,,16 fl oz,['No Sugar Added'],Many in stock,"https://www.instacart.com/image-server/197x197/filters:fill(FFF,true):format(jpg)/d2lnr5mha7bycj.cloudfront.net/product-image/file/large_4c54f50c-8cdd-4bf1-80d5-dccbaa523810.png,"
FreshThymeMarket,"Jumex Nectar, from Concentrate, Mango",$4.09,,,33.8 fl oz,[],,"https://www.instacart.com/image-server/197x197/filters:fill(FFF,true):format(jpg)/d2lnr5mha7bycj.cloudfront.net/product-image/file/large_e961438e-f2c6-4cf5-9bbd-496ad977d43b.png,"
FreshThymeMarket,"R.W. Knudsen Family Organic Just Pineapple Juice, 100% Juice",$8.99,,,32 fl oz,['Organic'],,"https://www.instacart.com/image-server/197x197/filters:fill(FFF,true):format(jpg)/d2lnr5mha7bycj.cloudfront.net/product-image/file/large_561bf949-567b-48be-9f68-b814be98add6.png,"
FreshThymeMarket,Mott's 100% Original Apple Juice,$5.99,,,64 fl oz • 2 options,['No Sugar Added'],,"https://www.instacart.com/image-server/197x197/filters:fill(FFF,true):format(jpg)/d2lnr5mha7bycj.cloudfront.net/product-image/file/large_f2db1cef-1304-482b-9bc4-485aacc4b988.png,"
FreshThymeMarket,Swoon Zero Sugar Ginger Lemonade,$2.49,,,12 fl oz,['Zero Sugar'],,"https://www.instacart.com/image-server/197x197/filters:fill(FFF,true):format(jpg)/d2lnr5mha7bycj.cloudfront.net/product-image/file/large_d802f565-ea87-4d24-baab-63c3777f8d23.jpeg,"
FreshThymeMarket,"Tropicana Juice, Pineapple Mango Splash",$4.29,,,52 fl oz,[],,"https://www.instacart.com/image-server/197x197/filters:fill(FFF,true):format(jpg)/d2lnr5mha7bycj.cloudfront.net/product-image/file/large_8db7e402-1a67-43a6-840b-746f6e1a7d67.png,"
FreshThymeMarket,Original price: $7.89,$6.99,,,32 fl oz,['No Sugar Added'],,"https://www.instacart.com/image-server/197x197/filters:fill(FFF,true):format(jpg)/d2lnr5mha7bycj.cloudfront.net/product-image/file/large_3ed90655-6bd5-4a5d-8e45-9186b9a44544.png,"
FreshThymeMarket,"Lakewood Juice, Organic, Pure Orange",$9.49,,,32 fl oz,"['Organic', 'Unsweetened']",,"https://www.instacart.com/image-server/197x197/filters:fill(FFF,true):format(jpg)/d2lnr5mha7bycj.cloudfront.net/product-image/file/large_839c94e2-0e65-448e-9475-efbbc7dbbe60.png,"
FreshThymeMarket,"good2grow 100% Fruit Punch Juice, Character Tops Vary",$4.69,,,6 oz,['No Sugar Added'],,"https://www.instacart.com/image-server/197x197/filters:fill(FFF,true):format(jpg)/d2lnr5mha7bycj.cloudfront.net/product-image/file/large_a6b35c72-53c9-489a-b4e2-8ecac97e60d8.jpeg,"
FreshThymeMarket,Original price: $17.19,$9.69,,,"Original price: $17.19
$17.19",[],,"https://www.instacart.com/image-server/197x197/filters:fill(FFF,true):format(jpg)/d1s8987jlndkbs.cloudfront.net/assets/missing-item-4bbe82b8555e4d1c12626fd482cb2409713e8e30835645ff3650ef66a725d03c.png,"
FreshThymeMarket,Original price: $12.19,$10.39,,,32 fl oz,"['Organic', 'Unsweetened']",Many in stock,"https://www.instacart.com/image-server/197x197/filters:fill(FFF,true):format(jpg)/d2lnr5mha7bycj.cloudfront.net/product-image/file/large_ac8e1958-6330-488a-9d8f-588481e67e81.png,"
FreshThymeMarket,"good2grow Organic, Low Sugar, Fruit Fusion Juice, Character Tops Vary",$4.69,,,6 oz,"['Organic', 'No Sugar Added']",,"https://www.instacart.com/image-server/197x197/filters:fill(FFF,true):format(jpg)/d2lnr5mha7bycj.cloudfront.net/product-image/file/large_c4212eaa-d32a-4933-873d-9c2f3c41978d.jpeg,"
FreshThymeMarket,Original price: $10.79,$9.19,,,32 fl oz,"['Organic', 'Unsweetened']",,"https://www.instacart.com/image-server/197x197/filters:fill(FFF,true):format(jpg)/d2lnr5mha7bycj.cloudfront.net/product-image/file/large_3a00aa71-3ea4-46a8-bfdc-fc00ddd55160.png,"
FreshThymeMarket,Original price: $5.99,$4.29,,,16 fl oz,['Organic'],,"https://www.instacart.com/image-server/197x197/filters:fill(FFF,true):format(jpg)/d2lnr5mha7bycj.cloudfront.net/product-image/file/large_bf22589a-bb59-4264-bec1-27296b1986b3.png,"
FreshThymeMarket,Original price: $15.09,$10.29,,,32 fl oz,"['Organic', 'Unsweetened']",,"https://www.instacart.com/image-server/197x197/filters:fill(FFF,true):format(jpg)/d2lnr5mha7bycj.cloudfront.net/product-image/file/large_862af60a-d9b9-4b70-97ea-20579f938c28.png,"
FreshThymeMarket,"good2grow Organic, Low Sugar, Grape Juice, Character Tops Vary",$4.69,,,6 oz,"['Organic', 'No Sugar Added']",,"https://www.instacart.com/image-server/197x197/filters:fill(FFF,true):format(jpg)/d2lnr5mha7bycj.cloudfront.net/product-image/file/large_bfe0236e-4192-42e0-90fc-457d00c19b9c.jpeg,"
FreshThymeMarket,Fresh Thyme Market Whole Kernel Sweet Corn,$1.09,,,15.25 oz,[],Many in stock,"https://www.instacart.com/image-server/197x197/filters:fill(FFF,true):format(jpg)/d2lnr5mha7bycj.cloudfront.net/product-image/file/large_e10d3333-fa21-4d25-8eca-4e72d392c1a1.png,"
FreshThymeMarket,Fresh Thyme Market Organic Whole Kernel Corn,$1.99,,,15.25 oz,['Organic'],Many in stock,"https://www.instacart.com/image-server/197x197/filters:fill(FFF,true):format(jpg)/d2lnr5mha7bycj.cloudfront.net/product-image/file/large_2399de95-e925-466c-a476-a58c21932892.png,"
FreshThymeMarket,Fresh Thyme Market Tomato Paste,$1.09,,,6 oz,[],Many in stock,"https://www.instacart.com/image-server/197x197/filters:fill(FFF,true):format(jpg)/d2lnr5mha7bycj.cloudfront.net/product-image/file/large_ccb3e559-098c-4ea9-b2e0-e1a3dfb1f987.png,"
FreshThymeMarket,MW Polar All Natural Solid White Albacore Tuna In Water,$6.89,,,12 oz,[],,"https://www.instacart.com/image-server/197x197/filters:fill(FFF,true):format(jpg)/d2lnr5mha7bycj.cloudfront.net/product-image/file/large_8ce51375-a558-4e1c-a9e4-dbe4beda34d3.png,"
FreshThymeMarket,Fresh Thyme Market Organic Pinto Low Fat Refried Beans,$2.19,,,16 oz,['Organic'],Many in stock,"https://www.instacart.com/image-server/197x197/filters:fill(FFF,true):format(jpg)/d2lnr5mha7bycj.cloudfront.net/product-image/file/large_93dc156c-2bb5-4577-ac2c-49e1b6e042e8.png,"
FreshThymeMarket,"La Preferida Mild Diced Green Chiles, Roasted & Peeled",$1.89,,,4 oz,[],Many in stock,"https://www.instacart.com/image-server/197x197/filters:fill(FFF,true):format(jpg)/d2lnr5mha7bycj.cloudfront.net/product-image/file/large_2e04f379-7a94-4ab4-87c2-5109ec14db3f.png,"
FreshThymeMarket,"Del Monte FRESH CUT Whole Kernel Corn, Canned Vegetables",$2.39,,,15.25 oz,[],,"https://www.instacart.com/image-server/197x197/filters:fill(FFF,true):format(jpg)/d2lnr5mha7bycj.cloudfront.net/product-image/file/large_ca83c4d6-3505-4302-9022-531c2a42daac.jpeg,"
FreshThymeMarket,"Divina Dolmas, Stuffed Grape Leaves",$5.19,,,7 oz,[],,"https://www.instacart.com/image-server/197x197/filters:fill(FFF,true):format(jpg)/d2lnr5mha7bycj.cloudfront.net/product-image/file/large_c2f6370d-5596-4a54-98dc-8780f57c5635.jpg,"
FreshThymeMarket,Original price: $6.29,$4.89,,,6 x 4 oz,['Organic'],,"https://www.instacart.com/image-server/197x197/filters:fill(FFF,true):format(jpg)/d2lnr5mha7bycj.cloudfront.net/product-image/file/large_8dd88faa-f433-4596-b507-136501c3ce95.png,"
FreshThymeMarket,Fresh Thyme Market Natural Dark Red Kidney Beans,$1.09,,,15 oz,[],Many in stock,"https://www.instacart.com/image-server/197x197/filters:fill(FFF,true):format(jpg)/d2lnr5mha7bycj.cloudfront.net/product-image/file/large_39ded62a-b8a4-4445-b766-8a3bd09a872a.png,"
FreshThymeMarket,Fresh Thyme Market Sweet Peas,$1.09,,,15 oz,[],Many in stock,"https://www.instacart.com/image-server/197x197/filters:fill(FFF,true):format(jpg)/d2lnr5mha7bycj.cloudfront.net/product-image/file/large_a839213b-d9c9-4e5f-8b44-4edddd11b960.png,"
FreshThymeMarket,King Oscar Mackerel,$4.89,,,4.05 oz,[],Many in stock,"https://www.instacart.com/image-server/197x197/filters:fill(FFF,true):format(jpg)/d2lnr5mha7bycj.cloudfront.net/product-image/file/large_cb95587b-a9d3-4587-98c0-150753920507.png,"
FreshThymeMarket,Divina Sliced Pepperoncini,$5.99,,,15.5 oz,[],Many in stock,"https://www.instacart.com/image-server/197x197/filters:fill(FFF,true):format(jpg)/d2lnr5mha7bycj.cloudfront.net/product-image/file/large_1f1c9a67-d7a4-4967-997d-f5fd1cddc789.jpg,"
FreshThymeMarket,Fresh Thyme Market Organic Pinto Beans,$1.39,,,15 oz,['Organic'],Many in stock,"https://www.instacart.com/image-server/197x197/filters:fill(FFF,true):format(jpg)/d2lnr5mha7bycj.cloudfront.net/product-image/file/large_59a2f790-790f-4b0f-b496-4f6383c50a83.png,"
FreshThymeMarket,Fresh Thyme Market Tomato Sauce,$1.99,,,15 oz,['Organic'],Many in stock,"https://www.instacart.com/image-server/197x197/filters:fill(FFF,true):format(jpg)/d2lnr5mha7bycj.cloudfront.net/product-image/file/large_5a871221-a218-4e94-a138-29d3e747a3dc.png,"
FreshThymeMarket,"King Oscar Sardines, Skinless & Boneless",$4.69,,,4.38 oz,[],,"https://www.instacart.com/image-server/197x197/filters:fill(FFF,true):format(jpg)/d2lnr5mha7bycj.cloudfront.net/product-image/file/large_aef5bb71-55d8-4f7e-abd5-debf0d20219d.png,"
FreshThymeMarket,"Goya Chick Peas, Low Sodium",$2.19,,,15.5 oz,['Organic'],Many in stock,"https://www.instacart.com/image-server/197x197/filters:fill(FFF,true):format(jpg)/d2lnr5mha7bycj.cloudfront.net/product-image/file/large_2ccd05f0-3938-425d-b0b6-21ecd7cd3602.png,"
FreshThymeMarket,Del Monte Pear Halves,$2.99,,,15.25 oz,[],,"https://www.instacart.com/image-server/197x197/filters:fill(FFF,true):format(jpg)/d2lnr5mha7bycj.cloudfront.net/product-image/file/large_2dedbdbe-f650-4246-bb84-40a7eecf35e1.png,"
FreshThymeMarket,Fresh Thyme Market Unsweetened Organic Applesauce,$3.29,,,23 oz,['Organic'],,"https://www.instacart.com/image-server/197x197/filters:fill(FFF,true):format(jpg)/d1s8987jlndkbs.cloudfront.net/assets/missing-item-4bbe82b8555e4d1c12626fd482cb2409713e8e30835645ff3650ef66a725d03c.png,"
FreshThymeMarket,Dole Pineapple Chunks,$3.29,,,20 oz,[],,"https://www.instacart.com/image-server/197x197/filters:fill(FFF,true):format(jpg)/d2lnr5mha7bycj.cloudfront.net/product-image/file/large_61e52255-45a4-4ee8-97ba-08edfa08102a.png,"
FreshThymeMarket,Embasa Chipotles Peppers,$3.29,,,7 oz,[],Many in stock,"https://www.instacart.com/image-server/197x197/filters:fill(FFF,true):format(jpg)/d2lnr5mha7bycj.cloudfront.net/product-image/file/large_e95d2ac1-e3a7-4150-8959-34ee7dda8b11.JPG,"
FreshThymeMarket,Fresh Thyme Market Organic Dark Red Kidney Beans,$1.39,,,15 oz,['Organic'],,"https://www.instacart.com/image-server/197x197/filters:fill(FFF,true):format(jpg)/d2lnr5mha7bycj.cloudfront.net/product-image/file/large_66af3f89-2cfe-4e8a-bf99-a41ac28ab187.png,"
FreshThymeMarket,"StarKist Tuna in Water, Chunk Light, 4 Pack",$6.49,,,4 x 5 oz,[],,"https://www.instacart.com/image-server/197x197/filters:fill(FFF,true):format(jpg)/d2lnr5mha7bycj.cloudfront.net/product-image/file/large_a60a253d-9f33-4885-8c4d-ba2a83bc41c2.png,"
FreshThymeMarket,Goya Premium Black Beans,$1.89,,,15.5 oz,[],,"https://www.instacart.com/image-server/197x197/filters:fill(FFF,true):format(jpg)/d2lnr5mha7bycj.cloudfront.net/product-image/file/large_8cef9a10-d8c4-43b4-8d20-7b83463822ce.jpg,"
FreshThymeMarket,Fresh Thyme Market Diced Tomatoes,$1.09,,,14.5 oz,[],Many in stock,"https://www.instacart.com/image-server/197x197/filters:fill(FFF,true):format(jpg)/d2lnr5mha7bycj.cloudfront.net/product-image/file/large_7710292e-3990-45d0-9235-f07344a37faa.png,"
FreshThymeMarket,"Reese's Hearts of Palm, Select",$5.39,,,14 oz,[],Many in stock,"https://www.instacart.com/image-server/197x197/filters:fill(FFF,true):format(jpg)/d2lnr5mha7bycj.cloudfront.net/product-image/file/large_b275acf8-33b5-4a2e-8be1-5cce5ba114ac.png,"
FreshThymeMarket,Original price: $3.29,$2.19,,,5 oz,[],Many in stock,"https://www.instacart.com/image-server/197x197/filters:fill(FFF,true):format(jpg)/d2lnr5mha7bycj.cloudfront.net/product-image/file/large_1759bd28-507c-40e6-8333-7e39cade7a55.png,"
FreshThymeMarket,"King Oscar Kipper Snacks, Wild Caught",$3.79,,,3.54 oz,[],,"https://www.instacart.com/image-server/197x197/filters:fill(FFF,true):format(jpg)/d2lnr5mha7bycj.cloudfront.net/product-image/file/large_18fe61cd-c304-4008-9c94-7f0d16acad9e.png,"
FreshThymeMarket,Fresh Thyme Market Natural Great Northern Beans,$1.09,,,15 oz,[],Many in stock,"https://www.instacart.com/image-server/197x197/filters:fill(FFF,true):format(jpg)/d2lnr5mha7bycj.cloudfront.net/product-image/file/large_c578f1dd-24c5-4967-89c3-a1979cebb73e.png,"
FreshThymeMarket,Fresh Thyme Market 100% Halves Pear In Juice,$1.99,,,14.5 fl oz,[],,"https://www.instacart.com/image-server/197x197/filters:fill(FFF,true):format(jpg)/d1s8987jlndkbs.cloudfront.net/assets/missing-item-4bbe82b8555e4d1c12626fd482cb2409713e8e30835645ff3650ef66a725d03c.png,"
FreshThymeMarket,Divina Pepperoncini,$5.39,,,15.5 oz,[],Many in stock,"https://www.instacart.com/image-server/197x197/filters:fill(FFF,true):format(jpg)/d2lnr5mha7bycj.cloudfront.net/product-image/file/large_2aaa8a18-a295-4006-9ec3-d38ef5d4842b.jpg,"
FreshThymeMarket,Original price: $6.29,$4.89,,,23 oz,['Organic'],,"https://www.instacart.com/image-server/197x197/filters:fill(FFF,true):format(jpg)/d2lnr5mha7bycj.cloudfront.net/product-image/file/large_271620ad-ce6e-44e7-a666-80e4e8674417.png,"
FreshThymeMarket,Original price: $2.89,$2.69,,,16 oz,['Organic'],,"https://www.instacart.com/image-server/197x197/filters:fill(FFF,true):format(jpg)/d2lnr5mha7bycj.cloudfront.net/product-image/file/large_05ce03bc-ba19-4fb9-890a-374b33b5f870.png,"
FreshThymeMarket,Del Monte FRESH CUT Green Beans Canned Vegetables,$2.39,,,14.5 oz,[],,"https://www.instacart.com/image-server/197x197/filters:fill(FFF,true):format(jpg)/d2lnr5mha7bycj.cloudfront.net/product-image/file/large_5870d675-98da-43ee-a4c7-76aad4ca7e24.jpg,"
FreshThymeMarket,"GoGo Squeez Applesauce On The Go Pouches, Variety",$12.89,,,12 x 3.2 oz,['Organic'],,"https://www.instacart.com/image-server/197x197/filters:fill(FFF,true):format(jpg)/d2lnr5mha7bycj.cloudfront.net/product-image/file/large_e71655e1-3697-448a-95b2-4aa5695804b4.png,"
FreshThymeMarket,RO*TEL Original Diced Tomatoes and Green Chilies,$2.19,,,10 oz,[],,"https://www.instacart.com/image-server/197x197/filters:fill(FFF,true):format(jpg)/d2lnr5mha7bycj.cloudfront.net/product-image/file/large_e37e430e-80e1-4dca-8894-c52dc7f8b026.jpg,"
FreshThymeMarket,"Farmer's Market Pumpkin, Organic",$4.09,,,15 oz,['Organic'],Likely out of stock,"https://www.instacart.com/image-server/197x197/filters:fill(FFF,true):format(jpg)/d2lnr5mha7bycj.cloudfront.net/product-image/file/large_72fa0b5d-ecd9-4b92-85ff-9863dd57bc28.png,"
FreshThymeMarket,Goya Premium Pinto Beans,$1.89,,,15.5 oz,[],,"https://www.instacart.com/image-server/197x197/filters:fill(FFF,true):format(jpg)/d2lnr5mha7bycj.cloudfront.net/product-image/file/large_54cc432c-2026-41a1-a25d-bd8f873c029f.jpg,"
FreshThymeMarket,Fresh Thyme Market Fire Roasted Diced Tomatoes,$1.69,,,14.5 oz,[],,"https://www.instacart.com/image-server/197x197/filters:fill(FFF,true):format(jpg)/d2lnr5mha7bycj.cloudfront.net/product-image/file/large_66cbb450-66d2-4ccc-863f-65e80e48c648.png,"
FreshThymeMarket,Fresh Thyme Market Pineapple Chunks,$4.29,,,16 oz,[],,"https://www.instacart.com/image-server/197x197/filters:fill(FFF,true):format(jpg)/d2lnr5mha7bycj.cloudfront.net/product-image/file/large_ac0a3e22-c826-4a6f-b5d4-bf5f599b7c77.png,"
FreshThymeMarket,Original price: $2.49,$1.69,,,6.3 oz,[],,"https://www.instacart.com/image-server/197x197/filters:fill(FFF,true):format(jpg)/d2lnr5mha7bycj.cloudfront.net/product-image/file/large_6e5f154a-879a-4f91-a0ba-5f7f42d5f289.png,"
FreshThymeMarket,Original price: $1.99,$1.39,,,4.4 oz,[],Many in stock,"https://www.instacart.com/image-server/197x197/filters:fill(FFF,true):format(jpg)/d2lnr5mha7bycj.cloudfront.net/product-image/file/large_df206f96-9b41-4ac8-833e-dffb22a2c31e.png,"
FreshThymeMarket,Fresh Thyme Market Tomato Paste,$1.49,,,6 oz,['Organic'],Many in stock,"https://www.instacart.com/image-server/197x197/filters:fill(FFF,true):format(jpg)/d2lnr5mha7bycj.cloudfront.net/product-image/file/large_b51d61a8-53c8-405b-b381-742e2f83ae69.png,"
FreshThymeMarket,"King Oscar Sardines, Mediterranean Style, Wild Caught",$4.69,,,3.75 oz,[],,"https://www.instacart.com/image-server/197x197/filters:fill(FFF,true):format(jpg)/d2lnr5mha7bycj.cloudfront.net/product-image/file/large_7c1109cc-33c0-4116-91b6-e61cbe824434.png,"
FreshThymeMarket,Fresh Thyme Market Crushed Tomatoes,$2.19,,,28 oz,[],Many in stock,"https://www.instacart.com/image-server/197x197/filters:fill(FFF,true):format(jpg)/d2lnr5mha7bycj.cloudfront.net/product-image/file/large_c5d8f4a4-1b32-492b-b62a-9fef9a5e1520.png,"
FreshThymeMarket,Original price: $4.89,$3.79,,,11.6 oz,[],Many in stock,"https://www.instacart.com/image-server/197x197/filters:fill(FFF,true):format(jpg)/d2lnr5mha7bycj.cloudfront.net/product-image/file/large_342b0a39-d0e9-4041-9cb2-7304d3e10883.png,"
FreshThymeMarket,Fresh Thyme Market Peas,$2.19,,,10 oz,[],,"https://www.instacart.com/image-server/197x197/filters:fill(FFF,true):format(jpg)/d2lnr5mha7bycj.cloudfront.net/product-image/file/large_3d0a01cd-9d9d-4e0b-9a97-7301dd04204a.png,"
FreshThymeMarket,RO*TEL Mild Diced Tomatoes and Green Chilies,$2.19,,,10 oz,[],,"https://www.instacart.com/image-server/197x197/filters:fill(FFF,true):format(jpg)/d2lnr5mha7bycj.cloudfront.net/product-image/file/large_02f048c5-e3cc-4a55-8e59-872c3dd2b303.jpg,"
FreshThymeMarket,King Oscar Fillet Skinless/Boneless Mackerel in Olive Oil and Lemon,$4.89,,,4.05 oz,[],,"https://www.instacart.com/image-server/197x197/filters:fill(FFF,true):format(jpg)/d2lnr5mha7bycj.cloudfront.net/product-image/file/large_df40c6e0-2276-4ca3-9cb9-2504e8c0ea44.png,"
FreshThymeMarket,"Del Monte BLUE LAKE French Style Green Beans, Canned Vegetables",$2.39,,,14.5 oz,[],,"https://www.instacart.com/image-server/197x197/filters:fill(FFF,true):format(jpg)/d2lnr5mha7bycj.cloudfront.net/product-image/file/large_04e8be72-d8e1-47c8-a7d3-d8ec0130f349.jpg,"
FreshThymeMarket,"Del Monte Sweet Corn, Cream Style, Golden",$2.39,,,14.75 oz,[],,"https://www.instacart.com/image-server/197x197/filters:fill(FFF,true):format(jpg)/d2lnr5mha7bycj.cloudfront.net/product-image/file/large_a472cc20-e10b-4476-ac0a-ef231c9fa1a5.jpg,"
FreshThymeMarket,MW Polar White Crab Meat,$5.39,,,6 oz,[],Many in stock,"https://www.instacart.com/image-server/197x197/filters:fill(FFF,true):format(jpg)/d2lnr5mha7bycj.cloudfront.net/product-image/file/large_6b8acaed-a0f2-4a4f-9c8b-f5b862323e8a.png,"
FreshThymeMarket,"Pomì Tomatoes, Organic, Chopped",$5.99,,,26.46 oz,['Organic'],Many in stock,"https://www.instacart.com/image-server/197x197/filters:fill(FFF,true):format(jpg)/d2lnr5mha7bycj.cloudfront.net/product-image/file/large_5d881891-b60a-4e99-926a-cd6323372a3a.jpg,"
FreshThymeMarket,"Del Monte Pears, Lite, Sliced",$2.99,,,15 oz,[],,"https://www.instacart.com/image-server/197x197/filters:fill(FFF,true):format(jpg)/d2lnr5mha7bycj.cloudfront.net/product-image/file/large_25c5a098-67e1-4197-8aaa-d0cfb136880e.png,"
FreshThymeMarket,"Del Monte Corn, No Salt Added, Golden Sweet, Whole Kernel",$2.39,,,15.25 oz,[],,"https://www.instacart.com/image-server/197x197/filters:fill(FFF,true):format(jpg)/d2lnr5mha7bycj.cloudfront.net/product-image/file/large_bc808079-f71c-4512-a7e5-28feb49f1691.jpg,"
FreshThymeMarket,Del Monte Sweet Peas Canned Vegetables,$2.39,,,15 oz,[],,"https://www.instacart.com/image-server/197x197/filters:fill(FFF,true):format(jpg)/d2lnr5mha7bycj.cloudfront.net/product-image/file/large_30a3562a-5182-4987-89c7-d19b60321d71.jpg,"
FreshThymeMarket,Del Monte FRESH CUT Canned Beets Sliced Canned Vegetables,$2.39,,,14.5 oz,[],,"https://www.instacart.com/image-server/197x197/filters:fill(FFF,true):format(jpg)/d2lnr5mha7bycj.cloudfront.net/product-image/file/large_2eef97dc-d958-4162-b95c-44b274f7120c.jpg,"
FreshThymeMarket,Original price: $4.69,$4.09,,,10 oz,[],,"https://www.instacart.com/image-server/197x197/filters:fill(FFF,true):format(jpg)/d2lnr5mha7bycj.cloudfront.net/product-image/file/large_f9ce1dfb-ca68-4dc2-9b21-110f2bcf84af.png,"
FreshThymeMarket,"Del Monte No Sugar Added Mandarin Oranges, Canned Fruit",$2.99,,,15 oz,[],,"https://www.instacart.com/image-server/197x197/filters:fill(FFF,true):format(jpg)/d2lnr5mha7bycj.cloudfront.net/product-image/file/large_f898aac6-bb50-4a48-8606-ce71f6fb72a5.jpg,"
FreshThymeMarket,"Goya Organic Black Beans, Low Sodium",$2.19,,,15.5 oz,['Organic'],Many in stock,"https://www.instacart.com/image-server/197x197/filters:fill(FFF,true):format(jpg)/d2lnr5mha7bycj.cloudfront.net/product-image/file/large_802ccc97-2bab-4762-8adf-2b7496692802.jpg,"
FreshThymeMarket,"Alessi Tomatoes, Italian Peeled, Whole Pear Shaped, with Basil",$4.69,,,28 oz,[],,"https://www.instacart.com/image-server/197x197/filters:fill(FFF,true):format(jpg)/d2lnr5mha7bycj.cloudfront.net/product-image/file/large_b3ca9682-4bbf-471d-944a-1b76db7e8293.png,"
FreshThymeMarket,"Polar Tuna, Chunk Light, Wild Caught",$2.09,,,5 oz,[],,"https://www.instacart.com/image-server/197x197/filters:fill(FFF,true):format(jpg)/d2lnr5mha7bycj.cloudfront.net/product-image/file/large_1c906952-2ae8-477b-b770-45d75e7e83e9.png,"
FreshThymeMarket,La Victoria Mild Diced Green Chiles,$2.39,,,4 oz,[],,"https://www.instacart.com/image-server/197x197/filters:fill(FFF,true):format(jpg)/d2lnr5mha7bycj.cloudfront.net/product-image/file/large_90a59857-e894-41bc-a2a0-4564ee1b2590.JPG,"
FreshThymeMarket,"Alessi Italian Tomatoes, Crushed",$4.69,,,28 oz,[],,"https://www.instacart.com/image-server/197x197/filters:fill(FFF,true):format(jpg)/d2lnr5mha7bycj.cloudfront.net/product-image/file/large_cf75835a-1761-41ea-8dad-274b4931bc14.png,"
FreshThymeMarket,"""JIFFY"" Corn Muffin Mix",$1.39,,,8.5 oz,[],Many in stock,"https://www.instacart.com/image-server/197x197/filters:fill(FFF,true):format(jpg)/d2lnr5mha7bycj.cloudfront.net/product-image/file/large_2330e7ee-8f71-422e-b082-f503f0a1659e.png,"
FreshThymeMarket,"Arm & Hammer Baking Soda, Pure",$1.89,,,16 oz,[],,"https://www.instacart.com/image-server/197x197/filters:fill(FFF,true):format(jpg)/d2lnr5mha7bycj.cloudfront.net/product-image/file/large_800cbf5b-12f5-4a46-9859-021baae98474.jpg,"
FreshThymeMarket,"Comvita MGO 50+, Multifloral Manuka Honey",$35.49,,,17.6 oz,['Gluten-Free'],,"https://www.instacart.com/image-server/197x197/filters:fill(FFF,true):format(jpg)/d2lnr5mha7bycj.cloudfront.net/product-image/file/large_233ccb81-da1a-4095-8f3d-4fc7d7a47003.jpg,"
FreshThymeMarket,Fresh Thyme Market White Vinegar,$4.69,,,1 gal,[],Many in stock,"https://www.instacart.com/image-server/197x197/filters:fill(FFF,true):format(jpg)/d2lnr5mha7bycj.cloudfront.net/product-image/file/large_00f4fca9-5005-49b8-943a-98be22ac4782.png,"
FreshThymeMarket,Immaculate Baking Cinnamon Rolls,$9.19,,,17.5 oz,"['Organic', 'Vegan']",Many in stock,"https://www.instacart.com/image-server/197x197/filters:fill(FFF,true):format(jpg)/d2lnr5mha7bycj.cloudfront.net/product-image/file/large_a461e879-4a1e-457e-aa15-1e648c47e0a5.png,"
FreshThymeMarket,Annie's Organic Cinnamon Rolls with Icing,$10.79,,,17.5 oz,"['Organic', 'Vegan']",,"https://www.instacart.com/image-server/197x197/filters:fill(FFF,true):format(jpg)/d2lnr5mha7bycj.cloudfront.net/product-image/file/large_9dcd7d5b-72ec-4b35-bde6-35197b5be814.png,"
FreshThymeMarket,"Whoa Dough Chocolate Chip Cookie Dough Snack Bar, Vegan and Gluten Free",$2.69,,,1.6 oz,"['Vegan', 'Gluten-Free']",,"https://www.instacart.com/image-server/197x197/filters:fill(FFF,true):format(jpg)/d2lnr5mha7bycj.cloudfront.net/product-image/file/large_494348ff-2201-4e29-99ea-de696ebf1420.png,"
FreshThymeMarket,Toll House Chocolate Chip Cookie Dough,$5.39,,,24 ct,[],,"https://www.instacart.com/image-server/197x197/filters:fill(FFF,true):format(jpg)/d2lnr5mha7bycj.cloudfront.net/product-image/file/large_3c28670b-7419-45de-bf0b-5e4b2da2c844.jpg,"
FreshThymeMarket,Fresh Thyme Market Spray Extra Virgin Olive Oil,$6.49,,,5 fl oz,[],,"https://www.instacart.com/image-server/197x197/filters:fill(FFF,true):format(jpg)/d2lnr5mha7bycj.cloudfront.net/product-image/file/large_5cc295a9-c063-4f3b-a7be-cb354a9785d3.png,"
FreshThymeMarket,"Whoa Dough Peanut Butter Chocolate Chip Cookie Dough Snack Bars, Vegan",$2.69,,,1.6 oz,"['Vegan', 'Gluten-Free']",,"https://www.instacart.com/image-server/197x197/filters:fill(FFF,true):format(jpg)/d2lnr5mha7bycj.cloudfront.net/product-image/file/large_c0b8c6bf-9601-47db-aa88-d65cb4e167f1.png,"
FreshThymeMarket,Immaculate Baking Flaky Biscuit Roll,$6.99,,,16 oz,['Organic'],Many in stock,"https://www.instacart.com/image-server/197x197/filters:fill(FFF,true):format(jpg)/d2lnr5mha7bycj.cloudfront.net/product-image/file/large_7241805c-a302-4d0f-86cc-3f3aef91be84.png,"
FreshThymeMarket,Fresh Thyme Market Garlic Powder,$4.69,,,2.54 oz,[],Many in stock,"https://www.instacart.com/image-server/197x197/filters:fill(FFF,true):format(jpg)/d2lnr5mha7bycj.cloudfront.net/product-image/file/large_eb35457d-22a2-4345-b041-cc7d0f33fa1a.png,"
FreshThymeMarket,Fresh Thyme Market Baking Soda,$1.09,,,16 oz,[],Many in stock,"https://www.instacart.com/image-server/197x197/filters:fill(FFF,true):format(jpg)/d2lnr5mha7bycj.cloudfront.net/product-image/file/large_58897615-bc91-4a93-be1f-7797cbc17638.png,"
FreshThymeMarket,"King Arthur Baking Company Bread Flour, Unbleached",$8.09,,,5 lb,['Whole Grain'],,"https://www.instacart.com/image-server/197x197/filters:fill(FFF,true):format(jpg)/d2lnr5mha7bycj.cloudfront.net/product-image/file/large_078c1424-1de0-4cc4-9329-80dcb77d0bf7.png,"
FreshThymeMarket,Sweet Loren's Fudgy Brownie Cookie Dough,$6.99,,,12 oz,"['Vegan', 'Gluten-Free']",Many in stock,"https://www.instacart.com/image-server/197x197/filters:fill(FFF,true):format(jpg)/d2lnr5mha7bycj.cloudfront.net/product-image/file/large_5633e7de-e31c-4b77-9a73-bbf12547f629.png,"
FreshThymeMarket,Original price: $3.59,$2.99,,,13.66 fl oz,[],,"https://www.instacart.com/image-server/197x197/filters:fill(FFF,true):format(jpg)/d2lnr5mha7bycj.cloudfront.net/product-image/file/large_e5ef2e34-3120-43cf-8a58-5cdd64343c76.jpg,"
FreshThymeMarket,Original price: $5.39,$4.39,,,32 fl oz,[],Many in stock,"https://www.instacart.com/image-server/197x197/filters:fill(FFF,true):format(jpg)/d2lnr5mha7bycj.cloudfront.net/product-image/file/large_8baf48d6-82f9-4d5e-9a85-177b9845eabd.png,"
FreshThymeMarket,"Frontier Co-op Ceylon Cinnamon, Organic",$8.09,,,1.76 oz,['Organic'],,"https://www.instacart.com/image-server/197x197/filters:fill(FFF,true):format(jpg)/d2lnr5mha7bycj.cloudfront.net/product-image/file/large_74cfc191-a194-4e42-8302-10e1daf27953.png,"
FreshThymeMarket,Fresh Thyme Market Pr7453 - 12/16 Fresh Thyme Organic Honey,$9.69,,,16 oz,['Organic'],,"https://www.instacart.com/image-server/197x197/filters:fill(FFF,true):format(jpg)/d2lnr5mha7bycj.cloudfront.net/product-image/file/large_1b8ae5db-934a-411e-b903-558b747ff253.png,"
FreshThymeMarket,Sweet Loren's Sugar Cookie Dough,$6.99,,,12 x 12 oz,"['Vegan', 'Gluten-Free']",,"https://www.instacart.com/image-server/197x197/filters:fill(FFF,true):format(jpg)/d2lnr5mha7bycj.cloudfront.net/product-image/file/large_22f9a68e-0614-459c-b4ea-a513cf5e265d.png,"
FreshThymeMarket,Fresh Thyme Market Extra Virgin Olive Oil,$16.19,,,33.8 fl oz,[],,"https://www.instacart.com/image-server/197x197/filters:fill(FFF,true):format(jpg)/d2lnr5mha7bycj.cloudfront.net/product-image/file/large_bc5f85a2-c39a-4068-8dd1-a1eeaafc9105.png,"
FreshThymeMarket,Original price: $5.69,$5.39,,,16 oz,['Organic'],,"https://www.instacart.com/image-server/197x197/filters:fill(FFF,true):format(jpg)/d2lnr5mha7bycj.cloudfront.net/product-image/file/large_e3e734ac-962a-4fc0-be9d-b605a1d318ec.png,"
FreshThymeMarket,"Morton Iodized Salt, 26 Ounce",$2.69,,,26 oz,[],,"https://www.instacart.com/image-server/197x197/filters:fill(FFF,true):format(jpg)/d2lnr5mha7bycj.cloudfront.net/product-image/file/large_b6741d21-985d-439d-8a17-0ba710d35c5c.png,"
FreshThymeMarket,"Essential Everyday Sugar, Granulated, Pure",$4.19,,,4 lb,[],,"https://www.instacart.com/image-server/197x197/filters:fill(FFF,true):format(jpg)/d2lnr5mha7bycj.cloudfront.net/product-image/file/large_549e8ca8-b41b-4ce9-a63b-20d8162e6be6.png,"
FreshThymeMarket,McCormick® Original Taco Seasoning Mix,$1.89,,,1 oz,[],,"https://www.instacart.com/image-server/197x197/filters:fill(FFF,true):format(jpg)/d2lnr5mha7bycj.cloudfront.net/product-image/file/large_f370d5a8-6ed6-4f53-86be-56dcf94c7142.jpg,"
FreshThymeMarket,"TRUFF Truffle Oil, Black Truffle Infused Olive Oil",$23.69,,,5.6 fl oz,[],,"https://www.instacart.com/image-server/197x197/filters:fill(FFF,true):format(jpg)/d2lnr5mha7bycj.cloudfront.net/product-image/file/large_c3c1030c-4228-46d2-8166-333f677b2a24.jpg,"
FreshThymeMarket,Fresh Thyme Market Organic Extra Virgin Olive Oil,$18.29,,,33.8 fl oz,['Organic'],,"https://www.instacart.com/image-server/197x197/filters:fill(FFF,true):format(jpg)/d2lnr5mha7bycj.cloudfront.net/product-image/file/large_908e7d02-5c34-4d68-b740-c0dbbedc46f1.png,"
FreshThymeMarket,"Otto's Naturals Brownie Mix, Grain-Free, Classic",$9.69,,,11.1 oz,"['Gluten-Free', 'Vegan']",Many in stock,"https://www.instacart.com/image-server/197x197/filters:fill(FFF,true):format(jpg)/d2lnr5mha7bycj.cloudfront.net/product-image/file/large_e4525da1-e3b8-44b8-87c9-8141905861d6.png,"
FreshThymeMarket,Toll House Semi Sweet Chocolate Chips,$5.09,,,12 oz,[],,"https://www.instacart.com/image-server/197x197/filters:fill(FFF,true):format(jpg)/d2lnr5mha7bycj.cloudfront.net/product-image/file/large_f414ed0e-0641-4cb8-bf6a-a5ab3274de0d.jpg,"
FreshThymeMarket,"Bragg Apple Cider Vinegar, Organic, Raw-Unfiltered",$25.79,,,128 fl oz,['Organic'],,"https://www.instacart.com/image-server/197x197/filters:fill(FFF,true):format(jpg)/d2lnr5mha7bycj.cloudfront.net/product-image/file/large_5b53b3d4-0847-467b-a06d-7e5531045b93.png,"
FreshThymeMarket,Original price: $3.59,$2.99,,,3 oz,[],,"https://www.instacart.com/image-server/197x197/filters:fill(FFF,true):format(jpg)/d2lnr5mha7bycj.cloudfront.net/product-image/file/large_9d5840dd-4d41-452c-b055-f2202915d3ee.png,"
FreshThymeMarket,Fresh Thyme Market Dark Brown Sugar,$3.29,,,32 oz,[],,"https://www.instacart.com/image-server/197x197/filters:fill(FFF,true):format(jpg)/d2lnr5mha7bycj.cloudfront.net/product-image/file/large_e6f886b7-e53b-4e4a-b292-55bf09116a3e.png,"
FreshThymeMarket,Fresh Thyme Market Organic Virgin Coconut Oil,$8.59,,,16.9 fl oz,['Organic'],,"https://www.instacart.com/image-server/197x197/filters:fill(FFF,true):format(jpg)/d2lnr5mha7bycj.cloudfront.net/product-image/file/large_58cabd14-97e4-434e-b5a8-8ab0bcd1bbf9.png,"
FreshThymeMarket,Frontier Co-op Mexican Seasoning,$5.39,,,2 oz,[],,"https://www.instacart.com/image-server/197x197/filters:fill(FFF,true):format(jpg)/d2lnr5mha7bycj.cloudfront.net/product-image/file/large_a8d5da49-d4b8-4bc8-a371-c706763478a5.jpg,"
FreshThymeMarket,Original price: $3.29,$2.19,,,1.31 oz,[],,"https://www.instacart.com/image-server/197x197/filters:fill(FFF,true):format(jpg)/d2lnr5mha7bycj.cloudfront.net/product-image/file/large_aa10abf7-f209-4ad9-a97b-5932c193014d.png,"
FreshThymeMarket,Original price: $3.79,$2.69,,,8 oz,[],,"https://www.instacart.com/image-server/197x197/filters:fill(FFF,true):format(jpg)/d2lnr5mha7bycj.cloudfront.net/product-image/file/large_ccf72272-0a6d-4c27-9419-e5cf8675c992.png,"
FreshThymeMarket,Original price: $8.09,$5.99,,,4.5 oz,['Gluten-Free'],,"https://www.instacart.com/image-server/197x197/filters:fill(FFF,true):format(jpg)/d2lnr5mha7bycj.cloudfront.net/product-image/file/large_af4af01a-307f-4426-95c3-8e1dec2920db.png,"
FreshThymeMarket,Frontier Co-op Garlic Granules,$6.99,,,2.7 oz,[],,"https://www.instacart.com/image-server/197x197/filters:fill(FFF,true):format(jpg)/d2lnr5mha7bycj.cloudfront.net/product-image/file/large_fb399c13-c30a-4dd5-afdd-1f2c81ddb554.png,"
FreshThymeMarket,Original price: $10.79,$3.29,,,13 fl oz,[],,"https://www.instacart.com/image-server/197x197/filters:fill(FFF,true):format(jpg)/d2lnr5mha7bycj.cloudfront.net/product-image/file/large_8cfcad4d-88cb-49ce-b938-cdcae41386be.png,"
FreshThymeMarket,Hidden Valley Original Ranch Dips Mix,$2.49,,,1 oz,[],,"https://www.instacart.com/image-server/197x197/filters:fill(FFF,true):format(jpg)/d2lnr5mha7bycj.cloudfront.net/product-image/file/large_ce6cabe8-6039-4d98-9757-1d9a21a89a7e.jpg,"
FreshThymeMarket,Fresh Thyme Market Pr7451 - 12/12 Oz Fresh Thyme Honey Squeeze Bear,$6.49,,,12 oz,[],,"https://www.instacart.com/image-server/197x197/filters:fill(FFF,true):format(jpg)/d2lnr5mha7bycj.cloudfront.net/product-image/file/large_6fbb7ed0-5785-4ff8-a2e2-7f2496c2748d.png,"
FreshThymeMarket,"Andy's Seasoning Breading, Chicken, Mild",$2.19,,,10 oz,[],,"https://www.instacart.com/image-server/197x197/filters:fill(FFF,true):format(jpg)/d2lnr5mha7bycj.cloudfront.net/product-image/file/large_22e5c03c-e9f1-4fda-a212-dec66c023376.png,"
FreshThymeMarket,Original price: $24.79,$18.29,,,25.4 fl oz,[],,"https://www.instacart.com/image-server/197x197/filters:fill(FFF,true):format(jpg)/d2lnr5mha7bycj.cloudfront.net/product-image/file/large_8090b578-b99c-470e-9f17-c28510f0e36e.png,"
FreshThymeMarket,Original price: $20.99,$15.09,,,25.4 fl oz,[],,"https://www.instacart.com/image-server/197x197/filters:fill(FFF,true):format(jpg)/d2lnr5mha7bycj.cloudfront.net/product-image/file/large_6afa5e70-c817-4214-9a67-05e9a6e1dca2.png,"
FreshThymeMarket,Original price: $3.59,$2.99,,,4 oz,[],,"https://www.instacart.com/image-server/197x197/filters:fill(FFF,true):format(jpg)/d2lnr5mha7bycj.cloudfront.net/product-image/file/large_be0f05ae-0c2f-4b4d-a6ca-ed3b5962b397.png,"
FreshThymeMarket,"Bragg Apple Cider Vinegar, Organic",$8.29,,,32 fl oz,['Organic'],,"https://www.instacart.com/image-server/197x197/filters:fill(FFF,true):format(jpg)/d2lnr5mha7bycj.cloudfront.net/product-image/file/large_be2b24e4-4d9e-4324-b56b-991014242c3a.png,"
FreshThymeMarket,Original price: $5.39,$4.89,,,5 oz,[],,"https://www.instacart.com/image-server/197x197/filters:fill(FFF,true):format(jpg)/d2lnr5mha7bycj.cloudfront.net/product-image/file/large_fde42c38-59cc-4cdf-acca-644a7eabd7d4.png,"
FreshThymeMarket,Original price: $15.09,$4.59,,,8.5 fl oz,['Organic'],,"https://www.instacart.com/image-server/197x197/filters:fill(FFF,true):format(jpg)/d2lnr5mha7bycj.cloudfront.net/product-image/file/large_a10ea6b3-33ac-4aad-bd8e-46f868d5f064.png,"
FreshThymeMarket,Original price: $10.79,$8.59,,,23.5 oz,"['Organic', 'Gluten-Free']",,"https://www.instacart.com/image-server/197x197/filters:fill(FFF,true):format(jpg)/d2lnr5mha7bycj.cloudfront.net/product-image/file/large_52007a0d-380f-4267-9e39-5713dad5fbf6.png,"
FreshThymeMarket,Frontier Co-op Herbes De Provence,$5.39,,,0.85 oz,[],,"https://www.instacart.com/image-server/197x197/filters:fill(FFF,true):format(jpg)/d2lnr5mha7bycj.cloudfront.net/product-image/file/large_43a1318c-21e3-4705-881b-bb3a0dc0e738.png,"
FreshThymeMarket,"Graza Sizzle, Extra Virgin Olive Oil for Cooking",$18.29,,,750 ml,[],,"https://www.instacart.com/image-server/197x197/filters:fill(FFF,true):format(jpg)/d2lnr5mha7bycj.cloudfront.net/product-image/file/large_225dcdfb-3fc5-400f-99f8-593dfe783a88.jpg,"
FreshThymeMarket,Original price: $9.29,$8.09,,,9.8 oz,['Gluten-Free'],,"https://www.instacart.com/image-server/197x197/filters:fill(FFF,true):format(jpg)/d2lnr5mha7bycj.cloudfront.net/product-image/file/large_ca2befe2-de73-4009-a76f-5962748f8134.png,"
FreshThymeMarket,"Andy's Seasoning Fish Breading, Red",$2.19,,,10 oz,[],,"https://www.instacart.com/image-server/197x197/filters:fill(FFF,true):format(jpg)/d2lnr5mha7bycj.cloudfront.net/product-image/file/large_bec2271f-0d4c-4345-a593-a5006b0fc007.png,"
FreshThymeMarket,"Frontier Co-op Saffron Threads, Hand Harvested",$19.89,,,0.04 oz,[],,"https://www.instacart.com/image-server/197x197/filters:fill(FFF,true):format(jpg)/d2lnr5mha7bycj.cloudfront.net/product-image/file/large_fd23ca0b-c725-4a1e-9894-1351a6570e42.png,"
FreshThymeMarket,Swerve Granular Sugar Replacement,$10.79,,,12 oz,"['Gluten-Free', 'Keto']",Many in stock,"https://www.instacart.com/image-server/197x197/filters:fill(FFF,true):format(jpg)/d2lnr5mha7bycj.cloudfront.net/product-image/file/large_414b430d-f4a0-45e4-8707-bc8551816b4e.jpg,"
FreshThymeMarket,Original price: $8.59,$7.59,,,16 fl oz,['Organic'],,"https://www.instacart.com/image-server/197x197/filters:fill(FFF,true):format(jpg)/d2lnr5mha7bycj.cloudfront.net/product-image/file/large_faf0c64d-aa2c-4667-a826-b4186a2196d0.png,"
FreshThymeMarket,"Swerve Confectioner Sugar, Ultimate Sugar Replacement",$10.79,,,12 oz,"['Gluten-Free', 'Keto']",,"https://www.instacart.com/image-server/197x197/filters:fill(FFF,true):format(jpg)/d2lnr5mha7bycj.cloudfront.net/product-image/file/large_6e7e0fa6-076c-4b0a-8d7b-bce334eae783.jpg,"
FreshThymeMarket,Jell-O Pistachio Instant Pudding & Pie Filling Mix,$1.99,,,3.4 oz,[],,"https://www.instacart.com/image-server/197x197/filters:fill(FFF,true):format(jpg)/d2lnr5mha7bycj.cloudfront.net/product-image/file/large_43700885-4f3c-44b6-9298-f611cdf4cff6.jpg,"
FreshThymeMarket,"Mike's Hot Honey Honey with a Kick, Sweetness & Heat, Gluten-Free & Paleo",$12.39,,,12 oz,[],,"https://www.instacart.com/image-server/197x197/filters:fill(FFF,true):format(jpg)/d2lnr5mha7bycj.cloudfront.net/product-image/file/large_f8714b70-b71a-4835-be66-73f77aee8ff2.jpg,"
FreshThymeMarket,Sweet Loren's Oatmeal Cranberry Cookie Dough,$6.99,,,12 x 12 oz,"['Vegan', 'Gluten-Free']",,"https://www.instacart.com/image-server/197x197/filters:fill(FFF,true):format(jpg)/d2lnr5mha7bycj.cloudfront.net/product-image/file/large_17e7ddd4-f75d-4b78-9304-37b2da26fe17.png,"
FreshThymeMarket,Kodiak Cakes Blueberry Muffin Mix,$9.69,,,14 oz,['Whole Grain'],,"https://www.instacart.com/image-server/197x197/filters:fill(FFF,true):format(jpg)/d2lnr5mha7bycj.cloudfront.net/product-image/file/large_dec9c65d-4dbd-44ab-9195-c7519079ce75.jpg,"
FreshThymeMarket,Frontier Co-op Bay Leaf,$7.59,,,0.15 oz,[],,"https://www.instacart.com/image-server/197x197/filters:fill(FFF,true):format(jpg)/d2lnr5mha7bycj.cloudfront.net/product-image/file/large_e1c0865c-6de0-42bd-b139-bad38952f93d.png,"
FreshThymeMarket,"Edward & Sons Bouillon Cubes, Not-Chick'n",$3.29,,,8 each,['Vegan'],,"https://www.instacart.com/image-server/197x197/filters:fill(FFF,true):format(jpg)/d2lnr5mha7bycj.cloudfront.net/product-image/file/large_35338f77-e3df-4f25-b46f-dbad73c53729.png,"
FreshThymeMarket,"Otto's Naturals Baking Powder, Grain-Free",$7.59,,,8 oz,['Gluten-Free'],Many in stock,"https://www.instacart.com/image-server/197x197/filters:fill(FFF,true):format(jpg)/d2lnr5mha7bycj.cloudfront.net/product-image/file/large_6db7030d-b241-4f9b-b138-7f8d4482e547.png,"
