Store,Item Name,Price,Units,Unit Price,Amount,Tags,In Stock,Image
Meijer,Penny Smart Large Eggs,$2.39,,,1 doz,[],Many in stock,"https://www.instacart.com/image-server/197x197/filters:fill(FFF,true):format(jpg)/d2lnr5mha7bycj.cloudfront.net/product-image/file/large_d1c04429-3713-4877-9d8a-68bba2804701.png,"
Meijer,Meijer Whole Milk,$2.99,,,1 gal,[],Many in stock,"https://www.instacart.com/image-server/197x197/filters:fill(FFF,true):format(jpg)/d2lnr5mha7bycj.cloudfront.net/product-image/file/large_8a013f9d-1c39-4cbd-95fe-e885e1b91594.png,"
Meijer,Original price: $7.51,$3.21,/pkg (est.),$2.99 / lb,About 1.08 lb / package,[],,"https://www.instacart.com/image-server/197x197/filters:fill(FFF,true):format(jpg)/d2lnr5mha7bycj.cloudfront.net/product-image/file/large_c7827785-a0a5-4345-b2b8-f324aa63d946.png,"
Meijer,Duracell Coppertop AA Alkaline Batteries,$23.99,,,24 ct,[],,"https://www.instacart.com/image-server/197x197/filters:fill(FFF,true):format(jpg)/d2lnr5mha7bycj.cloudfront.net/product-image/file/large_fe11c438-7f8c-4b48-b273-0ffb7e8537b7.png,"
Meijer,Planters Deluxe Mixed Nuts,$10.99,,,15.25 oz,[],,"https://www.instacart.com/image-server/197x197/filters:fill(FFF,true):format(jpg)/d2lnr5mha7bycj.cloudfront.net/product-image/file/large_4ce96d31-76d9-4359-b85a-6a8b8d6ad102.jpg,"
Meijer,Meijer Purified Drinking Water,$3.99,,,24 x 16.9 fl oz,[],,"https://www.instacart.com/image-server/197x197/filters:fill(FFF,true):format(jpg)/d2lnr5mha7bycj.cloudfront.net/product-image/file/large_c7f0273e-d4a2-44e4-ab08-b38c770e9c73.png,"
Meijer,Meijer White Enriched Split Top Bread,$1.99,,,22 oz,[],Many in stock,"https://www.instacart.com/image-server/197x197/filters:fill(FFF,true):format(jpg)/d2lnr5mha7bycj.cloudfront.net/product-image/file/large_6a9cb693-bfbb-4173-9675-fe250612868f.jpg,"
Meijer,Original price: $4.39,$3.89,,,12 x 3 oz,[],,"https://www.instacart.com/image-server/197x197/filters:fill(FFF,true):format(jpg)/d2lnr5mha7bycj.cloudfront.net/product-image/file/large_89927b0a-92c3-4bd0-9fb6-d687c98a36dc.png,"
Meijer,Stur Drinks Strawberry Watermelon Liquid Water Enhancer,$3.99,,,1.62 fl oz,"['Zero Calories', 'Zero Sugar']",,"https://www.instacart.com/image-server/197x197/filters:fill(FFF,true):format(jpg)/d2lnr5mha7bycj.cloudfront.net/product-image/file/large_07ea7561-c6a1-41dc-b4a7-395f16ab4c50.png,"
Meijer,"DUDE Wipes Flushable Wipes, Fragrance Free, Extra Large",$11.99,,,3 ct,[],,"https://www.instacart.com/image-server/197x197/filters:fill(FFF,true):format(jpg)/d2lnr5mha7bycj.cloudfront.net/product-image/file/large_395816ea-9708-481b-9abc-316dc965c42e.jpg,"
Meijer,Famer's Best International Green Bell Peppers,$0.99,,,1 each,[],Many in stock,"https://www.instacart.com/image-server/197x197/filters:fill(FFF,true):format(jpg)/d2lnr5mha7bycj.cloudfront.net/product-image/file/large_ca1ee103-c010-46be-bc21-04302ca0885c.jpg,"
Meijer,Meijer Salted Sweet Cream Butter,$4.59,,,16 oz,[],Many in stock,"https://www.instacart.com/image-server/197x197/filters:fill(FFF,true):format(jpg)/d2lnr5mha7bycj.cloudfront.net/product-image/file/large_4795fb56-52d9-425b-8cc5-c4dbe4cbb8db.png,"
Meijer,"Meijer Mexican 4 Cheese Monterey Jack, Cheddar, Queso Quesadilla & Asadero Finely Shredded Cheeses",$2.69,,,8 oz,['Keto'],,"https://www.instacart.com/image-server/197x197/filters:fill(FFF,true):format(jpg)/d2lnr5mha7bycj.cloudfront.net/product-image/file/large_07974cdf-5481-4af5-9f85-12ce85f2c11d.png,"
Meijer,"Glad Drawstring Bags, Tall Kitchen, Lavender Scent, 13 Gallon",$11.99,,,40 ct,[],,"https://www.instacart.com/image-server/197x197/filters:fill(FFF,true):format(jpg)/d2lnr5mha7bycj.cloudfront.net/product-image/file/large_87e4c57e-4951-43e4-a9fb-b658a4493067.jpg,"
Meijer,"Deep Indian Kitchen Chicken Tikka Masala, Medium Spice",$5.69,,,9 oz,['Gluten-Free'],,"https://www.instacart.com/image-server/197x197/filters:fill(FFF,true):format(jpg)/d2lnr5mha7bycj.cloudfront.net/product-image/file/large_852361f5-2b5f-4f0a-b207-ff6f00859fcc.jpg,"
Meijer,Smucker's Uncrustables Peanut Butter & Strawberry Jam Sandwich,$10.99,,,10 ct,[],,"https://www.instacart.com/image-server/197x197/filters:fill(FFF,true):format(jpg)/d2lnr5mha7bycj.cloudfront.net/product-image/file/large_46d25aa5-210a-4aec-a501-4f426928d5bf.jpg,"
Meijer,Meijer Cold Rotisserie Chicken,$7.99,,,30 oz,[],,"https://www.instacart.com/image-server/197x197/filters:fill(FFF,true):format(jpg)/d2lnr5mha7bycj.cloudfront.net/product-image/file/large_7def0c33-59e9-4120-a7f9-db2eddab8329.png,"
Meijer,Meijer White Hamburger Enriched Buns,$1.89,,,14 oz,[],,"https://www.instacart.com/image-server/197x197/filters:fill(FFF,true):format(jpg)/d2lnr5mha7bycj.cloudfront.net/product-image/file/large_47bafa2a-ec95-47ab-839b-f4c6afd26371.png,"
Meijer,Sargento Natural String Cheese Snacks,$5.99,,,12 ct,['Keto'],,"https://www.instacart.com/image-server/197x197/filters:fill(FFF,true):format(jpg)/d2lnr5mha7bycj.cloudfront.net/product-image/file/large_6d81b5eb-ad8f-4237-84bc-30271046ef30.jpg,"
Meijer,TYLENOL Extra Strength Caplets With 500 Mg Acetaminophen,$5.99,,,24 ct,['FSA/HSA'],,"https://www.instacart.com/image-server/197x197/filters:fill(FFF,true):format(jpg)/d2lnr5mha7bycj.cloudfront.net/product-image/file/large_e2a38868-8654-4be5-8883-a12c4c1a50ac.jpg,"
Meijer,Original price: $16.99,$12.99,,,6 ct,[],,"https://www.instacart.com/image-server/197x197/filters:fill(FFF,true):format(jpg)/d2lnr5mha7bycj.cloudfront.net/product-image/file/large_1e2ccb13-5c6e-403e-a019-083d6b860957.jpg,"
Meijer,Original price: $9.99,$8.59,,,12 ct,[],,"https://www.instacart.com/image-server/197x197/filters:fill(FFF,true):format(jpg)/d2lnr5mha7bycj.cloudfront.net/product-image/file/large_5b5da599-b3ba-4b38-9123-548e87450951.png,"
Meijer,Meijer Granulated Pure Sugar,$3.79,,,4 lb,['Gluten-Free'],Many in stock,"https://www.instacart.com/image-server/197x197/filters:fill(FFF,true):format(jpg)/d2lnr5mha7bycj.cloudfront.net/product-image/file/large_b34540fe-d5a7-4b80-bce3-640aee7f0e55.png,"
Meijer,"Freshpet Dog Food, Slice & Serve Roll, Tender Chicken Recipe",$4.59,,,1 lb,[],,"https://www.instacart.com/image-server/197x197/filters:fill(FFF,true):format(jpg)/d2lnr5mha7bycj.cloudfront.net/product-image/file/large_cbfa4e13-79fc-4628-995a-b328f8bb2212.jpg,"
Meijer,Original price: $2.99,$2.29,,,10 oz,[],,"https://www.instacart.com/image-server/197x197/filters:fill(FFF,true):format(jpg)/d2lnr5mha7bycj.cloudfront.net/product-image/file/large_825a7a18-a276-442f-8261-eb473153dac8.jpg,"
Meijer,Original price: $5.69,$4.59,,,16 oz,[],,"https://www.instacart.com/image-server/197x197/filters:fill(FFF,true):format(jpg)/d2lnr5mha7bycj.cloudfront.net/product-image/file/large_81a2c752-0659-4828-9990-3a44955988b1.png,"
Meijer,Cilantro,$1.13,,,1 ct,[],,"https://www.instacart.com/image-server/197x197/filters:fill(FFF,true):format(jpg)/d2lnr5mha7bycj.cloudfront.net/product-image/file/large_e12eb011-ea51-4b6d-af15-6a38aed42598.jpg,"
Meijer,Meijer Heavy Whipping Cream,$3.99,,,16 fl oz,[],,"https://www.instacart.com/image-server/197x197/filters:fill(FFF,true):format(jpg)/d2lnr5mha7bycj.cloudfront.net/product-image/file/large_3f6d2299-a032-4c5c-a51b-e1882d1ab001.png,"
Meijer,Original price: $5.49,$4.59,,,24 oz,[],,"https://www.instacart.com/image-server/197x197/filters:fill(FFF,true):format(jpg)/d2lnr5mha7bycj.cloudfront.net/product-image/file/large_98449925-ae5f-484b-be04-69840c0cffda.png,"
Meijer,Original price: $5.59,$4.99,,,5 x 7.25 oz,[],,"https://www.instacart.com/image-server/197x197/filters:fill(FFF,true):format(jpg)/d2lnr5mha7bycj.cloudfront.net/product-image/file/large_0ff5f882-2b45-4ee7-b2fe-fff20daa7276.jpg,"
Meijer,Smucker's Uncrustables Peanut Butter & Grape Jelly Sandwich,$10.99,,,10 ct,[],,"https://www.instacart.com/image-server/197x197/filters:fill(FFF,true):format(jpg)/d2lnr5mha7bycj.cloudfront.net/product-image/file/large_4c503846-f021-4170-bebe-8a7f3f5d6693.jpg,"
Meijer,Meijer Ice Bagged,$2.49,,,7 lb,[],Many in stock,"https://www.instacart.com/image-server/197x197/filters:fill(FFF,true):format(jpg)/d2lnr5mha7bycj.cloudfront.net/product-image/file/large_6ccd530a-d530-485d-9490-df17bc9e1b37.png,"
Meijer,Meijer Broccoli Florets,$1.69,,,12 oz,[],,"https://www.instacart.com/image-server/197x197/filters:fill(FFF,true):format(jpg)/d2lnr5mha7bycj.cloudfront.net/product-image/file/large_f9295aca-d7c1-4632-8c41-bc4b07f5cb78.jpg,"
Meijer,Original price: $2.29,$1.99,,,3.4 oz,[],,"https://www.instacart.com/image-server/197x197/filters:fill(FFF,true):format(jpg)/d2lnr5mha7bycj.cloudfront.net/product-image/file/large_0e584f31-59b9-4d82-a426-9f180398d4ad.jpg,"
Meijer,"Gatorade Frost Glacier Freeze Thirst Quencher, Sports Drink",$9.99,,,8 x 20 fl oz • 4 options,[],,"https://www.instacart.com/image-server/197x197/filters:fill(FFF,true):format(jpg)/d2lnr5mha7bycj.cloudfront.net/product-image/file/large_b6c32072-38df-4b1e-abba-ba5d279fb818.png,"
Meijer,Fresh Atlantic Salmon Portion,$9.99,,,12 oz,[],,"https://www.instacart.com/image-server/197x197/filters:fill(FFF,true):format(jpg)/d2lnr5mha7bycj.cloudfront.net/product-image/file/large_6b732e08-b2d5-48ea-8872-8293bcb5bafc.png,"
Meijer,Meijer Apple Juice,$2.49,,,64 fl oz,[],,"https://www.instacart.com/image-server/197x197/filters:fill(FFF,true):format(jpg)/d2lnr5mha7bycj.cloudfront.net/product-image/file/large_b0b4968b-ffd0-496c-99ce-749eadc1b93b.jpg,"
Meijer,Hidden Valley Original Ranch Salad Dressing & Topping,$5.99,,,24 fl oz,[],,"https://www.instacart.com/image-server/197x197/filters:fill(FFF,true):format(jpg)/d2lnr5mha7bycj.cloudfront.net/product-image/file/large_5cd46196-b436-4906-8ffe-5b65e0b37e3a.jpg,"
Meijer,Joyba Strawberry Lemonade Green Bubble Tea,$10.99,,,48 fl oz,[],,"https://www.instacart.com/image-server/197x197/filters:fill(FFF,true):format(jpg)/d2lnr5mha7bycj.cloudfront.net/product-image/file/large_f60577b4-6a87-425e-bdbc-a2657c7a141a.jpg,"
Meijer,Jif Peanut Butter Spreads,$3.79,,,16 oz,[],,"https://www.instacart.com/image-server/197x197/filters:fill(FFF,true):format(jpg)/d2lnr5mha7bycj.cloudfront.net/product-image/file/large_29f82a9a-4787-4ff5-b9f8-d574ada532c2.jpg,"
Meijer,Meijer Golden Sweet Whole Corn Kernels,$0.79,,,15 oz,[],,"https://www.instacart.com/image-server/197x197/filters:fill(FFF,true):format(jpg)/d2lnr5mha7bycj.cloudfront.net/product-image/file/large_cfe8e61f-a43d-42f4-bfba-268f4a23bc2f.jpg,"
Meijer,Seedless Watermelon,$4.99,,,,[],Likely out of stock,"https://www.instacart.com/image-server/197x197/filters:fill(FFF,true):format(jpg)/d2lnr5mha7bycj.cloudfront.net/product-image/file/large_b053197e-3d40-4b9f-ae7f-02c510f980ea.jpg,"
Meijer,"Milo's Sweet Tea, Famous",$3.99,,,1 gal,[],,"https://www.instacart.com/image-server/197x197/filters:fill(FFF,true):format(jpg)/d2lnr5mha7bycj.cloudfront.net/product-image/file/large_d2835484-f60f-438c-8f00-f751a771d6e1.png,"
Meijer,El Monterey Beef & Bean Burrito,$5.99,,,2 lb,[],,"https://www.instacart.com/image-server/197x197/filters:fill(FFF,true):format(jpg)/d2lnr5mha7bycj.cloudfront.net/product-image/file/large_efafbb90-d1aa-4e79-9a79-9a1f56311321.png,"
Meijer,Applegate Naturals Chicken & Maple Breakfast Sausage Links 7oz,$6.59,,,7 oz,['Gluten-Free'],,"https://www.instacart.com/image-server/197x197/filters:fill(FFF,true):format(jpg)/d2lnr5mha7bycj.cloudfront.net/product-image/file/large_1c8b68bc-8f03-41a9-a3c5-47d6e6f285d1.jpg,"
Meijer,Meijer Half & Half,$3.59,,,32 fl oz,[],,"https://www.instacart.com/image-server/197x197/filters:fill(FFF,true):format(jpg)/d2lnr5mha7bycj.cloudfront.net/product-image/file/large_5ec75abb-9a4e-4ba6-93ce-0935623f923e.png,"
Meijer,Original price: $19.67,$15.84,/pkg (est.),$2.89 / lb,About 5.48 lb / package,['Breast'],,"https://www.instacart.com/image-server/197x197/filters:fill(FFF,true):format(jpg)/d2lnr5mha7bycj.cloudfront.net/product-image/file/large_64746a7f-8a0c-42fd-bc08-7b924fa87272.png,"
Meijer,"Dean's Dip, French Onion",$2.89,,,16 oz,[],,"https://www.instacart.com/image-server/197x197/filters:fill(FFF,true):format(jpg)/d2lnr5mha7bycj.cloudfront.net/product-image/file/large_0fed9417-5d53-4f3f-8fa1-fffef3004dd7.png,"
Meijer,Original price: $4.19,$3.99,,,12 x 12 oz,[],,"https://www.instacart.com/image-server/197x197/filters:fill(FFF,true):format(jpg)/d2lnr5mha7bycj.cloudfront.net/product-image/file/large_59b4b792-ff55-4e17-82a3-afc71a9ace4c.jpg,"
Meijer,Original price: $3.99,$3.49,,,20 oz,[],,"https://www.instacart.com/image-server/197x197/filters:fill(FFF,true):format(jpg)/d2lnr5mha7bycj.cloudfront.net/product-image/file/large_35d9ca3f-a693-4bf8-bde3-762230139262.jpg,"
Meijer,Original price: $5.59,$4.99,,,16 oz,[],,"https://www.instacart.com/image-server/197x197/filters:fill(FFF,true):format(jpg)/d2lnr5mha7bycj.cloudfront.net/product-image/file/large_2f2f5946-f4d7-43e7-b780-f314346dac18.png,"
Meijer,"Gain Liquid Laundry Detergent, Original Scent",$6.59,,,46 fl oz,['Original'],,"https://www.instacart.com/image-server/197x197/filters:fill(FFF,true):format(jpg)/d2lnr5mha7bycj.cloudfront.net/product-image/file/large_d7b022f0-729b-4c8b-9463-3586a9ab34a0.jpg,"
Meijer,Colgate Extra Clean Medium Toothbrushes Pack with Tongue Cleaner,$3.59,,,4 each,[],,"https://www.instacart.com/image-server/197x197/filters:fill(FFF,true):format(jpg)/d2lnr5mha7bycj.cloudfront.net/product-image/file/large_aa121c17-3d7c-4cd3-bd93-72f6a48963fb.jpeg,"
Meijer,El Monterey Beef Bean & Cheese Chimichangas,$5.99,,,8 each,[],,"https://www.instacart.com/image-server/197x197/filters:fill(FFF,true):format(jpg)/d2lnr5mha7bycj.cloudfront.net/product-image/file/large_7644fddc-56c8-42cb-b7bc-7d42a5ca5c60.png,"
Meijer,Original price: $4.79,$3.99,,,8.5 fl oz,[],,"https://www.instacart.com/image-server/197x197/filters:fill(FFF,true):format(jpg)/d2lnr5mha7bycj.cloudfront.net/product-image/file/large_91adb4ea-a06e-413e-9efb-ae0ceba9c031.jpg,"
Meijer,Original price: $3.69,$3.49,,,20 oz,[],Many in stock,"https://www.instacart.com/image-server/197x197/filters:fill(FFF,true):format(jpg)/d2lnr5mha7bycj.cloudfront.net/product-image/file/large_12581682-451f-4d0f-acc1-052d243a8f4b.png,"
Meijer,Original price: $3.99,$3.49,,,8 x 1.51 oz,[],,"https://www.instacart.com/image-server/197x197/filters:fill(FFF,true):format(jpg)/d2lnr5mha7bycj.cloudfront.net/product-image/file/large_5f067dd1-f45d-412b-b6ce-8fc1785b3002.jpg,"
Meijer,Thomas’ Plain Bagels,$4.99,,,6 ct,[],Many in stock,"https://www.instacart.com/image-server/197x197/filters:fill(FFF,true):format(jpg)/d2lnr5mha7bycj.cloudfront.net/product-image/file/large_7d12c140-d0bf-45da-b0b5-cabef45144c3.png,"
Meijer,Original price: $4.19,$3.99,,,23 fl oz,[],,"https://www.instacart.com/image-server/197x197/filters:fill(FFF,true):format(jpg)/d2lnr5mha7bycj.cloudfront.net/product-image/file/large_84e737c5-27a5-4f64-93ff-a1a859f1380a.jpg,"
Meijer,"bubly Sparkling Water, Lime - Pack",$4.99,,,8 x 12 fl oz,"['Zero Calories', 'Zero Sugar']",Many in stock,"https://www.instacart.com/image-server/197x197/filters:fill(FFF,true):format(jpg)/d2lnr5mha7bycj.cloudfront.net/product-image/file/large_47e67376-81e7-4073-81cf-b8912bffb590.jpg,"
Meijer,Bibigo Steamed Dumplings Chicken and Vegetable,$3.99,,,6.6 oz,[],,"https://www.instacart.com/image-server/197x197/filters:fill(FFF,true):format(jpg)/d2lnr5mha7bycj.cloudfront.net/product-image/file/large_5211e839-2e47-4de3-80cb-5b0a74fded23.jpg,"
Meijer,Ore-Ida Mini Tater Tots Seasoned Shredded Potatoes Frozen Food Snacks,$5.99,,,28 oz,['Gluten-Free'],,"https://www.instacart.com/image-server/197x197/filters:fill(FFF,true):format(jpg)/d2lnr5mha7bycj.cloudfront.net/product-image/file/large_8f29fad4-e31b-4951-9a8a-a00b34d2f8dc.jpg,"
Meijer,Planet Oat Caramel Coffee Creamer,$4.99,,,32 oz,[],,"https://www.instacart.com/image-server/197x197/filters:fill(FFF,true):format(jpg)/d2lnr5mha7bycj.cloudfront.net/product-image/file/large_2b9a94c7-de82-4295-aebd-40ad828bc5d2.png,"
Meijer,"Lysol Toilet Bowl Cleaner Gel, For Cleaning and Disinfecting, Stain Removal",$5.99,,,2 x 24 fl oz,[],,"https://www.instacart.com/image-server/197x197/filters:fill(FFF,true):format(jpg)/d2lnr5mha7bycj.cloudfront.net/product-image/file/large_e5cf3254-5640-4eea-b438-9f91b5c9b745.png,"
Meijer,Fritos Jalapeno & Cheddar Flavored Cheese Dip,$3.99,,,9 oz,[],,"https://www.instacart.com/image-server/197x197/filters:fill(FFF,true):format(jpg)/d2lnr5mha7bycj.cloudfront.net/product-image/file/large_731439cb-ac99-4169-8b2d-605fc8f650b2.png,"
Meijer,"Reynolds Slow Cooker Liner, Fits 3-8 Quarts, Regular Size",$3.49,,,4 ct,[],Many in stock,"https://www.instacart.com/image-server/197x197/filters:fill(FFF,true):format(jpg)/d2lnr5mha7bycj.cloudfront.net/product-image/file/large_18082800-60cd-4415-9027-28f8f972ba32.png,"
Meijer,"Mountain Dew Soda, Citrus",$15.99,,,24 x 12 fl oz • 5 options,[],Many in stock,"https://www.instacart.com/image-server/197x197/filters:fill(FFF,true):format(jpg)/d2lnr5mha7bycj.cloudfront.net/product-image/file/large_e801eac9-4a03-4670-aac1-714c28094c58.png,"
Meijer,"Pedialyte Electrolyte Solution, Strawberry",$6.59,,,33.8 fl oz,['FSA/HSA'],,"https://www.instacart.com/image-server/197x197/filters:fill(FFF,true):format(jpg)/d2lnr5mha7bycj.cloudfront.net/product-image/file/large_fab37da8-1201-49f6-94a2-f7a7617c4361.jpg,"
Meijer,Pedialyte Electrolyte Solution Pops Variety Pack Pops,$5.99,,,16 x 2.1 fl oz,['FSA/HSA'],,"https://www.instacart.com/image-server/197x197/filters:fill(FFF,true):format(jpg)/d2lnr5mha7bycj.cloudfront.net/product-image/file/large_0ac31dcf-07d5-4acf-80a4-52024487b772.jpg,"
Meijer,Dry Blueberries,$4.99,,,1 pt,[],Many in stock,"https://www.instacart.com/image-server/197x197/filters:fill(FFF,true):format(jpg)/d2lnr5mha7bycj.cloudfront.net/product-image/file/large_53205557-58fb-4c53-ba70-1419d9ddc0e5.jpg,"
Meijer,Sun Pacific Extra Large Lemons,$0.79,,,,[],Many in stock,"https://www.instacart.com/image-server/197x197/filters:fill(FFF,true):format(jpg)/d2lnr5mha7bycj.cloudfront.net/product-image/file/large_01376719-a4b3-41df-a4b7-4ba5f64d5638.jpg,"
Meijer,Avocado,$0.99,,,1 each,[],,"https://www.instacart.com/image-server/197x197/filters:fill(FFF,true):format(jpg)/d2lnr5mha7bycj.cloudfront.net/product-image/file/large_5dd0b2b1-1ff8-4494-a182-8566f24203c2.jpg,"
Meijer,Opal Apples,$4.79,,,2 lb,[],,"https://www.instacart.com/image-server/197x197/filters:fill(FFF,true):format(jpg)/d2lnr5mha7bycj.cloudfront.net/product-image/file/large_f7d0e5e4-3d43-4dcb-be79-46f65c0ecefe.jpg,"
Meijer,Nature Made Raspberries,$3.99,,,8 oz,[],Many in stock,"https://www.instacart.com/image-server/197x197/filters:fill(FFF,true):format(jpg)/d2lnr5mha7bycj.cloudfront.net/product-image/file/large_60108126-2c6f-41c0-a30b-0469e55d13b7.jpg,"
Meijer,"Grapes, Table, Green Seedless",$7.50,/pkg (est.),$3.49 / lb,About 2.15 lb / package,[],,"https://www.instacart.com/image-server/197x197/filters:fill(FFF,true):format(jpg)/d2lnr5mha7bycj.cloudfront.net/product-image/file/large_3f200a5c-1ff8-4326-b1b3-569740fa8f41.jpg,"
Meijer,Red Grapes,$7.82,/pkg (est.),$3.49 / lb,About 2.24 lb / package,[],,"https://www.instacart.com/image-server/197x197/filters:fill(FFF,true):format(jpg)/d2lnr5mha7bycj.cloudfront.net/product-image/file/large_7d7cdc48-27aa-4eaf-b295-c0195cf74763.jpg,"
Meijer,Sumo Citrus Mandarins,$6.99,,,32 oz,[],,"https://www.instacart.com/image-server/197x197/filters:fill(FFF,true):format(jpg)/d2lnr5mha7bycj.cloudfront.net/product-image/file/large_4da2f39b-a76e-4c3f-a1ef-31cc15ce8091.jpg,"
Meijer,Seedless Watermelon,$7.99,,,,[],,"https://www.instacart.com/image-server/197x197/filters:fill(FFF,true):format(jpg)/d2lnr5mha7bycj.cloudfront.net/product-image/file/large_65624152-6144-4473-a4b7-f3d8bd89a1de.jpg,"
Meijer,Original price: $1.26,$1.16,each (est.),$2.29 / lb,About 0.51 lb each,[],,"https://www.instacart.com/image-server/197x197/filters:fill(FFF,true):format(jpg)/d2lnr5mha7bycj.cloudfront.net/product-image/file/large_721c9dfc-728c-4a3a-818e-37cadaed47f6.jpg,"
Meijer,Wonderful Citrus Packing Large Limes,$0.56,,,1 each,[],Many in stock,"https://www.instacart.com/image-server/197x197/filters:fill(FFF,true):format(jpg)/d2lnr5mha7bycj.cloudfront.net/product-image/file/large_70bc2daa-f15f-4862-b69e-9931c67c9a65.jpg,"
Meijer,Organic Blackberries,$3.59,,,6 oz,"['Organic', 'Non-GMO']",,"https://www.instacart.com/image-server/197x197/filters:fill(FFF,true):format(jpg)/d2lnr5mha7bycj.cloudfront.net/product-image/file/large_f4814b74-3625-43ca-b616-730b562f5397.jpg,"
Meijer,Beachside Fraises Strawberries,$3.79,,,16 oz container,[],Likely out of stock,"https://www.instacart.com/image-server/197x197/filters:fill(FFF,true):format(jpg)/d2lnr5mha7bycj.cloudfront.net/product-image/file/large_7053758e-65cf-4a22-ab52-31940c0e1fef.jpg,"
Meijer,Original price: $3.69,$3.49,,,"Original price: $3.69
$3.69",[],Many in stock,"https://www.instacart.com/image-server/197x197/filters:fill(FFF,true):format(jpg)/d2lnr5mha7bycj.cloudfront.net/product-image/file/large_533d223c-1f81-49bd-ada0-eba3dc81f289.jpg,"
Meijer,Peach,$1.42,each (est.),$2.99 / lb,About 0.48 lb each,[],,"https://www.instacart.com/image-server/197x197/filters:fill(FFF,true):format(jpg)/d2lnr5mha7bycj.cloudfront.net/product-image/file/large_699bcfb9-13fd-4fe7-94f5-080f1cf469a7.png,"
Meijer,Meijer Watermelon Chunks,$3.79,,,10 oz,[],,"https://www.instacart.com/image-server/197x197/filters:fill(FFF,true):format(jpg)/d2lnr5mha7bycj.cloudfront.net/product-image/file/large_c41ff166-082d-498c-940e-859fe9700b2e.jpg,"
Meijer,Original price: $2.89,$2.29,,,1.62 fl oz,[],,"https://www.instacart.com/image-server/197x197/filters:fill(FFF,true):format(jpg)/d2lnr5mha7bycj.cloudfront.net/product-image/file/large_962d49ce-6654-44be-85d4-67e3b8fb2a18.png,"
Meijer,Original price: $1.24,$1.14,,,per lb,[],Many in stock,"https://www.instacart.com/image-server/197x197/filters:fill(FFF,true):format(jpg)/d2lnr5mha7bycj.cloudfront.net/product-image/file/large_a40261e0-fcce-4cf8-bbb2-7940bf97e0c2.jpg,"
Meijer,Blueberries,$7.99,,,1 Container,[],Many in stock,"https://www.instacart.com/image-server/197x197/filters:fill(FFF,true):format(jpg)/d2lnr5mha7bycj.cloudfront.net/product-image/file/large_d8cb81ec-5f48-4586-ab34-9aa0db9ea6ad.png,"
Meijer,Black Skin Red Flesh Plums,$0.81,each (est.),$3.49 / lb,About 0.23 lb each,[],,"https://www.instacart.com/image-server/197x197/filters:fill(FFF,true):format(jpg)/d2lnr5mha7bycj.cloudfront.net/product-image/file/large_9c693ec0-e29d-4c79-a083-d8b733e98fd3.png,"
Meijer,Chiquita Bananas,$0.23,each (est.),$0.56 / lb,About 0.4 lb each,[],,"https://www.instacart.com/image-server/197x197/filters:fill(FFF,true):format(jpg)/d2lnr5mha7bycj.cloudfront.net/product-image/file/large_cfd5474b-b4d9-4293-a402-1726863ee108.jpg,"
Meijer,Original price: $6.79,$5.69,,,"Original price: $6.79
$6.79",[],,"https://www.instacart.com/image-server/197x197/filters:fill(FFF,true):format(jpg)/d2lnr5mha7bycj.cloudfront.net/product-image/file/large_8881142c-e49d-4a9d-98e4-9a0efab9a989.jpg,"
Meijer,Sun Candy Organic Lemon,$6.59,,,2 lb,"['Organic', 'Non-GMO']",,"https://www.instacart.com/image-server/197x197/filters:fill(FFF,true):format(jpg)/d2lnr5mha7bycj.cloudfront.net/product-image/file/large_7b91f22e-24da-409f-89b3-59dfeda488e6.jpg,"
Meijer,Blueberries,$6.99,,,1.1 lb,[],,"https://www.instacart.com/image-server/197x197/filters:fill(FFF,true):format(jpg)/d2lnr5mha7bycj.cloudfront.net/product-image/file/large_324a7c04-8232-479f-9ab0-dc4200b871f3.jpg,"
Meijer,MANGOS LARGE,$2.29,,,,[],,"https://www.instacart.com/image-server/197x197/filters:fill(FFF,true):format(jpg)/d2lnr5mha7bycj.cloudfront.net/product-image/file/large_3e26ce5f-e276-4f26-839a-0967d94b130a.jpg,"
Meijer,Original price: $5.59,$4.59,,,1 each,['Organic'],,"https://www.instacart.com/image-server/197x197/filters:fill(FFF,true):format(jpg)/d2lnr5mha7bycj.cloudfront.net/product-image/file/large_c32f0fb6-d78a-4036-b1bd-eb08098a563c.jpg,"
Meijer,PEARS-BARTLETT,$0.98,each (est.),$1.99 / lb,About 0.49 lb each,[],,"https://www.instacart.com/image-server/197x197/filters:fill(FFF,true):format(jpg)/d2lnr5mha7bycj.cloudfront.net/product-image/file/large_6b3341b2-f220-41ec-a37f-ad71e4e0b40e.png,"
Meijer,"Meijer Fresh Fruit Palooza With Cantaloupe, Watermelon, Pineapple, Strawberries And Blueberries",$12.59,,,28 oz,[],,"https://www.instacart.com/image-server/197x197/filters:fill(FFF,true):format(jpg)/d2lnr5mha7bycj.cloudfront.net/product-image/file/large_50412395-8453-4511-91a9-ca151140fd88.jpg,"
Meijer,"Chiquita Organic, Bananas, 5-8ct",$2.06,each (est.),$0.89 / lb,About 2.31 lb each,['Non-GMO'],,"https://www.instacart.com/image-server/197x197/filters:fill(FFF,true):format(jpg)/d2lnr5mha7bycj.cloudfront.net/product-image/file/large_7c91386c-eeab-4b7b-880c-35ccf091451c.jpg,"
Meijer,Original price: $1.74,$1.60,each (est.),$2.29 / lb,About 0.7 lb each,[],,"https://www.instacart.com/image-server/197x197/filters:fill(FFF,true):format(jpg)/d2lnr5mha7bycj.cloudfront.net/product-image/file/large_bf7fcec5-c4d8-4f13-ba45-3481a3254314.jpg,"
Meijer,Original price: $5.69,$4.59,,,3 lb,[],Many in stock,"https://www.instacart.com/image-server/197x197/filters:fill(FFF,true):format(jpg)/d2lnr5mha7bycj.cloudfront.net/product-image/file/large_262688d8-d85f-4c3a-8245-49c2ccbfcbbf.jpg,"
Meijer,Original price: $4.99,$4.59,,,3 lb bag,[],Many in stock,"https://www.instacart.com/image-server/197x197/filters:fill(FFF,true):format(jpg)/d2lnr5mha7bycj.cloudfront.net/product-image/file/large_75aca807-df33-494c-9ee9-b3d9bf3b0546.jpg,"
Meijer,Original price: $9.18,$6.98,each (est.),$3.49 / lb,About 2.0 lb each,[],,"https://www.instacart.com/image-server/197x197/filters:fill(FFF,true):format(jpg)/d2lnr5mha7bycj.cloudfront.net/product-image/file/large_9ac64f06-41ad-4f5e-adc6-e9bf2479ff65.jpg,"
Meijer,Washington Fruit & Produce Co. Large Granny Smith Apples,$0.90,each (est.),$1.81 / lb,About 0.5 lb each,[],,"https://www.instacart.com/image-server/197x197/filters:fill(FFF,true):format(jpg)/d2lnr5mha7bycj.cloudfront.net/product-image/file/large_edebc855-d97a-45bf-a2dd-5e905b911dd9.jpg,"
Meijer,Original price: $5.69,$4.59,,,4 lb,[],,"https://www.instacart.com/image-server/197x197/filters:fill(FFF,true):format(jpg)/d2lnr5mha7bycj.cloudfront.net/product-image/file/large_8beccb0e-8f60-456f-8aba-306046f8c466.jpg,"
Meijer,Original price: $0.62,$0.57,each (est.),$2.29 / lb,About 0.25 lb each,[],,"https://www.instacart.com/image-server/197x197/filters:fill(FFF,true):format(jpg)/d2lnr5mha7bycj.cloudfront.net/product-image/file/large_7c576576-29d3-4c7e-86ba-368433209ef6.jpg,"
Meijer,Pineapple,$2.89,,,,[],Many in stock,"https://www.instacart.com/image-server/197x197/filters:fill(FFF,true):format(jpg)/d2lnr5mha7bycj.cloudfront.net/product-image/file/large_ed5770e7-477c-45d0-893b-d0bbde10e32a.jpg,"
Meijer,Original price: $1.35,$1.24,each (est.),$2.29 / lb,About 0.54 lb each,[],,"https://www.instacart.com/image-server/197x197/filters:fill(FFF,true):format(jpg)/d2lnr5mha7bycj.cloudfront.net/product-image/file/large_8a89473d-99d2-43c8-830a-75fc1aafd052.jpg,"
Meijer,Original price: $5.99,$5.69,,,453 g,[],,"https://www.instacart.com/image-server/197x197/filters:fill(FFF,true):format(jpg)/d2lnr5mha7bycj.cloudfront.net/product-image/file/large_7735c8c3-3f43-4cb3-95b3-77eb566321b6.jpg,"
Meijer,Welch's Red Seedless Grapes,$8.99,,,3 lb,[],,"https://www.instacart.com/image-server/197x197/filters:fill(FFF,true):format(jpg)/d2lnr5mha7bycj.cloudfront.net/product-image/file/large_8ddb7d8a-0722-4480-83b4-92914a2f7426.jpg,"
Meijer,Cucumbers,$0.99,,,1 each,[],Many in stock,"https://www.instacart.com/image-server/197x197/filters:fill(FFF,true):format(jpg)/d2lnr5mha7bycj.cloudfront.net/product-image/file/large_eb252b18-08e6-413a-94aa-aa91b0ef90de.jpg,"
Meijer,Original price: $1.59,$1.13,,,16 oz,[],,"https://www.instacart.com/image-server/197x197/filters:fill(FFF,true):format(jpg)/d2lnr5mha7bycj.cloudfront.net/product-image/file/large_5e4d3e2d-4e30-4c9c-a24f-5360726d4355.png,"
Meijer,Original price: $7.99,$6.99,,,3 lb,[],,"https://www.instacart.com/image-server/197x197/filters:fill(FFF,true):format(jpg)/d2lnr5mha7bycj.cloudfront.net/product-image/file/large_6608d878-060d-45e3-adda-91836de8da46.png,"
Meijer,Red Onion,$1.22,each (est.),$1.59 / lb,About 0.77 lb each,[],,"https://www.instacart.com/image-server/197x197/filters:fill(FFF,true):format(jpg)/d2lnr5mha7bycj.cloudfront.net/product-image/file/large_65d6323a-0f2c-48fe-afa8-af218b66dad6.png,"
Meijer,Original price: $1.89,$1.42,,,1 each,[],Many in stock,"https://www.instacart.com/image-server/197x197/filters:fill(FFF,true):format(jpg)/d2lnr5mha7bycj.cloudfront.net/product-image/file/large_e6790035-f2ab-4b86-81ca-96be265ffb40.jpg,"
Meijer,"Dole Iceberg Lettuce, Shredded",$2.29,,,8 oz Package,[],,"https://www.instacart.com/image-server/197x197/filters:fill(FFF,true):format(jpg)/d2lnr5mha7bycj.cloudfront.net/product-image/file/large_5d506260-ca6a-4730-b8da-b7c7540d736c.jpg,"
Meijer,Fresh Scallions,$1.13,,,1 each,[],,"https://www.instacart.com/image-server/197x197/filters:fill(FFF,true):format(jpg)/d2lnr5mha7bycj.cloudfront.net/product-image/file/large_ffe4df99-5490-4763-9e94-a18a4859895c.jpg,"
Meijer,Original price: $1.69,$1.49,,,"Original price: $1.69
$1.69",[],,"https://www.instacart.com/image-server/197x197/filters:fill(FFF,true):format(jpg)/d2lnr5mha7bycj.cloudfront.net/product-image/file/large_245c1bba-3e02-4b57-b598-e895322dd427.jpg,"
Meijer,The Little Potato Company Fresh Potatoes Little Red,$7.99,,,3 lb,[],Many in stock,"https://www.instacart.com/image-server/197x197/filters:fill(FFF,true):format(jpg)/d2lnr5mha7bycj.cloudfront.net/product-image/file/large_4365a540-dbaf-4cea-9705-24fd658184e3.png,"
Meijer,Hot House Hydroponic Beefsteak Tomatoes,$1.73,each (est.),$2.99 / lb,About 0.58 lb each,[],,"https://www.instacart.com/image-server/197x197/filters:fill(FFF,true):format(jpg)/d2lnr5mha7bycj.cloudfront.net/product-image/file/large_0a2ed503-6e3b-4f71-b3d7-1257efc9e377.jpg,"
Meijer,Sunset Bell Peppers,$4.59,,,9 oz,[],,"https://www.instacart.com/image-server/197x197/filters:fill(FFF,true):format(jpg)/d2lnr5mha7bycj.cloudfront.net/product-image/file/large_20f02a9a-9faa-4cdf-be1d-c1b379f5572e.png,"
Meijer,Original price: $2.69,$2.29,,,8 oz,['Non-GMO'],,"https://www.instacart.com/image-server/197x197/filters:fill(FFF,true):format(jpg)/d2lnr5mha7bycj.cloudfront.net/product-image/file/large_1f02fa6a-ea70-435a-9d53-002c9db96d14.jpg,"
Meijer,"The Little Potato Company Potatoes, Fresh Creamer, Boomer Gold",$4.99,,,1.5 lb,[],,"https://www.instacart.com/image-server/197x197/filters:fill(FFF,true):format(jpg)/d2lnr5mha7bycj.cloudfront.net/product-image/file/large_98709ed9-aa14-4190-8efd-f85038977b0a.png,"
Meijer,Zucchini Squash,$1.34,each (est.),$2.49 / lb,About 0.54 lb each,[],,"https://www.instacart.com/image-server/197x197/filters:fill(FFF,true):format(jpg)/d2lnr5mha7bycj.cloudfront.net/product-image/file/large_3654d916-804c-44ec-bd2d-fd016437030c.jpg,"
Meijer,Original price: $5.07,$1.92,each (est.),$1.13 / lb,About 1.7 lb each,[],,"https://www.instacart.com/image-server/197x197/filters:fill(FFF,true):format(jpg)/d2lnr5mha7bycj.cloudfront.net/product-image/file/large_85e6c5af-b78d-45ca-b123-30573480c3ff.jpg,"
Meijer,Dole Hearts of Romaine,$3.79,,,9 oz bag,[],Many in stock,"https://www.instacart.com/image-server/197x197/filters:fill(FFF,true):format(jpg)/d2lnr5mha7bycj.cloudfront.net/product-image/file/large_ddc4eac7-7667-47d8-9504-49dec73643cb.jpg,"
Meijer,"The Little Potato Company Potatoes, Fresh Creamer, Dynamic Duo",$4.99,,,1.5 lb,[],,"https://www.instacart.com/image-server/197x197/filters:fill(FFF,true):format(jpg)/d2lnr5mha7bycj.cloudfront.net/product-image/file/large_c2dbf7ec-97bc-4da1-8524-4b1ba2fb9384.png,"
Meijer,Garcia Farms Produce Yams,$0.95,each (est.),$1.13 / lb,About 0.84 lb each,[],,"https://www.instacart.com/image-server/197x197/filters:fill(FFF,true):format(jpg)/d2lnr5mha7bycj.cloudfront.net/product-image/file/large_f2dbf9ef-72c0-4afa-8c48-7d9177006ef2.jpg,"
Meijer,Church Brothers Farms Cauliflower,$3.69,,,1 each,[],Many in stock,"https://www.instacart.com/image-server/197x197/filters:fill(FFF,true):format(jpg)/d2lnr5mha7bycj.cloudfront.net/product-image/file/large_929fa4d8-b815-4ef0-89b3-9e0eff9dfbce.jpg,"
Meijer,Prime Time Sweet Mini Peppers,$3.99,,,454 g,[],Many in stock,"https://www.instacart.com/image-server/197x197/filters:fill(FFF,true):format(jpg)/d2lnr5mha7bycj.cloudfront.net/product-image/file/large_e4b6ffa9-7aa5-418d-98ff-27907e529063.jpg,"
Meijer,Rä Wild About Sprouts Clover & Alfalfa,$3.99,,,3 oz container,[],,"https://www.instacart.com/image-server/197x197/filters:fill(FFF,true):format(jpg)/d2lnr5mha7bycj.cloudfront.net/product-image/file/large_1d29a87b-fe46-48eb-9cfe-acbe76544af0.png,"
Meijer,Dole Salad Baby Spinach,$3.29,,,6 oz bag,['In season'],Many in stock,"https://www.instacart.com/image-server/197x197/filters:fill(FFF,true):format(jpg)/d2lnr5mha7bycj.cloudfront.net/product-image/file/large_d7c4cb81-e8cf-478d-9881-816dded84aa6.jpg,"
Meijer,Bagged Brussel Sprouts,$3.79,,,16 oz,[],,"https://www.instacart.com/image-server/197x197/filters:fill(FFF,true):format(jpg)/d2lnr5mha7bycj.cloudfront.net/product-image/file/large_e069f016-8bba-4897-a13f-a6cf71ee670f.jpg,"
Meijer,True Goodness by Meijer White Organic Sliced Mushrooms,$3.79,,,8 oz,"['In season', 'Organic']",,"https://www.instacart.com/image-server/197x197/filters:fill(FFF,true):format(jpg)/d2lnr5mha7bycj.cloudfront.net/product-image/file/large_fdcdf957-f2f1-4ba5-8dc8-efe8e32483c6.jpg,"
Meijer,"The Little Potato Company Potatoes, Fresh Creamer, Blushing Belle",$4.99,,,1.5 lb,[],Many in stock,"https://www.instacart.com/image-server/197x197/filters:fill(FFF,true):format(jpg)/d2lnr5mha7bycj.cloudfront.net/product-image/file/large_28b689ca-0255-452e-a295-f3318b7bbf7d.png,"
Meijer,Original price: $2.49,$2.29,,,8 oz,['In season'],,"https://www.instacart.com/image-server/197x197/filters:fill(FFF,true):format(jpg)/d2lnr5mha7bycj.cloudfront.net/product-image/file/large_b1660ff5-320f-4af1-99e4-bce027d27ac7.jpg,"
Meijer,Carrot,$0.75,each (est.),$1.24 / lb,About 0.6 lb each,['Non-GMO'],,"https://www.instacart.com/image-server/197x197/filters:fill(FFF,true):format(jpg)/d2lnr5mha7bycj.cloudfront.net/product-image/file/large_33db9851-ed61-4080-ab6f-66e5340e271b.jpg,"
Meijer,Original price: $3.99,$3.49,,,5 oz container,['Organic'],,"https://www.instacart.com/image-server/197x197/filters:fill(FFF,true):format(jpg)/d2lnr5mha7bycj.cloudfront.net/product-image/file/large_da755cc3-a4ae-49b5-8440-4b73b7f552c5.jpg,"
Meijer,"The Little Potato Company Fresh Creamer Potatoes with Seasoning Pack, Garlic Herb",$5.69,,,1 lb,[],Many in stock,"https://www.instacart.com/image-server/197x197/filters:fill(FFF,true):format(jpg)/d2lnr5mha7bycj.cloudfront.net/product-image/file/large_24a3d74b-94ce-454b-958f-11d42e5db0fb.png,"
Meijer,Original price: $1.79,$1.49,each (est.),$1.49 / lb,About 1.0 lb each,[],,"https://www.instacart.com/image-server/197x197/filters:fill(FFF,true):format(jpg)/d2lnr5mha7bycj.cloudfront.net/product-image/file/large_e4baaac1-a260-410c-bf50-d73d4c2c7240.png,"
Meijer,Yellow Squash,$1.15,each (est.),$2.39 / lb,About 0.48 lb each,[],,"https://www.instacart.com/image-server/197x197/filters:fill(FFF,true):format(jpg)/d2lnr5mha7bycj.cloudfront.net/product-image/file/large_16c363cf-5370-410f-86ca-c66e992ab197.jpg,"
Meijer,"The Little Potato Company potatoes, fresh little potatoes, Little Trios",$4.99,,,1.5 lb,[],,"https://www.instacart.com/image-server/197x197/filters:fill(FFF,true):format(jpg)/d2lnr5mha7bycj.cloudfront.net/product-image/file/large_481d706d-1002-4251-8202-21e8111753d5.png,"
Meijer,NatureSweet Cherubs Heavenly Salad Tomatoes,$4.59,,,10 oz,[],,"https://www.instacart.com/image-server/197x197/filters:fill(FFF,true):format(jpg)/d2lnr5mha7bycj.cloudfront.net/product-image/file/large_08f77825-022c-4412-878e-614eb801ace1.png,"
Meijer,White Onion,$2.40,each (est.),$2.29 / lb,About 1.05 lb each,[],,"https://www.instacart.com/image-server/197x197/filters:fill(FFF,true):format(jpg)/d2lnr5mha7bycj.cloudfront.net/product-image/file/large_b3b356b7-9e9c-46cb-be33-59259f9a82b2.png,"
Meijer,"The Little Potato Company Potatoes, Fresh Creamer, Savory Herb",$5.69,,,1 lb,[],,"https://www.instacart.com/image-server/197x197/filters:fill(FFF,true):format(jpg)/d2lnr5mha7bycj.cloudfront.net/product-image/file/large_2b5db6a7-da3f-4415-9eb9-3ee72354dde2.png,"
Meijer,Ginger Root,$0.64,each (est.),$4.59 / lb,About 0.14 lb each,[],,"https://www.instacart.com/image-server/197x197/filters:fill(FFF,true):format(jpg)/d2lnr5mha7bycj.cloudfront.net/product-image/file/large_68042ad7-864d-47eb-b13d-04e64639ef75.jpg,"
Meijer,Meijer Fresh White Diced Onion,$3.49,,,7 oz,[],,"https://www.instacart.com/image-server/197x197/filters:fill(FFF,true):format(jpg)/d2lnr5mha7bycj.cloudfront.net/product-image/file/large_55052d74-26e4-4bab-bfe8-7f304ce3c487.jpg,"
Meijer,"The Little Potato Company Potatoes, Fresh Creamer, Garlic Parsley",$5.69,,,1 lb,[],Many in stock,"https://www.instacart.com/image-server/197x197/filters:fill(FFF,true):format(jpg)/d2lnr5mha7bycj.cloudfront.net/product-image/file/large_738a39ca-08a3-47de-9b81-c60371a7441b.png,"
Meijer,Dole Garden Salad,$2.29,,,12 oz bag,[],,"https://www.instacart.com/image-server/197x197/filters:fill(FFF,true):format(jpg)/d2lnr5mha7bycj.cloudfront.net/product-image/file/large_d10caee5-9c79-4288-b525-7cd08450a930.jpg,"
Meijer,Sunset Organic Mini Cukes Cucumbers,$3.49,,,397 g,['Organic'],,"https://www.instacart.com/image-server/197x197/filters:fill(FFF,true):format(jpg)/d2lnr5mha7bycj.cloudfront.net/product-image/file/large_9e34591b-5b0c-423a-a620-077783f4165f.jpg,"
Meijer,Bolthouse Farms Carrot Sticks,$2.69,,,12 oz bag,[],,"https://www.instacart.com/image-server/197x197/filters:fill(FFF,true):format(jpg)/d2lnr5mha7bycj.cloudfront.net/product-image/file/large_27bbf48c-188e-4a70-bea5-b52b5419ed68.jpg,"
Meijer,"Pero Family Farms Green Beans, Snipped",$3.29,,,12 oz,[],,"https://www.instacart.com/image-server/197x197/filters:fill(FFF,true):format(jpg)/d2lnr5mha7bycj.cloudfront.net/product-image/file/large_ada56328-a567-453b-846c-27879e2d0eb6.png,"
Meijer,Minute Maid Berry Punch Flavored Fruit Juice,$1.99,,,59 fl oz,[],,"https://www.instacart.com/image-server/197x197/filters:fill(FFF,true):format(jpg)/d2lnr5mha7bycj.cloudfront.net/product-image/file/large_0e236be7-1385-43c1-915d-f2f42d8b8f64.jpg,"
Meijer,"Minute Maid Strawberry Lemonade, Fruit Drink",$1.99,,,59 fl oz,[],,"https://www.instacart.com/image-server/197x197/filters:fill(FFF,true):format(jpg)/d2lnr5mha7bycj.cloudfront.net/product-image/file/large_fe45addf-9441-43b2-ba3e-d58c36e1c22e.jpg,"
Meijer,Meijer No Pulp Orange Juice With Added Calcium & Vitamin D,$3.99,,,52 fl oz,[],Many in stock,"https://www.instacart.com/image-server/197x197/filters:fill(FFF,true):format(jpg)/d2lnr5mha7bycj.cloudfront.net/product-image/file/large_0d2f4651-675d-4ff1-9603-8aed47928635.jpg,"
Meijer,Welch's 100% Grape Juice,$5.99,,,64 fl oz,['No Sugar Added'],,"https://www.instacart.com/image-server/197x197/filters:fill(FFF,true):format(jpg)/d2lnr5mha7bycj.cloudfront.net/product-image/file/large_31c77670-ae42-4804-b44a-6d7dd2e3a2ab.png,"
Meijer,Minute Maid Premium Strawberry Kiwi Carton,$1.99,,,59 fl oz,[],Many in stock,"https://www.instacart.com/image-server/197x197/filters:fill(FFF,true):format(jpg)/d2lnr5mha7bycj.cloudfront.net/product-image/file/large_74d83ed4-2ca1-4406-937b-e5111d2b647a.jpg,"
Meijer,Milo's Lemonade,$4.99,,,128 fl oz,[],,"https://www.instacart.com/image-server/197x197/filters:fill(FFF,true):format(jpg)/d2lnr5mha7bycj.cloudfront.net/product-image/file/large_1e0c17cc-c8d0-47b1-aec7-997842c1a340.png,"
Meijer,"Uncle Matt's Organic Pulp Free, Orange Juice",$8.59,,,52 fl oz,['Organic'],,"https://www.instacart.com/image-server/197x197/filters:fill(FFF,true):format(jpg)/d2lnr5mha7bycj.cloudfront.net/product-image/file/large_ba4c0d29-eabe-4716-bbed-77fcf308819f.jpg,"
Meijer,Minute Maid Sugar Fruit Punch Bottle,$2.99,,,52 fl oz,['Zero Sugar'],,"https://www.instacart.com/image-server/197x197/filters:fill(FFF,true):format(jpg)/d2lnr5mha7bycj.cloudfront.net/product-image/file/large_0005a573-1343-4d98-a150-8cd3787dd686.png,"
Meijer,"Tropicana Drink, Strawberry Peach Paradise",$3.49,,,52 fl oz,['No Sugar Added'],,"https://www.instacart.com/image-server/197x197/filters:fill(FFF,true):format(jpg)/d2lnr5mha7bycj.cloudfront.net/product-image/file/large_e3c1610d-e1fb-4511-9b77-7bed134e143f.png,"
Meijer,Minute Maid Sugar Mango Passion Fruit Bottle,$2.99,,,53 fl oz,['Zero Sugar'],,"https://www.instacart.com/image-server/197x197/filters:fill(FFF,true):format(jpg)/d2lnr5mha7bycj.cloudfront.net/product-image/file/large_e400ce5e-5cdf-44ec-b840-a3992946af8f.png,"
Meijer,"Tropicana 100% Juice, Orange, Original",$7.99,,,89 fl oz • 5 options,['No Sugar Added'],,"https://www.instacart.com/image-server/197x197/filters:fill(FFF,true):format(jpg)/d2lnr5mha7bycj.cloudfront.net/product-image/file/large_a1a6faf8-4499-4134-927a-b84eecfdfff8.png,"
Meijer,Original price: $2.99,$2.29,,,64 fl oz,[],,"https://www.instacart.com/image-server/197x197/filters:fill(FFF,true):format(jpg)/d2lnr5mha7bycj.cloudfront.net/product-image/file/large_2475868b-7538-467e-8463-f5a2e9be133a.jpg,"
Meijer,Simply Lemonade Bottle,$3.49,,,1.75 L • 4 options,[],,"https://www.instacart.com/image-server/197x197/filters:fill(FFF,true):format(jpg)/d2lnr5mha7bycj.cloudfront.net/product-image/file/large_bd25b703-d921-4f27-bd19-94846fac3643.png,"
Meijer,Meijer Pulp Free Orange Juice With Calcium,$6.99,,,1 gal,[],,"https://www.instacart.com/image-server/197x197/filters:fill(FFF,true):format(jpg)/d2lnr5mha7bycj.cloudfront.net/product-image/file/large_dc845626-c686-448b-8de8-f5b093925e9f.jpg,"
Meijer,Original price: $4.59,$2.89,,,64 fl oz,['No Sugar Added'],,"https://www.instacart.com/image-server/197x197/filters:fill(FFF,true):format(jpg)/d2lnr5mha7bycj.cloudfront.net/product-image/file/large_05040826-4b5d-4e66-9c92-d22b536a5640.png,"
Meijer,Hawaiian Punch Fruit Juicy Red,$3.39,,,1 gal,[],Many in stock,"https://www.instacart.com/image-server/197x197/filters:fill(FFF,true):format(jpg)/d2lnr5mha7bycj.cloudfront.net/product-image/file/large_a7fc5a93-1cd7-46e6-8b4c-3950d9d40a3a.jpg,"
Meijer,Kool-Aid Bursts Tropical Punch,$1.81,,,6 x 6.75 fl oz,[],,"https://www.instacart.com/image-server/197x197/filters:fill(FFF,true):format(jpg)/d2lnr5mha7bycj.cloudfront.net/product-image/file/large_46e9e726-c8e3-4a60-9f04-f7ef1445b39b.png,"
Meijer,SunnyD Tangy Original Orange Juice Drink,$6.99,,,18 x 6.75 fl oz,[],,"https://www.instacart.com/image-server/197x197/filters:fill(FFF,true):format(jpg)/d2lnr5mha7bycj.cloudfront.net/product-image/file/large_91e81ed5-1736-48b2-b481-6fd497b4f62e.png,"
Meijer,Ocean Spray Cran-Pineapple Juice Drink,$3.99,,,64 fl oz,[],,"https://www.instacart.com/image-server/197x197/filters:fill(FFF,true):format(jpg)/d2lnr5mha7bycj.cloudfront.net/product-image/file/large_8761a3ad-e776-41e6-91eb-4fd64c0620b6.png,"
Meijer,"Tropicana Orange Juice, Homestyle Some Pulp, Pure Premium",$7.99,,,89 fl oz • 3 options,[],,"https://www.instacart.com/image-server/197x197/filters:fill(FFF,true):format(jpg)/d2lnr5mha7bycj.cloudfront.net/product-image/file/large_0ec88873-86e8-4817-8b45-fb5e46079a2c.png,"
Meijer,Mott's 100% Half Pallet Original Apple Juice,$3.99,,,64 fl oz • 4 options,[],Many in stock,"https://www.instacart.com/image-server/197x197/filters:fill(FFF,true):format(jpg)/d2lnr5mha7bycj.cloudfront.net/product-image/file/large_abe37c68-c565-4f9b-890e-a372bc3dbf5a.jpg,"
Meijer,Original price: $3.79,$2.99,,,15.2 fl oz,[],Many in stock,"https://www.instacart.com/image-server/197x197/filters:fill(FFF,true):format(jpg)/d2lnr5mha7bycj.cloudfront.net/product-image/file/large_bca8f31f-505d-4a6a-a294-5b25471e7370.jpg,"
Meijer,Simply Fruit Punch Juice,$3.49,,,52 fl oz • 2 options,[],,"https://www.instacart.com/image-server/197x197/filters:fill(FFF,true):format(jpg)/d2lnr5mha7bycj.cloudfront.net/product-image/file/large_af7172c5-c627-4cfd-aa01-09316d1b4110.png,"
Meijer,"Simply Lemonade Lemonade, with Blueberry",$3.49,,,59 fl oz,[],,"https://www.instacart.com/image-server/197x197/filters:fill(FFF,true):format(jpg)/d2lnr5mha7bycj.cloudfront.net/product-image/file/large_df017166-f637-455f-9c60-c140f6df0872.png,"
Meijer,Hawaiian Punch Berry Blue Typhoon Juice Drink,$3.39,,,1 gal,[],,"https://www.instacart.com/image-server/197x197/filters:fill(FFF,true):format(jpg)/d2lnr5mha7bycj.cloudfront.net/product-image/file/large_7273b846-2474-4363-b804-48d04c835b81.jpg,"
Meijer,Original price: $3.99,$3.49,,,14 fl oz,[],,"https://www.instacart.com/image-server/197x197/filters:fill(FFF,true):format(jpg)/d2lnr5mha7bycj.cloudfront.net/product-image/file/large_69791b9d-dfe8-4336-a7db-1c411db1dcba.png,"
Meijer,Simply Orange Pulp Free Juice Bottle,$4.99,,,1.75 L • 5 options,[],,"https://www.instacart.com/image-server/197x197/filters:fill(FFF,true):format(jpg)/d2lnr5mha7bycj.cloudfront.net/product-image/file/large_1fc80bbc-3cbb-4b6b-a331-eae1b54780c5.png,"
Meijer,SunnyD Tangy Original Orange Juice Drink,$9.59,,,15 x 11.3 oz,[],,"https://www.instacart.com/image-server/197x197/filters:fill(FFF,true):format(jpg)/d2lnr5mha7bycj.cloudfront.net/product-image/file/large_5bbb8e07-8e64-4898-a5a4-a3d8a08918e7.png,"
Meijer,Simply Orange Juice Original Pulp Free,$4.79,,,52 fl oz • 5 options,[],,"https://www.instacart.com/image-server/197x197/filters:fill(FFF,true):format(jpg)/d2lnr5mha7bycj.cloudfront.net/product-image/file/large_6118e7e0-deca-4103-8ae3-feea0d368013.png,"
Meijer,"Uncle Matt's Organic Ultimate Immune, Orange Juice",$8.59,,,52 fl oz,['Organic'],,"https://www.instacart.com/image-server/197x197/filters:fill(FFF,true):format(jpg)/d2lnr5mha7bycj.cloudfront.net/product-image/file/large_13f5f5d5-1444-435c-8eef-87c8b050d301.jpg,"
Meijer,"Minute Maid Premium Peach, Fruit Juice Drink",$1.99,,,59 fl oz • 2 options,[],,"https://www.instacart.com/image-server/197x197/filters:fill(FFF,true):format(jpg)/d2lnr5mha7bycj.cloudfront.net/product-image/file/large_543fc348-e19c-4b6f-81c2-0b7ffc9ca9a7.jpg,"
Meijer,Welch's Concord Grape,$1.42,,,16 fl oz • 3 options,[],,"https://www.instacart.com/image-server/197x197/filters:fill(FFF,true):format(jpg)/d2lnr5mha7bycj.cloudfront.net/product-image/file/large_e44aa4d7-444b-43f1-9691-599055d952e2.png,"
Meijer,Original price: $25.99,$12.59,,,32 fl oz,[],,"https://www.instacart.com/image-server/197x197/filters:fill(FFF,true):format(jpg)/d2lnr5mha7bycj.cloudfront.net/product-image/file/large_eac9d51c-af85-4a66-b03b-992b20c842c2.jpg,"
Meijer,Original price: $1.99,$1.71,,,13.5 oz,[],,"https://www.instacart.com/image-server/197x197/filters:fill(FFF,true):format(jpg)/d2lnr5mha7bycj.cloudfront.net/product-image/file/large_f40eafad-fbfd-41e2-b054-7042268d02f2.png,"
Meijer,"Tropicana Juice Beverage, Orange, Light",$4.79,,,52 fl oz,[],,"https://www.instacart.com/image-server/197x197/filters:fill(FFF,true):format(jpg)/d2lnr5mha7bycj.cloudfront.net/product-image/file/large_77f3767a-68f6-409b-8d01-d0d4804281d2.png,"
Meijer,"Tropicana Orange Juice, No Pulp",$4.79,,,52 fl oz,[],,"https://www.instacart.com/image-server/197x197/filters:fill(FFF,true):format(jpg)/d2lnr5mha7bycj.cloudfront.net/product-image/file/large_00c72705-01c0-4c01-a067-e3277467a39e.png,"
Meijer,"Tropicana 100% Orange Juice, No Pulp",$2.29,,,12 fl oz • 5 options,[],,"https://www.instacart.com/image-server/197x197/filters:fill(FFF,true):format(jpg)/d2lnr5mha7bycj.cloudfront.net/product-image/file/large_76f0bab4-4dc2-49c5-836c-9389b23f6ef9.png,"
Meijer,Welch's Orange Pineapple,$1.42,,,16 fl oz • 2 options,[],,"https://www.instacart.com/image-server/197x197/filters:fill(FFF,true):format(jpg)/d2lnr5mha7bycj.cloudfront.net/product-image/file/large_4c454316-77d0-46c6-a71b-d58904ef2da9.png,"
Meijer,Ocean Spray Cranberry Blueberry Acai Flavored Juice Drink,$4.99,,,60 fl oz,['Zero Sugar'],,"https://www.instacart.com/image-server/197x197/filters:fill(FFF,true):format(jpg)/d2lnr5mha7bycj.cloudfront.net/product-image/file/large_41a2a981-6136-4bd9-8738-021ee11d1e79.jpg,"
Meijer,Tropicana No Pulp with Calcium & Vitamin D 100% Orange Juice,$2.29,,,12 fl oz • 4 options,[],,"https://www.instacart.com/image-server/197x197/filters:fill(FFF,true):format(jpg)/d2lnr5mha7bycj.cloudfront.net/product-image/file/large_162f257f-c551-47be-b878-88c4cac18343.png,"
Meijer,"Jumex Nectar, Guava",$2.49,,,33.8 fl oz,[],,"https://www.instacart.com/image-server/197x197/filters:fill(FFF,true):format(jpg)/d2lnr5mha7bycj.cloudfront.net/product-image/file/large_bcf52cfd-5492-4775-82b8-dcef798f94d3.png,"
Meijer,Capri Sun Wild Cherry Waterfall Naturally Flavored Kids Water Beverage Drink Pouches,$3.59,,,10 x 6 fl oz,['Organic'],,"https://www.instacart.com/image-server/197x197/filters:fill(FFF,true):format(jpg)/d2lnr5mha7bycj.cloudfront.net/product-image/file/large_5e9f1133-42a7-464d-b6ef-cdecf30b80f2.jpg,"
Meijer,Capri Sun Tropical Tide Naturally Flavored Kids Water Beverage Drink Pouches,$3.59,,,10 x 6 fl oz,['Organic'],,"https://www.instacart.com/image-server/197x197/filters:fill(FFF,true):format(jpg)/d2lnr5mha7bycj.cloudfront.net/product-image/file/large_0254eca2-7d5b-4634-b8fc-7eb2a669860c.jpg,"
Meijer,Capri Sun Fruit Punch Wave Naturally Flavored Kids Water Beverage Drink Pouches,$3.59,,,10 x 6 fl oz,[],,"https://www.instacart.com/image-server/197x197/filters:fill(FFF,true):format(jpg)/d2lnr5mha7bycj.cloudfront.net/product-image/file/large_d7efd70e-2e53-4532-a3b1-974f1eaadd66.jpg,"
Meijer,Tropicana Pure Premium Pure Some Pulp Orange Juice Juice,$2.29,,,12 fl oz • 3 options,[],,"https://www.instacart.com/image-server/197x197/filters:fill(FFF,true):format(jpg)/d2lnr5mha7bycj.cloudfront.net/product-image/file/large_14c27bd9-5ad0-47a8-b4a3-c0320ba12d5a.png,"
Meijer,Original price: $5.99,$4.99,,,19.3 oz,[],,"https://www.instacart.com/image-server/197x197/filters:fill(FFF,true):format(jpg)/d2lnr5mha7bycj.cloudfront.net/product-image/file/large_0adc5925-e75e-42ab-ace6-71b8a87eb254.jpg,"
Meijer,Cap'N Crunch Fruit Cereal,$4.49,,,11.7 oz,[],,"https://www.instacart.com/image-server/197x197/filters:fill(FFF,true):format(jpg)/d2lnr5mha7bycj.cloudfront.net/product-image/file/large_9187f769-6fe7-4ea9-bbd4-c8e40210ffd8.jpg,"
Meijer,"Pop-Tarts Toaster Pastries, Breakfast Foods, Frosted Brown Sugar",$4.59,,,12 x 1.75 oz,[],,"https://www.instacart.com/image-server/197x197/filters:fill(FFF,true):format(jpg)/d2lnr5mha7bycj.cloudfront.net/product-image/file/large_3f820a81-b373-46b6-af6b-fad72c64970a.jpg,"
Meijer,Original price: $5.99,$4.99,,,16.1 oz,['Whole Grain'],,"https://www.instacart.com/image-server/197x197/filters:fill(FFF,true):format(jpg)/d2lnr5mha7bycj.cloudfront.net/product-image/file/large_20cabda4-67b6-4c2d-8ff4-8662d03d82bf.png,"
Meijer,"Pillsbury Toaster Pastries, Cream Cheese & Strawberry",$3.99,,,6 each,[],,"https://www.instacart.com/image-server/197x197/filters:fill(FFF,true):format(jpg)/d2lnr5mha7bycj.cloudfront.net/product-image/file/large_e80c0b07-4d5b-4209-af41-325daeaaf051.png,"
Meijer,"Pillsbury Toaster Pastries, Strawberry",$3.99,,,6 each,[],,"https://www.instacart.com/image-server/197x197/filters:fill(FFF,true):format(jpg)/d2lnr5mha7bycj.cloudfront.net/product-image/file/large_1f4a78a6-db31-406f-9ce5-16314a6d5187.png,"
Meijer,"Post Honeycomb Breakfast Cereal, Honey Flavored Corn Cereal",$4.59,,,12.5 oz,[],,"https://www.instacart.com/image-server/197x197/filters:fill(FFF,true):format(jpg)/d2lnr5mha7bycj.cloudfront.net/product-image/file/large_c8ea0acf-03ec-4640-b094-59059b8a1ddc.png,"
Meijer,General Mills Reese's Puffs Chocolatey Peanut Butter Kids Breakfast Cereal,$8.99,,,35 oz,['Whole Grain'],,"https://www.instacart.com/image-server/197x197/filters:fill(FFF,true):format(jpg)/d2lnr5mha7bycj.cloudfront.net/product-image/file/large_49dba831-89eb-4904-bf71-506c260a5107.png,"
Meijer,"Post Fruity PEBBLES Breakfast Cereal, Gluten Free",$5.99,,,19.5 oz,['Gluten-Free'],,"https://www.instacart.com/image-server/197x197/filters:fill(FFF,true):format(jpg)/d2lnr5mha7bycj.cloudfront.net/product-image/file/large_d8581b97-350d-4a9e-8e28-320621a8cd56.png,"
Meijer,Cinnamon Toast Crunch Breakfast Cereal,$7.99,,,23.6 oz,['Whole Grain'],Many in stock,"https://www.instacart.com/image-server/197x197/filters:fill(FFF,true):format(jpg)/d2lnr5mha7bycj.cloudfront.net/product-image/file/large_2fd673b7-52b6-4c38-a3e0-51b4d22b1ea6.jpg,"
Meijer,"Cinnamon Toast Crunch Cinnamon Crispy, Sweetened Whole Wheat & Rice Cereal",$3.99,,,14.9 oz,[],,"https://www.instacart.com/image-server/197x197/filters:fill(FFF,true):format(jpg)/d2lnr5mha7bycj.cloudfront.net/product-image/file/large_ef416527-1748-4622-befd-961a815fb022.png,"
Meijer,Lucky Charms Gluten Free Breakfast Cereal with Marshmallows,$8.99,,,32 oz,"['Gluten-Free', 'Whole Grain']",,"https://www.instacart.com/image-server/197x197/filters:fill(FFF,true):format(jpg)/d2lnr5mha7bycj.cloudfront.net/product-image/file/large_1bdc5f42-1512-45a3-b173-51704810f7ac.jpg,"
Meijer,Post PEBBLES Cocoa Breakfast Cereal,$4.59,,,11 oz,['Gluten-Free'],,"https://www.instacart.com/image-server/197x197/filters:fill(FFF,true):format(jpg)/d2lnr5mha7bycj.cloudfront.net/product-image/file/large_442f9562-96b5-4321-9b04-05a9d7577c80.jpg,"
Meijer,Original price: $5.99,$4.99,,,20.5 oz,"['Gluten-Free', 'Whole Grain']",Many in stock,"https://www.instacart.com/image-server/197x197/filters:fill(FFF,true):format(jpg)/d2lnr5mha7bycj.cloudfront.net/product-image/file/large_3a83af52-0e1d-42d9-a3d8-a9e85e8662de.jpg,"
Meijer,Post Cocoa Pebbles Chocolate Flavoured Rice Cereal,$5.99,,,19.5 oz,['Gluten-Free'],,"https://www.instacart.com/image-server/197x197/filters:fill(FFF,true):format(jpg)/d2lnr5mha7bycj.cloudfront.net/product-image/file/large_8a18cd6a-f258-4ac3-bef5-0fdc1d730d51.png,"
Meijer,Original price: $7.99,$6.99,,,14.88 oz,[],,"https://www.instacart.com/image-server/197x197/filters:fill(FFF,true):format(jpg)/d2lnr5mha7bycj.cloudfront.net/product-image/file/large_f6d3cf7f-2318-4368-8bed-d6c297c3680e.png,"
Meijer,Meijer Honey Almond Granola,$3.99,,,12 oz,[],,"https://www.instacart.com/image-server/197x197/filters:fill(FFF,true):format(jpg)/d2lnr5mha7bycj.cloudfront.net/product-image/file/large_9ac6b790-5d9a-4535-b77f-714e65486897.png,"
Meijer,Krusteaz Light & Fluffy Buttermilk Complete Pancake & Waffle Mix,$3.49,,,32 oz,[],,"https://www.instacart.com/image-server/197x197/filters:fill(FFF,true):format(jpg)/d2lnr5mha7bycj.cloudfront.net/product-image/file/large_c74410f5-b8c3-475e-8e51-82db6e3fb18c.jpg,"
Meijer,"Cinnamon Toast Crunch Breakfast Cereal Treat Bars, Snack Bars",$3.99,,,6.8 oz,[],,"https://www.instacart.com/image-server/197x197/filters:fill(FFF,true):format(jpg)/d2lnr5mha7bycj.cloudfront.net/product-image/file/large_328c53e5-dee8-4eb1-8ed7-2251548f3646.png,"
Meijer,"Cheerios Cereal, Multi Grain, Giant Size",$7.99,,,20.6 oz,"['Gluten-Free', 'Multigrain']",,"https://www.instacart.com/image-server/197x197/filters:fill(FFF,true):format(jpg)/d2lnr5mha7bycj.cloudfront.net/product-image/file/large_6dd60072-0222-4e11-b601-de95f56d563b.jpg,"
Meijer,"Pop-Tarts Toaster Pastries, Breakfast Foods, Frosted Strawberry",$4.59,,,22 oz,[],,"https://www.instacart.com/image-server/197x197/filters:fill(FFF,true):format(jpg)/d2lnr5mha7bycj.cloudfront.net/product-image/file/large_2caf8369-f4db-45b3-85a2-e127107fcfea.jpg,"
Meijer,Original price: $5.99,$4.99,,,19.5 oz,['Gluten-Free'],,"https://www.instacart.com/image-server/197x197/filters:fill(FFF,true):format(jpg)/d2lnr5mha7bycj.cloudfront.net/product-image/file/large_7804684b-46df-4668-98a8-c219d98e3a57.jpg,"
Meijer,Original price: $5.99,$4.99,,,22.9 oz,['Whole Grain'],,"https://www.instacart.com/image-server/197x197/filters:fill(FFF,true):format(jpg)/d2lnr5mha7bycj.cloudfront.net/product-image/file/large_662a6ac8-2225-43ed-ad3e-f3c056b35a3c.jpg,"
Meijer,Cheerios Heart Healthy Gluten Free Giant Size Breakfast Cereal,$7.99,,,20 oz,"['Gluten-Free', 'Whole Grain']",,"https://www.instacart.com/image-server/197x197/filters:fill(FFF,true):format(jpg)/d2lnr5mha7bycj.cloudfront.net/product-image/file/large_1731b747-cd0f-4563-8f89-35ce77dc5d17.jpg,"
Meijer,Kellogg's Froot Loops Cereal,$4.99,,,14.7 oz,[],,"https://www.instacart.com/image-server/197x197/filters:fill(FFF,true):format(jpg)/d2lnr5mha7bycj.cloudfront.net/product-image/file/large_fc8c1d09-49e5-4a1f-8a0e-2f133302fa69.png,"
Meijer,Original price: $4.99,$4.59,,,11.7 oz,[],Many in stock,"https://www.instacart.com/image-server/197x197/filters:fill(FFF,true):format(jpg)/d2lnr5mha7bycj.cloudfront.net/product-image/file/large_a19c4b7c-1b7c-4504-891f-0e76348cbfbd.jpg,"
Meijer,Frosted Flakes Frosted Flakes Original,$5.99,,,26.8 oz,[],,"https://www.instacart.com/image-server/197x197/filters:fill(FFF,true):format(jpg)/d2lnr5mha7bycj.cloudfront.net/product-image/file/large_7d573a78-57cb-4434-b096-7a2dd302d637.png,"
Meijer,Honey Nut Cheerios Heart Healthy Gluten Free Breakfast Cereal,$8.99,,,32 oz,"['Gluten-Free', 'Whole Grain']",,"https://www.instacart.com/image-server/197x197/filters:fill(FFF,true):format(jpg)/d2lnr5mha7bycj.cloudfront.net/product-image/file/large_fde89e18-314a-4eaa-aece-4917996c410f.jpg,"
Meijer,"Kellogg's Rice Krispies Treats Crispy Mini Marshmallow Squares, Kids Snacks, Snack Bars, Original",$6.99,,,32 x 12.4 oz,[],,"https://www.instacart.com/image-server/197x197/filters:fill(FFF,true):format(jpg)/d2lnr5mha7bycj.cloudfront.net/product-image/file/large_2d4bf636-f0e4-4e3d-a080-c14eb8c464ad.png,"
Meijer,"Cap'N Crunch Cereal, Crunch Berries, Family Size",$5.99,,,20.5 oz,[],,"https://www.instacart.com/image-server/197x197/filters:fill(FFF,true):format(jpg)/d2lnr5mha7bycj.cloudfront.net/product-image/file/large_40358c04-3e50-44f7-b746-296575ea3713.jpg,"
Meijer,"Pop-Tarts Toaster Pastries, Breakfast Foods, Frosted S'mores",$4.59,,,12 each,[],,"https://www.instacart.com/image-server/197x197/filters:fill(FFF,true):format(jpg)/d2lnr5mha7bycj.cloudfront.net/product-image/file/large_52272a63-3255-43f3-bf01-f1c9dbf09688.jpg,"
Meijer,Original price: $5.99,$4.59,,,24 oz,['Whole Grain'],,"https://www.instacart.com/image-server/197x197/filters:fill(FFF,true):format(jpg)/d2lnr5mha7bycj.cloudfront.net/product-image/file/large_79959a40-4e74-4c9e-86dc-5507a93113af.jpg,"
Meijer,"Malt-O-Meal Fruity Dyno-Bites with Marshmallows Cereal, Gluten Free Breakfast Cereal",$6.99,,,30 oz,['Gluten-Free'],,"https://www.instacart.com/image-server/197x197/filters:fill(FFF,true):format(jpg)/d2lnr5mha7bycj.cloudfront.net/product-image/file/large_22356efb-e8e3-411b-b835-7be8f070bcf2.jpg,"
Meijer,Original price: $4.99,$4.59,,,12.3 oz,[],,"https://www.instacart.com/image-server/197x197/filters:fill(FFF,true):format(jpg)/d2lnr5mha7bycj.cloudfront.net/product-image/file/large_24bbf7db-d3bb-4caa-9fac-f4f4669ef1d5.jpg,"
Meijer,Original price: $5.69,$4.99,,,14.2 oz,"['Gluten-Free', 'Whole Grain']",,"https://www.instacart.com/image-server/197x197/filters:fill(FFF,true):format(jpg)/d2lnr5mha7bycj.cloudfront.net/product-image/file/large_3b3977eb-e043-43de-a0a1-7ed770c66245.png,"
Meijer,Original price: $5.49,$4.99,,,8.8 oz,[],,"https://www.instacart.com/image-server/197x197/filters:fill(FFF,true):format(jpg)/d2lnr5mha7bycj.cloudfront.net/product-image/file/large_57f1b2b4-b396-4954-995f-25268ef9365a.jpg,"
Meijer,Kellogg's Frosted Flakes Cereal,$4.59,,,18 oz,[],,"https://www.instacart.com/image-server/197x197/filters:fill(FFF,true):format(jpg)/d2lnr5mha7bycj.cloudfront.net/product-image/file/large_4c56ec99-0197-46fd-a470-38a7a6f74254.png,"
Meijer,Malt-O-Meal Cinnamon Toasters Cereal,$6.99,,,33 oz,[],,"https://www.instacart.com/image-server/197x197/filters:fill(FFF,true):format(jpg)/d2lnr5mha7bycj.cloudfront.net/product-image/file/large_7c362d26-5859-42af-8707-8a9cd664087b.jpg,"
Meijer,"Malt-O-Meal Fruity Dyno-Bites Cereal, Gluten Free Breakfast Cereal",$6.99,,,32 oz,['Gluten-Free'],,"https://www.instacart.com/image-server/197x197/filters:fill(FFF,true):format(jpg)/d2lnr5mha7bycj.cloudfront.net/product-image/file/large_17b01772-84d7-4d6e-b49f-5662bb720028.jpg,"
Meijer,Original price: $22.99,$17.99,,,64 oz,"['Gluten-Free', 'Whole Grain']",,"https://www.instacart.com/image-server/197x197/filters:fill(FFF,true):format(jpg)/d2lnr5mha7bycj.cloudfront.net/product-image/file/large_d143dd99-fc40-41c3-8580-5daf8fdd01b2.png,"
Meijer,Original price: $3.99,$3.49,,,14.1 oz,[],Many in stock,"https://www.instacart.com/image-server/197x197/filters:fill(FFF,true):format(jpg)/d2lnr5mha7bycj.cloudfront.net/product-image/file/large_785868bc-b4b4-49ee-96df-5ce8b92037c8.png,"
Meijer,Original price: $5.69,$4.59,,,11.5 oz,['Whole Grain'],Many in stock,"https://www.instacart.com/image-server/197x197/filters:fill(FFF,true):format(jpg)/d2lnr5mha7bycj.cloudfront.net/product-image/file/large_7f2ce777-19f9-47fd-b450-f4699b96c3f8.jpg,"
Meijer,"Quaker Instant Oatmeal, Raspberry Strawberry",$5.99,,,6 x 1.41 oz,[],,"https://www.instacart.com/image-server/197x197/filters:fill(FFF,true):format(jpg)/d2lnr5mha7bycj.cloudfront.net/product-image/file/large_78530521-d0c8-4470-91ef-994cf78834dc.jpg,"
Meijer,Original price: $3.99,$3.49,,,8 x 1.05 oz,[],Many in stock,"https://www.instacart.com/image-server/197x197/filters:fill(FFF,true):format(jpg)/d2lnr5mha7bycj.cloudfront.net/product-image/file/large_d91f754d-1de7-410d-85b7-c755ec334740.png,"
Meijer,Original price: $3.99,$3.49,,,8 ct,[],Many in stock,"https://www.instacart.com/image-server/197x197/filters:fill(FFF,true):format(jpg)/d2lnr5mha7bycj.cloudfront.net/product-image/file/large_218f9059-ca41-4cd9-b578-73fbb018e528.png,"
Meijer,Original price: $3.99,$3.49,,,10 x 0.98 oz,[],Many in stock,"https://www.instacart.com/image-server/197x197/filters:fill(FFF,true):format(jpg)/d2lnr5mha7bycj.cloudfront.net/product-image/file/large_5b35e49c-686d-495a-9478-427c2cabedd2.jpg,"
Meijer,Kodiak Power Cakes Buttermilk Flapjack & Waffle Mix,$5.99,,,20 oz,['Whole Grain'],,"https://www.instacart.com/image-server/197x197/filters:fill(FFF,true):format(jpg)/d2lnr5mha7bycj.cloudfront.net/product-image/file/large_d4c2d3e6-2fa3-4307-b545-974511589a35.jpg,"
Meijer,Original price: $6.99,$5.99,,,33 oz,[],,"https://www.instacart.com/image-server/197x197/filters:fill(FFF,true):format(jpg)/d2lnr5mha7bycj.cloudfront.net/product-image/file/large_7eedba7a-b050-459d-b23a-6cf1b76659e4.jpg,"
Meijer,Original price: $5.69,$4.99,,,14.9 oz,"['Gluten-Free', 'Whole Grain']",,"https://www.instacart.com/image-server/197x197/filters:fill(FFF,true):format(jpg)/d2lnr5mha7bycj.cloudfront.net/product-image/file/large_9766841a-7f1e-4b41-84e1-070dd4c50b3f.png,"
Meijer,"Jessica’s Natural Foods Granola, Chocolate Chip, Gluten Free",$7.99,,,11 oz,['Gluten-Free'],,"https://www.instacart.com/image-server/197x197/filters:fill(FFF,true):format(jpg)/d2lnr5mha7bycj.cloudfront.net/product-image/file/large_191e4891-d9a8-4edd-b24c-e1b8776e00b8.jpg,"
Meijer,"Quaker Instant Oatmeal, Strawberry Peach",$5.99,,,6 each,[],,"https://www.instacart.com/image-server/197x197/filters:fill(FFF,true):format(jpg)/d2lnr5mha7bycj.cloudfront.net/product-image/file/large_d7e8c39a-7153-4b16-b118-f8b6e33e4aca.jpg,"
Meijer,"Quaker Instant Oatmeal, Blueberry Blackberry",$5.99,,,6 x 1.41 oz,[],Many in stock,"https://www.instacart.com/image-server/197x197/filters:fill(FFF,true):format(jpg)/d2lnr5mha7bycj.cloudfront.net/product-image/file/large_0cf79d5b-a9c9-4430-bbe2-a96420eaf286.jpg,"
Meijer,Post Raisin Bran Breakfast Cereal,$5.69,,,25 oz,['Whole Grain'],,"https://www.instacart.com/image-server/197x197/filters:fill(FFF,true):format(jpg)/d2lnr5mha7bycj.cloudfront.net/product-image/file/large_91ae2d56-a746-4eea-9f8a-b10dfbc051f8.png,"
Meijer,Cheerios Heart Healthy Gluten Free Breakfast Cereal,$5.99,,,12 oz,"['Gluten-Free', 'Whole Grain']",,"https://www.instacart.com/image-server/197x197/filters:fill(FFF,true):format(jpg)/d2lnr5mha7bycj.cloudfront.net/product-image/file/large_e9a88474-d5fe-48c7-8f5a-1d5a45259480.jpg,"
Meijer,Original price: $8.99,$6.99,,,14.4 oz,[],,"https://www.instacart.com/image-server/197x197/filters:fill(FFF,true):format(jpg)/d2lnr5mha7bycj.cloudfront.net/product-image/file/large_8ad39b07-90b1-4d3f-ab5c-6233a793c293.jpg,"
Meijer,"Kellogg’s Special K Cold Breakfast Cereal, 11 Vitamins and Minerals, 13g Protein, Original",$5.99,,,18 oz,[],,"https://www.instacart.com/image-server/197x197/filters:fill(FFF,true):format(jpg)/d2lnr5mha7bycj.cloudfront.net/product-image/file/large_4afcbff7-29e8-425d-aef4-e110a237447e.jpg,"
Meijer,"Jessica’s Natural Foods Granola, Gluten Free, Vanilla Maple",$7.99,,,11 oz,['Gluten-Free'],,"https://www.instacart.com/image-server/197x197/filters:fill(FFF,true):format(jpg)/d2lnr5mha7bycj.cloudfront.net/product-image/file/large_902fd42c-f632-4a80-901d-52f99230fb3f.jpg,"
Meijer,"Post Oreo O's Breakfast Cereal, Chocolatey Cookie Cereal, Small size box",$5.49,,,11 oz,[],Many in stock,"https://www.instacart.com/image-server/197x197/filters:fill(FFF,true):format(jpg)/d2lnr5mha7bycj.cloudfront.net/product-image/file/large_9bde6b9b-1c6a-4d45-a0e6-52227064ef26.png,"
Meijer,Original price: $5.69,$4.99,,,14.5 oz,"['Gluten-Free', 'Whole Grain']",,"https://www.instacart.com/image-server/197x197/filters:fill(FFF,true):format(jpg)/d2lnr5mha7bycj.cloudfront.net/product-image/file/large_dfe72199-5e49-4373-b93d-583b9da142ba.png,"
Meijer,Kodiak Power Cakes Chocolate Chip Flapjack & Waffle Mix,$5.99,,,18 oz,['Whole Grain'],,"https://www.instacart.com/image-server/197x197/filters:fill(FFF,true):format(jpg)/d2lnr5mha7bycj.cloudfront.net/product-image/file/large_35283603-909e-45e0-91a6-6c2feafac091.jpg,"
Meijer,Malt-O-Meal Berry Colossal Crunch Cereal,$6.99,,,34.5 oz,[],,"https://www.instacart.com/image-server/197x197/filters:fill(FFF,true):format(jpg)/d2lnr5mha7bycj.cloudfront.net/product-image/file/large_c862b20d-8577-4b36-a055-d77b00578576.jpg,"
Meijer,"Post PEBBLES Fruity PEBBLES Breakfast Cereal, Gluten Free, Kids Snacks, Small Cereal Box",$4.59,,,11 oz,['Gluten-Free'],,"https://www.instacart.com/image-server/197x197/filters:fill(FFF,true):format(jpg)/d2lnr5mha7bycj.cloudfront.net/product-image/file/large_805fa214-3b8e-432c-a2c3-35e8e4bc8981.png,"
Meijer,"Malt-O-Meal Frosted Mini Spooners Shredded Wheat Cereal, Bagged Cereal",$6.99,,,36 oz,[],,"https://www.instacart.com/image-server/197x197/filters:fill(FFF,true):format(jpg)/d2lnr5mha7bycj.cloudfront.net/product-image/file/large_0ba05e6e-bda8-4d00-92f0-434501558484.jpg,"
Meijer,Little Debbie Oatmeal Creme Pies,$2.99,,,12 ct,[],Many in stock,"https://www.instacart.com/image-server/197x197/filters:fill(FFF,true):format(jpg)/d2lnr5mha7bycj.cloudfront.net/product-image/file/large_9c01b711-d705-4085-bdf1-c36e717aa307.png,"
Meijer,"Little Debbie Swiss Rolls, Twin Wrapped",$2.99,,,12 ct,[],Many in stock,"https://www.instacart.com/image-server/197x197/filters:fill(FFF,true):format(jpg)/d2lnr5mha7bycj.cloudfront.net/product-image/file/large_015be9b1-3e4f-4c8e-93ad-7b38808040dc.png,"
Meijer,Little Debbie Strawberry Shortcake Rolls,$2.99,,,6 ct,[],,"https://www.instacart.com/image-server/197x197/filters:fill(FFF,true):format(jpg)/d2lnr5mha7bycj.cloudfront.net/product-image/file/large_09f7cc58-db95-4ffa-b121-69429969c6a9.png,"
Meijer,"Nabisco Variety Pack Fun Shapes! Cookies & Crackers, 5 Varieties",$11.99,,,20 x 1 oz,[],,"https://www.instacart.com/image-server/197x197/filters:fill(FFF,true):format(jpg)/d2lnr5mha7bycj.cloudfront.net/product-image/file/large_4e7cf819-9edc-4e23-83b3-7b08994885fd.jpg,"
Meijer,Original price: $3.99,$3.49,,,3.75 oz,['Gluten-Free'],,"https://www.instacart.com/image-server/197x197/filters:fill(FFF,true):format(jpg)/d2lnr5mha7bycj.cloudfront.net/product-image/file/large_1fd77195-d8fa-4d18-aa01-1e84fd8ba65d.png,"
Meijer,Doritos Cool Ranch Tortilla Chips,$4.99,,,9.75 oz,[],,"https://www.instacart.com/image-server/197x197/filters:fill(FFF,true):format(jpg)/d2lnr5mha7bycj.cloudfront.net/product-image/file/large_7cc1c602-c8c5-4e13-a0f2-62666cc2b9c6.png,"
Meijer,"Doritos Tortilla Chips, Nacho Cheese Flavored",$4.99,,,9.75 oz,[],,"https://www.instacart.com/image-server/197x197/filters:fill(FFF,true):format(jpg)/d2lnr5mha7bycj.cloudfront.net/product-image/file/large_7595889a-44b2-4454-9ddc-9b3aa4b72463.png,"
Meijer,"Oreo Chocolate Sandwich Cookies, Party Size",$6.99,,,26 oz,[],,"https://www.instacart.com/image-server/197x197/filters:fill(FFF,true):format(jpg)/d2lnr5mha7bycj.cloudfront.net/product-image/file/large_205e24c6-7f31-4d27-9a2c-97f5a1b3b816.jpg,"
Meijer,Oreo Double Stuf Chocolate Sandwich Cookies,$4.79,,,14 oz,[],,"https://www.instacart.com/image-server/197x197/filters:fill(FFF,true):format(jpg)/d2lnr5mha7bycj.cloudfront.net/product-image/file/large_908f46b5-2fa1-4a01-8536-096e95883647.jpg,"
Meijer,"Meijer Potato Chips, Rippled, Cheddar & Sour Cream Flavored",$2.49,,,7.75 oz,[],Many in stock,"https://www.instacart.com/image-server/197x197/filters:fill(FFF,true):format(jpg)/d2lnr5mha7bycj.cloudfront.net/product-image/file/large_7f631a5b-699a-4c13-8705-3a1eab2b331d.jpg,"
Meijer,Original price: $3.69,$3.49,,,4 ct,[],Many in stock,"https://www.instacart.com/image-server/197x197/filters:fill(FFF,true):format(jpg)/d2lnr5mha7bycj.cloudfront.net/product-image/file/large_928adae0-42d3-416a-bb8c-1e2120ccecdd.png,"
Meijer,"Ritz Fresh Stacks Original Crackers, Party Size",$6.99,,,24 oz,[],,"https://www.instacart.com/image-server/197x197/filters:fill(FFF,true):format(jpg)/d2lnr5mha7bycj.cloudfront.net/product-image/file/large_479e14c3-9269-46ff-a11f-5826988c8ce1.jpg,"
Meijer,Original price: $3.69,$3.49,,,5 ct,[],Many in stock,"https://www.instacart.com/image-server/197x197/filters:fill(FFF,true):format(jpg)/d2lnr5mha7bycj.cloudfront.net/product-image/file/large_ffc3a6e7-0092-437b-b827-6aca914beb04.png,"
Meijer,"Mott’s Fruit Flavored Snacks, Assorted Fruit, Pouches",$9.99,,,32 oz,['Gluten-Free'],,"https://www.instacart.com/image-server/197x197/filters:fill(FFF,true):format(jpg)/d2lnr5mha7bycj.cloudfront.net/product-image/file/large_e7645e47-d78b-44b8-814d-3cfaa74e0572.jpg,"
Meijer,Original price: $3.49,$2.99,,,13.72 oz,[],Many in stock,"https://www.instacart.com/image-server/197x197/filters:fill(FFF,true):format(jpg)/d2lnr5mha7bycj.cloudfront.net/product-image/file/large_6ad1b927-03ce-4034-b00c-c974984abb38.jpg,"
Meijer,Ritz Fresh Stacks Original Crackers,$4.59,,,8 x 1.48 oz,[],,"https://www.instacart.com/image-server/197x197/filters:fill(FFF,true):format(jpg)/d2lnr5mha7bycj.cloudfront.net/product-image/file/large_ecb8ceba-1e94-45d2-9e82-bbc1945dd81d.jpg,"
Meijer,Hostess Chocolate Caramel KAZBARS Creamy and Crunchy Layer Bar Individually Wrapped,$4.99,,,8 ct,[],,"https://www.instacart.com/image-server/197x197/filters:fill(FFF,true):format(jpg)/d2lnr5mha7bycj.cloudfront.net/product-image/file/large_231a30d1-c65b-4291-93bb-8c94bc15f1d5.jpg,"
Meijer,Original price: $10.99,$9.99,,,24 oz,[],,"https://www.instacart.com/image-server/197x197/filters:fill(FFF,true):format(jpg)/d2lnr5mha7bycj.cloudfront.net/product-image/file/large_2c5cd7c1-a537-4004-96d5-996e558abbe8.png,"
Meijer,"Cheetos Cheese Flavored Snacks, Flamin' Hot, Crunchy, Party Size",$6.59,,,15 oz,['Gluten-Free'],,"https://www.instacart.com/image-server/197x197/filters:fill(FFF,true):format(jpg)/d2lnr5mha7bycj.cloudfront.net/product-image/file/large_587864b9-715d-46e6-b0ae-08a47ae06fc8.png,"
Meijer,"Oreo Mega Stuf Chocolate Sandwich Cookies, Family Size",$5.59,,,18 oz,[],,"https://www.instacart.com/image-server/197x197/filters:fill(FFF,true):format(jpg)/d2lnr5mha7bycj.cloudfront.net/product-image/file/large_f263eecd-f305-400d-876c-dc09b4bc6789.jpg,"
Meijer,Meijer HONEY Grahams,$3.99,,,14.4 oz,[],Many in stock,"https://www.instacart.com/image-server/197x197/filters:fill(FFF,true):format(jpg)/d2lnr5mha7bycj.cloudfront.net/product-image/file/large_6f4bbdae-f39e-41d8-b366-178a815cfe79.jpg,"
Meijer,Original price: $5.99,$5.69,,,3.4 oz,"['Gluten-Free', 'Vegan']",,"https://www.instacart.com/image-server/197x197/filters:fill(FFF,true):format(jpg)/d2lnr5mha7bycj.cloudfront.net/product-image/file/large_9c67e119-856d-4e5c-a534-7c562e5a645f.png,"
Meijer,Fritos Scoops!® Corn Chips,$6.59,,,18 oz,"['Gluten-Free', 'Vegan']",,"https://www.instacart.com/image-server/197x197/filters:fill(FFF,true):format(jpg)/d2lnr5mha7bycj.cloudfront.net/product-image/file/large_68c9a86f-1854-4aeb-a1e0-f8cc18b8ae5e.png,"
Meijer,Nabisco Barnum's Animals Crackers,$7.99,,,12 x 1 oz,[],,"https://www.instacart.com/image-server/197x197/filters:fill(FFF,true):format(jpg)/d2lnr5mha7bycj.cloudfront.net/product-image/file/large_21b23965-a7e0-4deb-b6e1-f4e36cce8231.jpg,"
Meijer,Nilla Wafers,$5.59,,,12 oz,[],Many in stock,"https://www.instacart.com/image-server/197x197/filters:fill(FFF,true):format(jpg)/d2lnr5mha7bycj.cloudfront.net/product-image/file/large_e8cc5aa8-eb61-47ec-b00d-a6030076fe69.png,"
Meijer,Original price: $6.99,$4.99,,,9.6 oz,[],,"https://www.instacart.com/image-server/197x197/filters:fill(FFF,true):format(jpg)/d2lnr5mha7bycj.cloudfront.net/product-image/file/large_e49d9732-d38e-42f0-b391-3240a62c5bbd.jpg,"
Meijer,Dole Mandarin Oranges in 100% Fruit Juice,$3.49,,,4 each,[],,"https://www.instacart.com/image-server/197x197/filters:fill(FFF,true):format(jpg)/d2lnr5mha7bycj.cloudfront.net/product-image/file/large_f29464b8-2661-4576-b6e3-1c59b36595c2.png,"
Meijer,"Ritz Peanut Butter Sandwich Crackers, Snack Packs",$4.59,,,8 x 1.38 oz,[],,"https://www.instacart.com/image-server/197x197/filters:fill(FFF,true):format(jpg)/d2lnr5mha7bycj.cloudfront.net/product-image/file/large_f95ae619-8cd9-45b3-9752-c5de8ee5d49f.jpg,"
Meijer,Original price: $5.49,$4.99,,,6 x 2 oz,[],,"https://www.instacart.com/image-server/197x197/filters:fill(FFF,true):format(jpg)/d2lnr5mha7bycj.cloudfront.net/product-image/file/large_dd5ceeb5-235b-470a-92fe-558af6c38a54.png,"
Meijer,Original price: $4.19,$3.99,,,10 x 12.7 oz,[],Many in stock,"https://www.instacart.com/image-server/197x197/filters:fill(FFF,true):format(jpg)/d2lnr5mha7bycj.cloudfront.net/product-image/file/large_1853e1ef-08f4-4195-ab45-594c85dae5cb.jpg,"
Meijer,Original price: $5.49,$4.99,,,5 x 1.76 oz,[],,"https://www.instacart.com/image-server/197x197/filters:fill(FFF,true):format(jpg)/d2lnr5mha7bycj.cloudfront.net/product-image/file/large_eea025b8-4651-4861-8b0a-ea5c7aa930a0.jpg,"
Meijer,"Oreo Thins Chocolate Sandwich Cookies, Family Size",$5.59,,,13 oz,[],,"https://www.instacart.com/image-server/197x197/filters:fill(FFF,true):format(jpg)/d2lnr5mha7bycj.cloudfront.net/product-image/file/large_c9e49808-a1ce-4266-a759-b802e877f269.jpg,"
Meijer,Original price: $5.99,$5.69,,,11.25 oz,"['Gluten-Free', 'Vegan']",,"https://www.instacart.com/image-server/197x197/filters:fill(FFF,true):format(jpg)/d2lnr5mha7bycj.cloudfront.net/product-image/file/large_07aa49fe-9696-416f-a146-45614c1c16b8.jpg,"
Meijer,Original price: $4.19,$3.99,,,8 x 12.7 oz,[],Many in stock,"https://www.instacart.com/image-server/197x197/filters:fill(FFF,true):format(jpg)/d2lnr5mha7bycj.cloudfront.net/product-image/file/large_57eeb026-55c3-49b9-aa4d-43a595cfe2fa.jpg,"
Meijer,"Quaker Rice Thins, Cocoa Crunch",$4.99,,,5.5 oz,['Gluten-Free'],,"https://www.instacart.com/image-server/197x197/filters:fill(FFF,true):format(jpg)/d2lnr5mha7bycj.cloudfront.net/product-image/file/large_622d8e2d-dc49-4f61-b665-91f7b19b3abc.jpg,"
Meijer,Nature Valley Peanut Butter Biscuit Sandwiches,$3.99,,,6.75 oz,[],,"https://www.instacart.com/image-server/197x197/filters:fill(FFF,true):format(jpg)/d2lnr5mha7bycj.cloudfront.net/product-image/file/large_6efc0421-cd0c-4d33-b857-adf3c4f1ef38.png,"
Meijer,"Quaker Rice Chips, Sour Cream & Chive",$4.99,,,5.5 oz,['Gluten-Free'],,"https://www.instacart.com/image-server/197x197/filters:fill(FFF,true):format(jpg)/d2lnr5mha7bycj.cloudfront.net/product-image/file/large_19cb1ef9-f9dd-47fc-92fb-0e2db8b74603.jpg,"
Meijer,Cheetos Crunchy Cheese Flavored Snacks,$4.99,,,8.5 oz,['Gluten-Free'],,"https://www.instacart.com/image-server/197x197/filters:fill(FFF,true):format(jpg)/d2lnr5mha7bycj.cloudfront.net/product-image/file/large_bd481e73-2fc4-40c5-a9c2-465d6ae2afc9.png,"
Meijer,"Cheetos Puffs, Cheese Flavored Snacks",$4.99,,,8 oz,['Gluten-Free'],,"https://www.instacart.com/image-server/197x197/filters:fill(FFF,true):format(jpg)/d2lnr5mha7bycj.cloudfront.net/product-image/file/large_eebddcfd-2633-4cd9-acf9-e543f3ec312c.png,"
Meijer,"Oreo Golden Sandwich Cookies, Party Size,",$6.99,,,26 oz,[],,"https://www.instacart.com/image-server/197x197/filters:fill(FFF,true):format(jpg)/d2lnr5mha7bycj.cloudfront.net/product-image/file/large_97e2206d-b396-4509-8770-34104df7a094.jpg,"
Meijer,Original price: $3.99,$3.49,,,12.5 oz,"['Gluten-Free', 'Vegan']",Many in stock,"https://www.instacart.com/image-server/197x197/filters:fill(FFF,true):format(jpg)/d2lnr5mha7bycj.cloudfront.net/product-image/file/large_9a92d35d-5999-426a-adf0-aca8afdbc0d8.png,"
Meijer,Original price: $3.99,$2.89,,,7 oz,[],,"https://www.instacart.com/image-server/197x197/filters:fill(FFF,true):format(jpg)/d2lnr5mha7bycj.cloudfront.net/product-image/file/large_11683de5-e1cf-48f9-805b-1a631f306202.jpg,"
Meijer,Pepperidge Farm Goldfish Cheddar Crackers,$3.99,,,10 oz,[],,"https://www.instacart.com/image-server/197x197/filters:fill(FFF,true):format(jpg)/d2lnr5mha7bycj.cloudfront.net/product-image/file/large_b4cad0d9-9235-4f5e-8f0f-e5ac2cc820a7.jpg,"
Meijer,Original price: $3.99,$3.49,,,11 oz,['Low Fat'],,"https://www.instacart.com/image-server/197x197/filters:fill(FFF,true):format(jpg)/d2lnr5mha7bycj.cloudfront.net/product-image/file/large_1cc61be6-db40-4980-98fe-02b2d7e68180.jpg,"
Meijer,"Betty Crocker Fruit Snacks, Gushers, Variety Snack Pack",$3.59,,,6 x 0.9 oz,['Gluten-Free'],,"https://www.instacart.com/image-server/197x197/filters:fill(FFF,true):format(jpg)/d2lnr5mha7bycj.cloudfront.net/product-image/file/large_0d17b5c1-5935-49e8-a7b2-32823b8d3d30.jpg,"
Meijer,Original price: $5.49,$4.99,,,5 ct,[],,"https://www.instacart.com/image-server/197x197/filters:fill(FFF,true):format(jpg)/d2lnr5mha7bycj.cloudfront.net/product-image/file/large_c02419bf-8313-402b-b8b2-cf1c065cc052.png,"
Meijer,Original price: $5.99,$4.99,,,9.7 oz,[],,"https://www.instacart.com/image-server/197x197/filters:fill(FFF,true):format(jpg)/d2lnr5mha7bycj.cloudfront.net/product-image/file/large_0a702979-5d08-4e63-be5b-ef7b9e1a740d.jpg,"
Meijer,Original price: $8.99,$6.99,,,17.88 oz,[],,"https://www.instacart.com/image-server/197x197/filters:fill(FFF,true):format(jpg)/d2lnr5mha7bycj.cloudfront.net/product-image/file/large_a0cc0355-da91-40a7-912f-424e0eecc84e.png,"
Meijer,Snack Factory Original Pretzel Crisps,$4.99,,,7.2 oz,[],,"https://www.instacart.com/image-server/197x197/filters:fill(FFF,true):format(jpg)/d2lnr5mha7bycj.cloudfront.net/product-image/file/large_5ceca57e-d2a5-478e-9c69-2a6efaefc5c1.jpg,"
Meijer,Oreo Cakesters Soft Snack Cakes,$4.79,,,5 x 10 oz,[],,"https://www.instacart.com/image-server/197x197/filters:fill(FFF,true):format(jpg)/d2lnr5mha7bycj.cloudfront.net/product-image/file/large_97fad6d5-fc2a-46d3-950b-f1071fa6b437.jpg,"
Meijer,Nature Valley Peanut Butter Chocolate Wafer Bars,$4.99,,,6.5 oz,[],,"https://www.instacart.com/image-server/197x197/filters:fill(FFF,true):format(jpg)/d2lnr5mha7bycj.cloudfront.net/product-image/file/large_4287722d-0dc4-4637-8293-109e6d44c1c2.png,"
Meijer,"Oreo Chocolate Peanut Butter Pie Sandwich Cookies, Family Size",$5.59,,,17 oz,[],,"https://www.instacart.com/image-server/197x197/filters:fill(FFF,true):format(jpg)/d2lnr5mha7bycj.cloudfront.net/product-image/file/large_4d73c81d-3e49-4f5c-953d-2b4d94919da6.jpg,"
Meijer,Nature Valley Almond Butter Biscuits Sandwiches,$3.99,,,6.75 oz,[],,"https://www.instacart.com/image-server/197x197/filters:fill(FFF,true):format(jpg)/d2lnr5mha7bycj.cloudfront.net/product-image/file/large_6e33afb2-cfde-459f-899d-69eba07deab4.png,"
Meijer,belVita Breakfast Cinnamon Brown Sugar Breakfast Biscuits,$8.59,,,8 x 14 oz,[],,"https://www.instacart.com/image-server/197x197/filters:fill(FFF,true):format(jpg)/d2lnr5mha7bycj.cloudfront.net/product-image/file/large_a4126609-82c6-44bb-beb3-08a114a634ca.jpg,"
Meijer,"Ritz Original Crackers, Family Size",$5.99,,,20 oz,[],,"https://www.instacart.com/image-server/197x197/filters:fill(FFF,true):format(jpg)/d2lnr5mha7bycj.cloudfront.net/product-image/file/large_6c9f817b-3a21-4ed5-aab7-8e30929543c5.png,"
Meijer,KIND Caramel Almond & Sea Salt,$8.99,,,6 x 8 oz,['Gluten-Free'],,"https://www.instacart.com/image-server/197x197/filters:fill(FFF,true):format(jpg)/d2lnr5mha7bycj.cloudfront.net/product-image/file/large_75f25ad0-c1bd-414e-afb1-ca96baab52ce.png,"
Meijer,Nature Valley Peanut Butter Soft-Baked Oatmeal Squares,$3.99,,,7.44 oz,[],,"https://www.instacart.com/image-server/197x197/filters:fill(FFF,true):format(jpg)/d2lnr5mha7bycj.cloudfront.net/product-image/file/large_9306909b-6ee2-4116-9759-d3aa6732e5ae.png,"
Meijer,Nature Valley Whole Grain Chocolate Peanut Butter Biscuit Sandwiches,$3.99,,,6.75 oz,[],,"https://www.instacart.com/image-server/197x197/filters:fill(FFF,true):format(jpg)/d2lnr5mha7bycj.cloudfront.net/product-image/file/large_16179af5-c499-4963-92c7-37e96c22d828.png,"
Meijer,Original price: $6.99,$4.99,,,21 oz,['Light Sodium'],,"https://www.instacart.com/image-server/197x197/filters:fill(FFF,true):format(jpg)/d2lnr5mha7bycj.cloudfront.net/product-image/file/large_38bcad19-dc5d-46e5-9616-ac0aa6ddb486.png,"
Meijer,Original price: $3.99,$3.49,,,9 oz,['Zero Sugar'],,"https://www.instacart.com/image-server/197x197/filters:fill(FFF,true):format(jpg)/d2lnr5mha7bycj.cloudfront.net/product-image/file/large_b995421c-ccd0-4278-b7d0-c4ff6909c7ee.jpg,"
Meijer,Nature Valley Peanut Sweet and Salty Nut Chewy Granola Bars,$3.99,,,7.2 oz,[],,"https://www.instacart.com/image-server/197x197/filters:fill(FFF,true):format(jpg)/d2lnr5mha7bycj.cloudfront.net/product-image/file/large_86e731ad-be58-4c2b-ab3d-4152a320e937.png,"
Meijer,Original price: $3.99,$3.49,,,8 oz,['Zero Sugar'],Many in stock,"https://www.instacart.com/image-server/197x197/filters:fill(FFF,true):format(jpg)/d2lnr5mha7bycj.cloudfront.net/product-image/file/large_9e489b0f-caee-40e6-b3de-38b2c80bfd72.jpg,"
Meijer,Teddy Grahams Chocolate Graham Snacks,$4.99,,,10 oz,[],,"https://www.instacart.com/image-server/197x197/filters:fill(FFF,true):format(jpg)/d2lnr5mha7bycj.cloudfront.net/product-image/file/large_e1c46c1b-e202-45d2-806b-a8f481a68124.jpg,"
Meijer,"Catalina Crunch Chocolate Vanilla, Keto Sandwich Cookies",$8.69,,,6.8 oz,"['Vegan', 'Keto']",,"https://www.instacart.com/image-server/197x197/filters:fill(FFF,true):format(jpg)/d2lnr5mha7bycj.cloudfront.net/product-image/file/large_67ea7813-1ae8-4710-8f9c-afc6f156728a.jpg,"
Meijer,Meijer Crinkle Cut Fries French Fried Potatoes,$4.59,,,32 oz,['Vegan'],,"https://www.instacart.com/image-server/197x197/filters:fill(FFF,true):format(jpg)/d2lnr5mha7bycj.cloudfront.net/product-image/file/large_87af9057-4403-4d1a-b4e0-8cb9f27bf83a.jpg,"
Meijer,Original price: $6.99,$5.99,,,23 oz,[],,"https://www.instacart.com/image-server/197x197/filters:fill(FFF,true):format(jpg)/d2lnr5mha7bycj.cloudfront.net/product-image/file/large_f0a2b074-1e38-4bcc-950d-c87c01f24891.jpg,"
Meijer,Totino's Pepperoni Flavored Pizza Rolls Frozen Kids Snacks Microwave Air Fryer Ready,$12.99,,,39.1 oz,[],,"https://www.instacart.com/image-server/197x197/filters:fill(FFF,true):format(jpg)/d2lnr5mha7bycj.cloudfront.net/product-image/file/large_05527d14-f4e6-4f1a-82e9-50d51cefcb65.png,"
Meijer,"El Monterey Taquitos, Southwest Chicken",$8.99,,,12 each,[],,"https://www.instacart.com/image-server/197x197/filters:fill(FFF,true):format(jpg)/d2lnr5mha7bycj.cloudfront.net/product-image/file/large_f86b6270-0b96-4e8d-83a8-a891bfda2b3c.png,"
Meijer,Bibigo Mini Wontons Chicken & Vegetable Dumplings,$8.59,,,24 oz,[],,"https://www.instacart.com/image-server/197x197/filters:fill(FFF,true):format(jpg)/d2lnr5mha7bycj.cloudfront.net/product-image/file/large_9c96c33f-6899-422c-9b87-637aa58e336d.png,"
Meijer,Meijer Regular Cut Fries French Fried Potatoes,$4.59,,,32 oz,['Vegan'],,"https://www.instacart.com/image-server/197x197/filters:fill(FFF,true):format(jpg)/d2lnr5mha7bycj.cloudfront.net/product-image/file/large_13290ca4-a629-44a8-873c-414ffa450f7e.jpg,"
Meijer,Totino's Combination Pizza Rolls Frozen Kids Snacks Microwave Air Fryer Ready,$12.99,,,39.1 oz,[],,"https://www.instacart.com/image-server/197x197/filters:fill(FFF,true):format(jpg)/d2lnr5mha7bycj.cloudfront.net/product-image/file/large_45daf036-2c71-473f-8ebb-9be5553ef202.png,"
Meijer,Meijer Pepperoni Pizza In A Golden Crust Pizza Snack Rolls,$4.99,,,25 oz,[],,"https://www.instacart.com/image-server/197x197/filters:fill(FFF,true):format(jpg)/d2lnr5mha7bycj.cloudfront.net/product-image/file/large_9093b269-e57d-4297-9263-7a19310bccc0.png,"
Meijer,Meijer French Fried Potatoes,$4.59,,,28 oz,['Vegan'],,"https://www.instacart.com/image-server/197x197/filters:fill(FFF,true):format(jpg)/d2lnr5mha7bycj.cloudfront.net/product-image/file/large_a3e76d11-72cc-4019-ab8f-2b390b573185.jpg,"
Meijer,"Totino's Pizza Rolls, Pepperoni",$6.99,,,50 ct,[],,"https://www.instacart.com/image-server/197x197/filters:fill(FFF,true):format(jpg)/d2lnr5mha7bycj.cloudfront.net/product-image/file/large_5edac56f-da6d-414f-9e92-85514eea4e07.jpg,"
Meijer,Original price: $8.59,$6.99,,,10 oz,[],,"https://www.instacart.com/image-server/197x197/filters:fill(FFF,true):format(jpg)/d2lnr5mha7bycj.cloudfront.net/product-image/file/large_041a5275-2274-467d-b19e-a7a64be1956e.jpg,"
Meijer,Bibigo Pork & Vegetable Steamed Dumplings,$3.99,,,6.6 oz,[],,"https://www.instacart.com/image-server/197x197/filters:fill(FFF,true):format(jpg)/d2lnr5mha7bycj.cloudfront.net/product-image/file/large_2d3a097b-4f3c-4de2-889e-960936b40c30.jpg,"
Meijer,Mccain Smiles Potatoes,$4.99,,,26 oz,[],,"https://www.instacart.com/image-server/197x197/filters:fill(FFF,true):format(jpg)/d2lnr5mha7bycj.cloudfront.net/product-image/file/large_e7cefbaa-22aa-4553-8846-0650fb3a4431.png,"
Meijer,State Fair Classic Corn Dogs Frozen,$12.59,,,16 x 2.67 oz,[],,"https://www.instacart.com/image-server/197x197/filters:fill(FFF,true):format(jpg)/d2lnr5mha7bycj.cloudfront.net/product-image/file/large_20937219-1af5-4f81-879a-bd15d974225d.png,"
Meijer,Annie's Three Cheese Mini Frozen Pizza Bagels,$6.99,,,6.65 oz,[],,"https://www.instacart.com/image-server/197x197/filters:fill(FFF,true):format(jpg)/d2lnr5mha7bycj.cloudfront.net/product-image/file/large_fd92557b-621e-4168-9ed8-c5a879e49a94.png,"
Meijer,Original price: $6.99,$5.99,,,23 ct,[],,"https://www.instacart.com/image-server/197x197/filters:fill(FFF,true):format(jpg)/d2lnr5mha7bycj.cloudfront.net/product-image/file/large_d4ce3eaf-cb77-4e13-9584-2270c7b02844.jpg,"
Meijer,Original price: $5.69,$3.99,,,5 ct,[],,"https://www.instacart.com/image-server/197x197/filters:fill(FFF,true):format(jpg)/d2lnr5mha7bycj.cloudfront.net/product-image/file/large_e0e29653-a3fb-4ed1-87f6-d3055317bdb8.png,"
Meijer,White Castle Hamburger Castle Bites,$5.99,,,18 onz,[],,"https://www.instacart.com/image-server/197x197/filters:fill(FFF,true):format(jpg)/d2lnr5mha7bycj.cloudfront.net/product-image/file/large_c8922662-3bad-4055-abfc-c72b43c9a067.jpg,"
Meijer,"Ling Ling Potstickers, Pork & Vegetable",$8.99,,,24 oz,[],,"https://www.instacart.com/image-server/197x197/filters:fill(FFF,true):format(jpg)/d2lnr5mha7bycj.cloudfront.net/product-image/file/large_5544443b-ec5f-49db-a861-950fd36938ce.png,"
Meijer,"Arby's Curly Fries, Seasoned",$5.69,,,22 oz,[],Many in stock,"https://www.instacart.com/image-server/197x197/filters:fill(FFF,true):format(jpg)/d2lnr5mha7bycj.cloudfront.net/product-image/file/large_a8645891-fecd-4cbb-a6cf-537fb5ff7e65.png,"
Meijer,"Ling Ling Potstickers, Chicken & Vegetable",$8.99,,,24 oz,[],,"https://www.instacart.com/image-server/197x197/filters:fill(FFF,true):format(jpg)/d2lnr5mha7bycj.cloudfront.net/product-image/file/large_c5a0eb06-50c5-4074-b368-2e912ef69fad.png,"
Meijer,Bagel Bites Cheese & Pepperoni Mini Pizza Bagel Frozen Food Snacks,$5.99,,,18 ct,[],,"https://www.instacart.com/image-server/197x197/filters:fill(FFF,true):format(jpg)/d2lnr5mha7bycj.cloudfront.net/product-image/file/large_164ddf2e-01ef-4b7e-8ab7-47bb5a692c51.jpg,"
Meijer,Meijer Seasoned Fries French Fried Potatoes,$4.59,,,24 oz,[],Likely out of stock,"https://www.instacart.com/image-server/197x197/filters:fill(FFF,true):format(jpg)/d2lnr5mha7bycj.cloudfront.net/product-image/file/large_7be65e6d-2a20-4b44-9e86-786cb4e5a152.jpg,"
Meijer,Original price: $7.39,$6.89,,,9 oz,[],,"https://www.instacart.com/image-server/197x197/filters:fill(FFF,true):format(jpg)/d2lnr5mha7bycj.cloudfront.net/product-image/file/large_7582f228-07be-4678-a7b6-7690d0f7e998.png,"
Meijer,SUPERPRETZEL Original Soft Pretzels,$3.59,,,6 ct,[],,"https://www.instacart.com/image-server/197x197/filters:fill(FFF,true):format(jpg)/d2lnr5mha7bycj.cloudfront.net/product-image/file/large_be83a6e2-47bf-4366-8b0b-85117292032e.png,"
Meijer,Original price: $7.99,$5.69,,,14 oz,[],,"https://www.instacart.com/image-server/197x197/filters:fill(FFF,true):format(jpg)/d2lnr5mha7bycj.cloudfront.net/product-image/file/large_5dbf5db4-582c-4673-bce9-adb8e46f4158.jpg,"
Meijer,TGI Fridays Mozzarella Sticks Frozen Snacks with Marinara Sauce,$5.49,,,11 oz,[],,"https://www.instacart.com/image-server/197x197/filters:fill(FFF,true):format(jpg)/d2lnr5mha7bycj.cloudfront.net/product-image/file/large_b8ecea4f-aa4c-4397-9678-6e2ef8d9efd2.jpg,"
Meijer,"State Fair Classic Mini Corn Dogs, Frozen",$12.59,,,46 x 30.4 oz,[],,"https://www.instacart.com/image-server/197x197/filters:fill(FFF,true):format(jpg)/d2lnr5mha7bycj.cloudfront.net/product-image/file/large_85eccf84-48da-4b26-afbd-c5aed522762e.png,"
Meijer,The Pizza Cupcake Pepperoni - Gourmet Pizza Snack,$10.99,,,11.45 oz,[],,"https://www.instacart.com/image-server/197x197/filters:fill(FFF,true):format(jpg)/d2lnr5mha7bycj.cloudfront.net/product-image/file/large_368170fe-9e71-4947-829c-39774eea2f9b.jpg,"
Meijer,Meijer Corn Mini Dogs,$8.99,,,30.82 oz,[],,"https://www.instacart.com/image-server/197x197/filters:fill(FFF,true):format(jpg)/d2lnr5mha7bycj.cloudfront.net/product-image/file/large_d9bc1679-5da8-4c43-bf11-82f380f04cca.jpg,"
Meijer,Ore-Ida Extra Crispy Fast Food French Fries Fried Food Snacks Frozen Potatoes,$5.69,,,26 oz,"['Vegan', 'Gluten-Free']",,"https://www.instacart.com/image-server/197x197/filters:fill(FFF,true):format(jpg)/d2lnr5mha7bycj.cloudfront.net/product-image/file/large_dfb28f0b-a151-4c8a-8284-028a250f2bd7.jpg,"
Meijer,Farm Rich Breaded Mozzarella Cheese Sticks,$14.99,,,48 oz,[],,"https://www.instacart.com/image-server/197x197/filters:fill(FFF,true):format(jpg)/d2lnr5mha7bycj.cloudfront.net/product-image/file/large_447c3074-f55d-4580-8246-855e4b1f69b8.jpg,"
Meijer,"Alexia Puffs, Sweet Potato, Crispy, Bite-Size",$6.79,,,20 oz,[],,"https://www.instacart.com/image-server/197x197/filters:fill(FFF,true):format(jpg)/d2lnr5mha7bycj.cloudfront.net/product-image/file/large_8fa061d4-463b-4378-bcc1-9201fdced5c1.png,"
Meijer,"Checkers & Rally's Fries, Famous, Seasoned",$5.69,,,28 oz,[],,"https://www.instacart.com/image-server/197x197/filters:fill(FFF,true):format(jpg)/d2lnr5mha7bycj.cloudfront.net/product-image/file/large_c57a8e3d-4db9-4524-8cde-e95f1fd6874d.png,"
Meijer,Grown In Idaho Hand Cut Style Fries,$4.99,,,28 oz,['Vegan'],,"https://www.instacart.com/image-server/197x197/filters:fill(FFF,true):format(jpg)/d2lnr5mha7bycj.cloudfront.net/product-image/file/large_e93f3e54-527d-4d2a-abf7-07ea6e10c9d8.png,"
Meijer,TGI Fridays Spinach & Artichoke Cheese Dip Frozen Snack,$5.49,,,8 oz,[],,"https://www.instacart.com/image-server/197x197/filters:fill(FFF,true):format(jpg)/d2lnr5mha7bycj.cloudfront.net/product-image/file/large_c023d48f-d071-46ce-b9d1-e5c9d6d3b661.jpg,"
Meijer,Ore-Ida Zesty Curly Seasoned French Fries Fried Food Snacks Frozen Potatoes,$5.69,,,28 oz,['Gluten-Free'],,"https://www.instacart.com/image-server/197x197/filters:fill(FFF,true):format(jpg)/d2lnr5mha7bycj.cloudfront.net/product-image/file/large_f4b891e9-3f12-48d4-bb59-0aee1382eb80.jpg,"
Meijer,Original price: $2.79,$2.69,,,9 oz,[],,"https://www.instacart.com/image-server/197x197/filters:fill(FFF,true):format(jpg)/d2lnr5mha7bycj.cloudfront.net/product-image/file/large_028eaa78-1554-46e3-b73a-240aa1907695.jpg,"
Meijer,Grown In Idaho Super Crispy Steak Cut Fries,$4.99,,,28 oz,['Vegan'],,"https://www.instacart.com/image-server/197x197/filters:fill(FFF,true):format(jpg)/d2lnr5mha7bycj.cloudfront.net/product-image/file/large_ba57741a-dcfb-49fd-91c3-e21d25343b15.png,"
Meijer,Ore-Ida Golden Crinkles French Fries Fried Potatoes Frozen Food Snacks,$5.69,,,38.4 oz,"['Gluten-Free', 'Vegan']",Many in stock,"https://www.instacart.com/image-server/197x197/filters:fill(FFF,true):format(jpg)/d2lnr5mha7bycj.cloudfront.net/product-image/file/large_ee0c17b8-bc68-44b2-9e5c-4e03a334329a.jpg,"
Meijer,Original price: $8.59,$6.99,,,22.5 oz,[],,"https://www.instacart.com/image-server/197x197/filters:fill(FFF,true):format(jpg)/d2lnr5mha7bycj.cloudfront.net/product-image/file/large_9b4d9187-e622-40ba-892e-cc72ff861818.jpg,"
Meijer,Original price: $3.99,$3.49,,,6 oz,[],,"https://www.instacart.com/image-server/197x197/filters:fill(FFF,true):format(jpg)/d2lnr5mha7bycj.cloudfront.net/product-image/file/large_50d9a005-76e8-4a2a-b531-28fe079c16a9.jpg,"
Meijer,"Feel Good Foods Gluten-Free, Breaded Mozzarella Sticks",$7.99,,,8 oz,['Gluten-Free'],,"https://www.instacart.com/image-server/197x197/filters:fill(FFF,true):format(jpg)/d2lnr5mha7bycj.cloudfront.net/product-image/file/large_a1ee1504-30b7-492a-9c03-b514aa6b0ef8.png,"
Meijer,TGI Fridays Loaded Cheddar & Bacon Potato Skins Frozen Snacks,$8.99,,,13.5 oz,[],,"https://www.instacart.com/image-server/197x197/filters:fill(FFF,true):format(jpg)/d2lnr5mha7bycj.cloudfront.net/product-image/file/large_43b9899f-94ee-4f06-80cc-02b35d2935c9.jpg,"
Meijer,Hot Pockets Hot Pocket Pepperoni Pizza Crispy Crust,$3.59,,,2 x 4.5 oz,[],,"https://www.instacart.com/image-server/197x197/filters:fill(FFF,true):format(jpg)/d2lnr5mha7bycj.cloudfront.net/product-image/file/large_055e1a3d-6213-48db-a379-6b8678c4a719.png,"
Meijer,Hot Pockets Philly Steak And Cheese Frozen Sandwiches,$3.59,,,2 x 4.5 oz,[],,"https://www.instacart.com/image-server/197x197/filters:fill(FFF,true):format(jpg)/d2lnr5mha7bycj.cloudfront.net/product-image/file/large_99e2fcc2-d7d8-4676-9951-7553f0c364a0.png,"
Meijer,Bibigo Crispy Dumpling Bites Chicken Bulgogi,$4.59,,,7.7 oz,[],,"https://www.instacart.com/image-server/197x197/filters:fill(FFF,true):format(jpg)/d2lnr5mha7bycj.cloudfront.net/product-image/file/large_68d86e02-f65e-47c7-b1d4-5543c036c9de.jpg,"
Meijer,Original price: $16.99,$13.99,,,12 ct,[],,"https://www.instacart.com/image-server/197x197/filters:fill(FFF,true):format(jpg)/d2lnr5mha7bycj.cloudfront.net/product-image/file/large_d94b7c24-433b-4c24-9556-4495a578ad23.jpg,"
Meijer,Mrs. T's Classic Cheddar,$3.99,,,16 oz,[],,"https://www.instacart.com/image-server/197x197/filters:fill(FFF,true):format(jpg)/d2lnr5mha7bycj.cloudfront.net/product-image/file/large_66916bae-3dbb-474b-ae7b-6f1abde41096.jpg,"
Meijer,"Alexia Fries, Sweet Potato",$6.79,,,20 oz,[],,"https://www.instacart.com/image-server/197x197/filters:fill(FFF,true):format(jpg)/d2lnr5mha7bycj.cloudfront.net/product-image/file/large_04e99385-624f-41af-a88b-0e2b38143c1b.png,"
Meijer,El Monterey Extra Crunchy Diablo Chicken Taquitos,$8.99,,,18 ct,[],,"https://www.instacart.com/image-server/197x197/filters:fill(FFF,true):format(jpg)/d2lnr5mha7bycj.cloudfront.net/product-image/file/large_4e7ede00-35ef-400c-832a-c5a0b6e6c89d.png,"
Meijer,"SUPERPRETZEL SoftStix, Cheddar",$3.59,,,9 oz,[],,"https://www.instacart.com/image-server/197x197/filters:fill(FFF,true):format(jpg)/d2lnr5mha7bycj.cloudfront.net/product-image/file/large_43eada64-b4e6-4a28-95a2-c12738244be8.png,"
Meijer,Mrs. T's Classic Onion,$3.99,,,16 oz,[],,"https://www.instacart.com/image-server/197x197/filters:fill(FFF,true):format(jpg)/d2lnr5mha7bycj.cloudfront.net/product-image/file/large_3e3a8eef-a9b7-4d3c-bb6a-486d857c8c2f.jpg,"
Meijer,El Monterey Nacho Cheese Flour Taquitos,$8.99,,,20 each,[],Many in stock,"https://www.instacart.com/image-server/197x197/filters:fill(FFF,true):format(jpg)/d2lnr5mha7bycj.cloudfront.net/product-image/file/large_05516ac6-8e32-4fc9-94e6-20f2bc94012a.png,"
Meijer,"SeaPak Tempura Shrimp, Oven Crispy",$8.99,,,8.2 oz,[],,"https://www.instacart.com/image-server/197x197/filters:fill(FFF,true):format(jpg)/d2lnr5mha7bycj.cloudfront.net/product-image/file/large_6e474c8f-c7fa-4934-bbe5-1e7d8305d433.png,"
Meijer,SeaPak Budweiser Beer Battered Crab Poppers with Citrus Tartar Sauce,$8.99,,,11 oz,[],,"https://www.instacart.com/image-server/197x197/filters:fill(FFF,true):format(jpg)/d2lnr5mha7bycj.cloudfront.net/product-image/file/large_5f709160-3ce3-46c0-8ad9-e69b1881dfd5.png,"
Meijer,"DEVOUR Smokehouse Meat & Potatoes with Chicken, Sausage & Bacon Frozen Meal",$3.99,,,9.8 oz,[],,"https://www.instacart.com/image-server/197x197/filters:fill(FFF,true):format(jpg)/d2lnr5mha7bycj.cloudfront.net/product-image/file/large_15c4ab02-38cc-4ec0-89e2-f880ffc37162.png,"
Meijer,Birds Eye Frozen Spinach & Artichoke Dip,$3.69,,,10 oz,[],,"https://www.instacart.com/image-server/197x197/filters:fill(FFF,true):format(jpg)/d2lnr5mha7bycj.cloudfront.net/product-image/file/large_c42c87a4-30e5-4c49-8a0e-2004c85d2554.jpg,"
Meijer,Farm Rich Breaded Wisconsin Cheddar Cheese Curds in a Crispy Coating,$7.99,,,15 oz,[],,"https://www.instacart.com/image-server/197x197/filters:fill(FFF,true):format(jpg)/d2lnr5mha7bycj.cloudfront.net/product-image/file/large_593f044a-2a9f-4b5a-859b-73c5d6219969.jpg,"
Meijer,SeaPak Shrimp Spring Rolls with Sweet Chili Sauce,$12.59,,,20 oz,[],,"https://www.instacart.com/image-server/197x197/filters:fill(FFF,true):format(jpg)/d2lnr5mha7bycj.cloudfront.net/product-image/file/large_02343882-9576-4941-b486-a3b9c627f05f.jpg,"
Meijer,Farm Rich Breaded Jalapeno Peppers Stuffed with 100% Real Cream Cheese,$7.99,,,17 oz,[],,"https://www.instacart.com/image-server/197x197/filters:fill(FFF,true):format(jpg)/d2lnr5mha7bycj.cloudfront.net/product-image/file/large_2364a6a0-96b7-48fe-b9f9-8d093b1fc27f.jpg,"
Meijer,Banquet Chicken Pot Pie Frozen Pot Pie Dinner,$1.42,,,7 oz,[],,"https://www.instacart.com/image-server/197x197/filters:fill(FFF,true):format(jpg)/d2lnr5mha7bycj.cloudfront.net/product-image/file/large_e3ff0af3-e966-45b6-b69f-f6dcccc45ca0.jpg,"
Meijer,Jack's Original Pepperoni,$4.59,,,15.3 oz,[],,"https://www.instacart.com/image-server/197x197/filters:fill(FFF,true):format(jpg)/d2lnr5mha7bycj.cloudfront.net/product-image/file/large_4bb1e9ae-994d-4f7b-8555-42d8eb5c7578.jpg,"
Meijer,White Castle Original Chicken Rings,$9.99,,,20 onz,[],,"https://www.instacart.com/image-server/197x197/filters:fill(FFF,true):format(jpg)/d2lnr5mha7bycj.cloudfront.net/product-image/file/large_54955e08-aa73-48f5-b5c0-c8354796cfe9.jpg,"
Meijer,Original price: $10.99,$8.99,,,22.2 oz,[],,"https://www.instacart.com/image-server/197x197/filters:fill(FFF,true):format(jpg)/d2lnr5mha7bycj.cloudfront.net/product-image/file/large_325d724f-6b75-4819-8684-2e5755bb002f.jpg,"
Meijer,Birds Eye Voila! Alfredo Chicken Frozen Meal,$9.99,,,42 oz,[],,"https://www.instacart.com/image-server/197x197/filters:fill(FFF,true):format(jpg)/d2lnr5mha7bycj.cloudfront.net/product-image/file/large_70eaf2ee-a782-4555-b857-ec224a4924cd.jpg,"
Meijer,Original price: $8.59,$6.99,,,6.8 oz,[],,"https://www.instacart.com/image-server/197x197/filters:fill(FFF,true):format(jpg)/d2lnr5mha7bycj.cloudfront.net/product-image/file/large_9211e8f8-1ded-4be7-a48b-0991307e840a.jpg,"
Meijer,White Castle Cheeseburger Castle Bites,$5.99,,,18 oz,[],,"https://www.instacart.com/image-server/197x197/filters:fill(FFF,true):format(jpg)/d2lnr5mha7bycj.cloudfront.net/product-image/file/large_664ba959-2f4a-43f3-866b-6d4b5fbd3fd7.jpg,"
Meijer,Birds Eye Voila! Garlic Chicken Frozen Meal,$5.99,,,21 oz,[],,"https://www.instacart.com/image-server/197x197/filters:fill(FFF,true):format(jpg)/d2lnr5mha7bycj.cloudfront.net/product-image/file/large_886cdb34-b4ab-495c-b901-77b53860cfdd.jpg,"
Meijer,"Banquet Classic Spaghetti and Meatballs, Frozen Meal",$1.99,,,10 oz,[],,"https://www.instacart.com/image-server/197x197/filters:fill(FFF,true):format(jpg)/d2lnr5mha7bycj.cloudfront.net/product-image/file/large_b72a3ba0-ebc9-4bb0-a882-5391e2abc54c.jpg,"
Meijer,Meijer Pepperoni Rising Crust Pizza,$5.99,,,28.3 oz,[],,"https://www.instacart.com/image-server/197x197/filters:fill(FFF,true):format(jpg)/d2lnr5mha7bycj.cloudfront.net/product-image/file/large_0e3e073a-99fc-4236-bbd7-59b8413e5005.png,"
Meijer,Birds Eye Steamfresh Sauced Cheesy Pasta & Broccoli Frozen Side,$2.89,,,10.8 oz,[],,"https://www.instacart.com/image-server/197x197/filters:fill(FFF,true):format(jpg)/d2lnr5mha7bycj.cloudfront.net/product-image/file/large_c0c0f47c-4f5c-45fd-8046-c84f4407ccdd.jpg,"
Meijer,Stouffer's Family Size Meatloaf Frozen Meal,$11.99,,,33 oz,[],,"https://www.instacart.com/image-server/197x197/filters:fill(FFF,true):format(jpg)/d2lnr5mha7bycj.cloudfront.net/product-image/file/large_b67819af-a017-4f01-a418-1e9f0713707c.jpg,"
Meijer,Totino's Pepperoni Flavored Party Pizza Thin Crust Frozen Pizza Snacks,$2.39,,,10.2 oz,[],,"https://www.instacart.com/image-server/197x197/filters:fill(FFF,true):format(jpg)/d2lnr5mha7bycj.cloudfront.net/product-image/file/large_e2d78b51-2e24-4a80-80eb-d8130665cf00.png,"
Meijer,Original price: $10.99,$9.99,,,11.8 oz,['Gluten-Free'],,"https://www.instacart.com/image-server/197x197/filters:fill(FFF,true):format(jpg)/d2lnr5mha7bycj.cloudfront.net/product-image/file/large_f68cd304-0b5e-471f-98a5-b7f92da1d3d1.jpg,"
Meijer,Meijer Pepperoni Original Thin Pizza,$3.99,,,15.4 oz,[],,"https://www.instacart.com/image-server/197x197/filters:fill(FFF,true):format(jpg)/d2lnr5mha7bycj.cloudfront.net/product-image/file/large_59843e7a-fcd8-48fa-99ee-b29379f5f1c9.png,"
Meijer,Original price: $3.99,$3.49,,,12 oz,[],,"https://www.instacart.com/image-server/197x197/filters:fill(FFF,true):format(jpg)/d2lnr5mha7bycj.cloudfront.net/product-image/file/large_17290ba5-f71a-47e1-8e9c-be4e62eed7ea.jpg,"
Meijer,Birds Eye Voila! Alfredo Chicken Frozen Meal,$5.99,,,21 oz,[],,"https://www.instacart.com/image-server/197x197/filters:fill(FFF,true):format(jpg)/d2lnr5mha7bycj.cloudfront.net/product-image/file/large_e8b8f2bc-76e6-44d0-936d-f52bea884073.jpg,"
Meijer,Original price: $3.99,$3.49,,,9.63 oz,[],,"https://www.instacart.com/image-server/197x197/filters:fill(FFF,true):format(jpg)/d2lnr5mha7bycj.cloudfront.net/product-image/file/large_eaa9e004-def5-4587-9496-80b9dbe6a4d0.jpg,"
Meijer,Original price: $9.99,$6.99,,,13.4 oz,[],,"https://www.instacart.com/image-server/197x197/filters:fill(FFF,true):format(jpg)/d2lnr5mha7bycj.cloudfront.net/product-image/file/large_f21988f6-1280-4f11-bff5-8eadbce88f79.jpg,"
Meijer,Original price: $17.99,$15.99,,,1 each,[],,"https://www.instacart.com/image-server/197x197/filters:fill(FFF,true):format(jpg)/d2lnr5mha7bycj.cloudfront.net/product-image/file/large_ed440086-bf09-42f9-a7bb-2495e964e9a3.png,"
Meijer,DiGiorno Original Rising Crust Frozen Pizza Pepperoni,$6.99,,,27.5 oz,[],,"https://www.instacart.com/image-server/197x197/filters:fill(FFF,true):format(jpg)/d2lnr5mha7bycj.cloudfront.net/product-image/file/large_efa8d0d5-ec6a-4162-befe-e1c38c2a5c07.jpg,"
Meijer,Original price: $3.99,$3.49,,,8.88 oz,[],,"https://www.instacart.com/image-server/197x197/filters:fill(FFF,true):format(jpg)/d2lnr5mha7bycj.cloudfront.net/product-image/file/large_bc2855a5-2d05-422a-84d4-bba4033f0939.jpg,"
Meijer,Original price: $7.99,$6.99,,,27 oz,[],,"https://www.instacart.com/image-server/197x197/filters:fill(FFF,true):format(jpg)/d2lnr5mha7bycj.cloudfront.net/product-image/file/large_5da00a00-0595-4421-a0e5-c248ea582f4c.jpg,"
Meijer,Original price: $7.99,$6.99,,,26 oz,[],,"https://www.instacart.com/image-server/197x197/filters:fill(FFF,true):format(jpg)/d2lnr5mha7bycj.cloudfront.net/product-image/file/large_ffddfa16-6c03-4292-9fd0-4e9e0b3ed0c4.png,"
Meijer,"White Castle Sliders, Classic Cheese",$17.99,,,16 ct,[],,"https://www.instacart.com/image-server/197x197/filters:fill(FFF,true):format(jpg)/d2lnr5mha7bycj.cloudfront.net/product-image/file/large_0f42f6e1-4ecf-449f-87ca-fc62812d4d31.png,"
Meijer,Original price: $9.99,$6.99,,,11.8 oz,[],,"https://www.instacart.com/image-server/197x197/filters:fill(FFF,true):format(jpg)/d2lnr5mha7bycj.cloudfront.net/product-image/file/large_37583caa-3104-418c-88e1-ac4b3d5bf0ab.jpg,"
Meijer,Original price: $3.99,$3.49,,,12.62 oz,[],,"https://www.instacart.com/image-server/197x197/filters:fill(FFF,true):format(jpg)/d2lnr5mha7bycj.cloudfront.net/product-image/file/large_23facb87-b369-4e3c-bcbd-723e35c96e21.jpg,"
Meijer,DiGiorno Cheese Stuffed Crust Four Cheese Frozen Pizza,$4.59,,,8.5 oz,[],,"https://www.instacart.com/image-server/197x197/filters:fill(FFF,true):format(jpg)/d2lnr5mha7bycj.cloudfront.net/product-image/file/large_65d80afd-3931-4317-961c-48aecc7efbdf.jpg,"
Meijer,Original price: $3.69,$3.49,,,10 oz,[],,"https://www.instacart.com/image-server/197x197/filters:fill(FFF,true):format(jpg)/d2lnr5mha7bycj.cloudfront.net/product-image/file/large_6eaacdfc-37dc-4e98-8198-afbf3a8aafaa.jpg,"
Meijer,Original price: $6.99,$5.99,,,9.5 oz,['Gluten-Free'],,"https://www.instacart.com/image-server/197x197/filters:fill(FFF,true):format(jpg)/d2lnr5mha7bycj.cloudfront.net/product-image/file/large_a00683da-33a9-4588-b48e-1115e3d2d8e0.jpg,"
Meijer,Original price: $7.99,$6.99,,,24 oz,[],,"https://www.instacart.com/image-server/197x197/filters:fill(FFF,true):format(jpg)/d2lnr5mha7bycj.cloudfront.net/product-image/file/large_4117ef34-bdc3-467e-aa37-352e3a41e68b.jpg,"
Meijer,Stouffer's Family Size Lasagna With Meat & Sauce Frozen Meal,$11.99,,,38 oz,[],,"https://www.instacart.com/image-server/197x197/filters:fill(FFF,true):format(jpg)/d2lnr5mha7bycj.cloudfront.net/product-image/file/large_075b6bb8-de63-43ea-9f33-c302a1454a29.jpg,"
Meijer,Original price: $3.99,$3.49,,,10 oz,[],,"https://www.instacart.com/image-server/197x197/filters:fill(FFF,true):format(jpg)/d2lnr5mha7bycj.cloudfront.net/product-image/file/large_ff7f2e8d-9b60-4e2a-9ee6-ecb36e35b139.jpg,"
Meijer,Deep Indian Kitchen Butter Chicken,$5.69,,,9 oz,['Gluten-Free'],,"https://www.instacart.com/image-server/197x197/filters:fill(FFF,true):format(jpg)/d2lnr5mha7bycj.cloudfront.net/product-image/file/large_bbd66389-4daf-4b7b-a9d9-774185ff5827.jpg,"
Meijer,Original price: $3.99,$3.49,,,9.88 oz,[],,"https://www.instacart.com/image-server/197x197/filters:fill(FFF,true):format(jpg)/d2lnr5mha7bycj.cloudfront.net/product-image/file/large_b29c460c-0da2-4a3d-a7b4-d38503108c5e.jpg,"
Meijer,Original price: $7.39,$6.89,,,18.3 oz,[],,"https://www.instacart.com/image-server/197x197/filters:fill(FFF,true):format(jpg)/d2lnr5mha7bycj.cloudfront.net/product-image/file/large_020ba5c2-e60e-423c-a973-5e50db1c8262.jpg,"
Meijer,"Deep Indian Kitchen Spinach Paneer, Mild Spice, Indian Kitchen",$5.69,,,9 oz,['Gluten-Free'],,"https://www.instacart.com/image-server/197x197/filters:fill(FFF,true):format(jpg)/d2lnr5mha7bycj.cloudfront.net/product-image/file/large_047cdfc9-0d33-4198-9f91-3268856ea220.jpg,"
Meijer,"Totino's Party Pizza, Combination",$2.39,,,10.7 oz,[],,"https://www.instacart.com/image-server/197x197/filters:fill(FFF,true):format(jpg)/d2lnr5mha7bycj.cloudfront.net/product-image/file/large_c8f2adaf-41e0-41b5-a8aa-0b028e53f1cb.png,"
Meijer,Original price: $9.99,$7.99,,,38 oz,[],Many in stock,"https://www.instacart.com/image-server/197x197/filters:fill(FFF,true):format(jpg)/d2lnr5mha7bycj.cloudfront.net/product-image/file/large_dcc3d51e-8c86-4d54-ada7-b0324e850b05.jpg,"
Meijer,Original price: $6.99,$5.99,,,10 oz,['Gluten-Free'],Many in stock,"https://www.instacart.com/image-server/197x197/filters:fill(FFF,true):format(jpg)/d2lnr5mha7bycj.cloudfront.net/product-image/file/large_7dd9577c-1578-4879-9a80-a490b109358a.jpg,"
Meijer,Original price: $9.99,$6.99,,,26 oz,[],,"https://www.instacart.com/image-server/197x197/filters:fill(FFF,true):format(jpg)/d2lnr5mha7bycj.cloudfront.net/product-image/file/large_2ffd967f-6441-4aae-a924-c2584810abf5.jpg,"
Meijer,Original price: $3.99,$3.49,,,11.5 oz,[],,"https://www.instacart.com/image-server/197x197/filters:fill(FFF,true):format(jpg)/d2lnr5mha7bycj.cloudfront.net/product-image/file/large_6b56d364-28e3-4e5a-bffc-5d45b0e85a16.jpg,"
Meijer,Stouffer's Large Size Macaroni & Cheese Frozen Meal,$5.99,,,20 oz,[],,"https://www.instacart.com/image-server/197x197/filters:fill(FFF,true):format(jpg)/d2lnr5mha7bycj.cloudfront.net/product-image/file/large_dc964389-c4a8-4ed7-bbf9-0bda848222b4.jpg,"
Meijer,Birds Eye Voila! Garlic Chicken Frozen Meal,$9.99,,,42 oz,[],,"https://www.instacart.com/image-server/197x197/filters:fill(FFF,true):format(jpg)/d2lnr5mha7bycj.cloudfront.net/product-image/file/large_0f8d2170-0022-4f17-b580-3e0a94ac9133.jpg,"
Meijer,DiGiorno Classic Thin Crust Pepperoni,$6.99,,,20.6 oz,[],,"https://www.instacart.com/image-server/197x197/filters:fill(FFF,true):format(jpg)/d2lnr5mha7bycj.cloudfront.net/product-image/file/large_010c2458-141d-4ee3-9e0d-d664fa170c15.jpg,"
Meijer,Banquet Mega Bowls Buffalo-Style Chicken Mac 'N Cheese,$3.69,,,14 oz,[],,"https://www.instacart.com/image-server/197x197/filters:fill(FFF,true):format(jpg)/d2lnr5mha7bycj.cloudfront.net/product-image/file/large_765ebcb9-8aa3-419d-a018-a865eacadb4c.jpg,"
Meijer,DiGiorno Small Pepperoni Traditional Crust Frozen Pizza,$4.59,,,9.3 oz,[],,"https://www.instacart.com/image-server/197x197/filters:fill(FFF,true):format(jpg)/d2lnr5mha7bycj.cloudfront.net/product-image/file/large_a9f3055f-de01-4550-8937-47d7fbc91479.jpg,"
Meijer,Original price: $19.99,$16.99,,,90 oz,[],,"https://www.instacart.com/image-server/197x197/filters:fill(FFF,true):format(jpg)/d2lnr5mha7bycj.cloudfront.net/product-image/file/large_3fe6d3f1-17e2-4bf3-b84c-cb97ed6bdbfe.jpg,"
Meijer,Banquet Mega Bowls Country Fried Chicken Frozen Meal,$3.69,,,14 oz,[],,"https://www.instacart.com/image-server/197x197/filters:fill(FFF,true):format(jpg)/d2lnr5mha7bycj.cloudfront.net/product-image/file/large_e6e30caa-cc97-41e8-a070-2d830b314b58.jpg,"
Meijer,Original price: $10.99,$8.99,,,26.4 oz,[],,"https://www.instacart.com/image-server/197x197/filters:fill(FFF,true):format(jpg)/d2lnr5mha7bycj.cloudfront.net/product-image/file/large_b775c664-b62c-4f6a-b37b-8196a891a2e5.jpg,"
Meijer,Original price: $10.99,$8.99,,,24.5 oz,[],,"https://www.instacart.com/image-server/197x197/filters:fill(FFF,true):format(jpg)/d2lnr5mha7bycj.cloudfront.net/product-image/file/large_e4df9907-d9a4-411c-ad2f-8bab72d4f7b9.jpg,"
Meijer,"Banquet Salisbury Steak Meal, Frozen Meal",$1.99,,,11.88 oz,[],,"https://www.instacart.com/image-server/197x197/filters:fill(FFF,true):format(jpg)/d2lnr5mha7bycj.cloudfront.net/product-image/file/large_fc890f38-75fa-4a8a-9ce8-d091f68305fd.jpg,"
Meijer,"Healthy Choice Simply Steamers Grilled Chicken & Broccoli Alfredo, Frozen Meal",$3.99,,,9.15 oz,[],,"https://www.instacart.com/image-server/197x197/filters:fill(FFF,true):format(jpg)/d2lnr5mha7bycj.cloudfront.net/product-image/file/large_1885b182-055a-46b2-8bd7-0ee9f0d4b367.jpg,"
Meijer,Healthy Choice Café Steamers Chicken Fettuccini Alfredo Frozen Meal,$3.99,,,10 oz,[],,"https://www.instacart.com/image-server/197x197/filters:fill(FFF,true):format(jpg)/d2lnr5mha7bycj.cloudfront.net/product-image/file/large_f4bddb93-6cba-4303-a90d-37f0421893c9.jpg,"
Meijer,Stouffer's Family Size Chicken & Broccoli Pasta Bake Frozen Meal,$11.99,,,40 oz,[],,"https://www.instacart.com/image-server/197x197/filters:fill(FFF,true):format(jpg)/d2lnr5mha7bycj.cloudfront.net/product-image/file/large_ac593aae-9d2e-48f5-ba73-bdf7b060cc5c.jpg,"
Meijer,Meijer Colby Jack Colby & Monterey Jack Finely Shredded Cheeses,$2.69,,,8 oz,['Keto'],Many in stock,"https://www.instacart.com/image-server/197x197/filters:fill(FFF,true):format(jpg)/d2lnr5mha7bycj.cloudfront.net/product-image/file/large_52abdbb1-2425-4854-80a4-84bad62f8ea3.png,"
Meijer,"Kraft String Cheese Mzarella Cheese Snacks, ct Sticks",$8.59,,,24 oz,['Keto'],,"https://www.instacart.com/image-server/197x197/filters:fill(FFF,true):format(jpg)/d2lnr5mha7bycj.cloudfront.net/product-image/file/large_517c2ee0-16c4-4444-bf8e-69b5dcc9db53.png,"
Meijer,Meijer Finely Shredded Triple Cheddar Cheese,$2.69,,,8 oz,[],,"https://www.instacart.com/image-server/197x197/filters:fill(FFF,true):format(jpg)/d2lnr5mha7bycj.cloudfront.net/product-image/file/large_12081a35-5e8e-48c2-b12d-d49f509b2980.png,"
Meijer,Meijer Sharp Cheddar Shredded Cheese,$2.69,,,8 oz,['Keto'],Many in stock,"https://www.instacart.com/image-server/197x197/filters:fill(FFF,true):format(jpg)/d2lnr5mha7bycj.cloudfront.net/product-image/file/large_3859f83a-83aa-4782-8814-2aee6b042b71.png,"
Meijer,Meijer Mozzarella Low-moisture Part-skim String Cheese,$3.69,,,12 oz,['Keto'],,"https://www.instacart.com/image-server/197x197/filters:fill(FFF,true):format(jpg)/d2lnr5mha7bycj.cloudfront.net/product-image/file/large_6a2b30ce-920b-4621-b54f-4cd7f6afeffa.png,"
Meijer,Kraft Shredded Mozzarella Cheese,$12.59,,,24 oz,"['Cow Milk', 'Keto']",,"https://www.instacart.com/image-server/197x197/filters:fill(FFF,true):format(jpg)/d2lnr5mha7bycj.cloudfront.net/product-image/file/large_8d70f39a-f1fc-46d5-bb18-84c9490b184d.png,"
Meijer,"Meijer Taco Cheddar, Monterey Jack & Colby Finely Shredded Cheeses",$2.69,,,8 oz,[],,"https://www.instacart.com/image-server/197x197/filters:fill(FFF,true):format(jpg)/d2lnr5mha7bycj.cloudfront.net/product-image/file/large_07d6e332-a86f-4c99-9d6b-f90c697ddd99.png,"
Meijer,Meijer Mild Cheddar Shredded Cheese,$2.69,,,8 oz,['Keto'],,"https://www.instacart.com/image-server/197x197/filters:fill(FFF,true):format(jpg)/d2lnr5mha7bycj.cloudfront.net/product-image/file/large_e5474629-f995-4765-a286-8e2c974a651b.png,"
Meijer,Meijer Finely Shredded Parmesan Cheese,$2.69,,,6 oz,[],,"https://www.instacart.com/image-server/197x197/filters:fill(FFF,true):format(jpg)/d2lnr5mha7bycj.cloudfront.net/product-image/file/large_2f4dd81a-b041-446c-8050-c3184ce60421.png,"
Meijer,Kraft Finely Shredded Colby Jack Cheese,$6.99,,,16 oz,"['Cow Milk', 'Keto']",,"https://www.instacart.com/image-server/197x197/filters:fill(FFF,true):format(jpg)/d2lnr5mha7bycj.cloudfront.net/product-image/file/large_835f4e1f-1871-4510-af6c-ebd253e7d117.png,"
Meijer,Original price: $3.49,$2.29,,,8 oz,['Keto'],Many in stock,"https://www.instacart.com/image-server/197x197/filters:fill(FFF,true):format(jpg)/d2lnr5mha7bycj.cloudfront.net/product-image/file/large_bd042cdd-6a5b-4a52-b711-4b318ea18e9c.png,"
Meijer,Original price: $3.69,$3.49,,,9.6 oz,"['Cow Milk', 'Keto']",,"https://www.instacart.com/image-server/197x197/filters:fill(FFF,true):format(jpg)/d2lnr5mha7bycj.cloudfront.net/product-image/file/large_65e77f79-1bc3-4935-bde0-435d5a4cc4cb.png,"
Meijer,"Meijer Italian Style 6 Cheese Mozzarella, Provolone, Asiago, Parmesan, Romano & Fontina Finely Shredded Cheeses",$2.69,,,8 oz,['Keto'],,"https://www.instacart.com/image-server/197x197/filters:fill(FFF,true):format(jpg)/d2lnr5mha7bycj.cloudfront.net/product-image/file/large_7c76d195-3cff-4a1f-b0b7-6d6d4b70d650.png,"
Meijer,Meijer Lowfat Cottage Cheese,$3.29,,,24 oz,[],,"https://www.instacart.com/image-server/197x197/filters:fill(FFF,true):format(jpg)/d2lnr5mha7bycj.cloudfront.net/product-image/file/large_b62e9aad-5269-4bf1-b390-6f48cc1bf13b.png,"
Meijer,Original price: $3.69,$3.49,,,8 oz,"['Cow Milk', 'Keto']",,"https://www.instacart.com/image-server/197x197/filters:fill(FFF,true):format(jpg)/d2lnr5mha7bycj.cloudfront.net/product-image/file/large_b901d637-81db-4250-b6ac-6c5ad5686261.png,"
Meijer,"Meijer Tuscan Blend Parmesan, Romano & Asiago Cheeses",$2.69,,,6 oz,['Keto'],,"https://www.instacart.com/image-server/197x197/filters:fill(FFF,true):format(jpg)/d2lnr5mha7bycj.cloudfront.net/product-image/file/large_e5d871d8-8abe-408f-a884-68b6052f0605.png,"
Meijer,"Babybel Cheese, Semisoft, Original, Mini",$12.99,,,18 each,['Keto'],,"https://www.instacart.com/image-server/197x197/filters:fill(FFF,true):format(jpg)/d2lnr5mha7bycj.cloudfront.net/product-image/file/large_033edd29-08d8-4fde-9705-d6b5e8d5359b.jpg,"
Meijer,Original price: $4.99,$3.99,,,16 oz,[],Many in stock,"https://www.instacart.com/image-server/197x197/filters:fill(FFF,true):format(jpg)/d2lnr5mha7bycj.cloudfront.net/product-image/file/large_73d80f69-41ae-4fa1-ae95-a756d7740326.png,"
Meijer,Sargento Sliced Colby-Jack Natural Cheese,$3.99,,,11 x 1.47 oz,['Keto'],,"https://www.instacart.com/image-server/197x197/filters:fill(FFF,true):format(jpg)/d2lnr5mha7bycj.cloudfront.net/product-image/file/large_45bfba62-7fda-47be-b8cd-31dbf49f0d45.jpg,"
Meijer,Meijer Italian Style Mozzarella Low-moisture Part-skim Shredded Cheese,$2.69,,,8 oz,[],,"https://www.instacart.com/image-server/197x197/filters:fill(FFF,true):format(jpg)/d2lnr5mha7bycj.cloudfront.net/product-image/file/large_1cb8814d-fa8b-4bf0-aab7-3fc92a87c4ef.png,"
Meijer,Original price: $2.69,$2.29,,,7.6 oz,['Keto'],,"https://www.instacart.com/image-server/197x197/filters:fill(FFF,true):format(jpg)/d2lnr5mha7bycj.cloudfront.net/product-image/file/large_8f3045e3-7ff1-4262-94ba-667ec9be1bbb.png,"
Meijer,Original price: $4.59,$3.99,,,24 oz,"['Cow Milk', 'Keto']",Many in stock,"https://www.instacart.com/image-server/197x197/filters:fill(FFF,true):format(jpg)/d2lnr5mha7bycj.cloudfront.net/product-image/file/large_2ba2abdb-6ac5-4c1f-9371-ea2b023c2e85.png,"
Meijer,Sargento Low Moisture Part-Skim Mozzarella Natural Cheese String Cheese Snacks,$10.99,,,24 x 24 oz,['Keto'],,"https://www.instacart.com/image-server/197x197/filters:fill(FFF,true):format(jpg)/d2lnr5mha7bycj.cloudfront.net/product-image/file/large_0046642e-71f2-4285-a930-d30df9e132ad.jpg,"
Meijer,Original price: $4.99,$3.99,,,9 ct,"['Cow Milk', 'Keto']",,"https://www.instacart.com/image-server/197x197/filters:fill(FFF,true):format(jpg)/d2lnr5mha7bycj.cloudfront.net/product-image/file/large_b08f870d-c8ba-4e15-a95f-5483ceb3e9a0.png,"
Meijer,Meijer Italian Style Finely Shredded Mozzarella & Smoked Provolone Cheese Blend,$2.69,,,8 oz,[],,"https://www.instacart.com/image-server/197x197/filters:fill(FFF,true):format(jpg)/d2lnr5mha7bycj.cloudfront.net/product-image/file/large_5594dd1b-267d-4260-ac85-10d00fab7d4e.png,"
Meijer,Original price: $5.99,$3.99,,,24 ct,['Keto'],,"https://www.instacart.com/image-server/197x197/filters:fill(FFF,true):format(jpg)/d2lnr5mha7bycj.cloudfront.net/product-image/file/large_cda06168-caf8-4a13-9464-53261456efa3.png,"
Meijer,Athenos Traditional Crumbled Feta Cheese,$4.79,,,6 oz,[],,"https://www.instacart.com/image-server/197x197/filters:fill(FFF,true):format(jpg)/d2lnr5mha7bycj.cloudfront.net/product-image/file/large_df351756-af27-4046-b354-06959eb04e5d.png,"
Meijer,"Meijer 3 State Cheddar Wisconsin, New York & Vermont Sharp Cheddars Shredded Cheese",$2.69,,,8 oz,['Keto'],,"https://www.instacart.com/image-server/197x197/filters:fill(FFF,true):format(jpg)/d2lnr5mha7bycj.cloudfront.net/product-image/file/large_2bbfaf91-5e0b-4589-a705-ba9fd9c623bc.png,"
Meijer,Original price: $2.69,$2.29,,,6.67 oz,[],,"https://www.instacart.com/image-server/197x197/filters:fill(FFF,true):format(jpg)/d2lnr5mha7bycj.cloudfront.net/product-image/file/large_5548f83a-463f-4844-9a16-0ec8496d0ef9.png,"
Meijer,Original price: $2.69,$2.29,,,6 oz,[],,"https://www.instacart.com/image-server/197x197/filters:fill(FFF,true):format(jpg)/d2lnr5mha7bycj.cloudfront.net/product-image/file/large_1f44ce57-b6aa-4818-8086-8829f032824d.png,"
Meijer,Sargento Sliced Provolone Natural Cheese with Natural Smoke Flavor,$3.99,,,8 oz,['Keto'],,"https://www.instacart.com/image-server/197x197/filters:fill(FFF,true):format(jpg)/d2lnr5mha7bycj.cloudfront.net/product-image/file/large_9795dc1f-cc81-44b2-9c08-bc775eecde40.jpg,"
Meijer,Original price: $4.79,$3.99,,,8 oz,['Cow Milk'],,"https://www.instacart.com/image-server/197x197/filters:fill(FFF,true):format(jpg)/d2lnr5mha7bycj.cloudfront.net/product-image/file/large_af05857d-eec8-4db0-9a6a-7d26112095fc.png,"
Meijer,Meijer Extra Sharp Cheddar Cheese,$2.69,,,8 oz,['Keto'],,"https://www.instacart.com/image-server/197x197/filters:fill(FFF,true):format(jpg)/d2lnr5mha7bycj.cloudfront.net/product-image/file/large_c6ae744b-efeb-4108-86da-7489fd665ffd.png,"
Meijer,"Kraft Cracker Cuts Sharp Cheddar Cheese Slices, 24 ct Tray",$3.99,,,7 oz,['Keto'],,"https://www.instacart.com/image-server/197x197/filters:fill(FFF,true):format(jpg)/d2lnr5mha7bycj.cloudfront.net/product-image/file/large_8d3561a2-602f-43b1-b5f6-098e9647a9bc.png,"
Meijer,"Kraft Cracker Cuts Colby Jack Marbled Cheese Slices, 24 ct Tray",$3.99,,,7 oz,['Keto'],,"https://www.instacart.com/image-server/197x197/filters:fill(FFF,true):format(jpg)/d2lnr5mha7bycj.cloudfront.net/product-image/file/large_3d8101ad-d97b-43d0-b168-d991805fa13e.png,"
Meijer,Sargento Colby-Jack Natural Cheese Snack Sticks,$5.99,,,12 x 9 oz,['Keto'],,"https://www.instacart.com/image-server/197x197/filters:fill(FFF,true):format(jpg)/d2lnr5mha7bycj.cloudfront.net/product-image/file/large_c621acb6-4e6e-41f8-95b5-db67f94c58ca.jpg,"
Meijer,Sargento Reduced Fat Part-Skim Mozzarella Natural Cheese Light String Cheese Snacks,$5.99,,,9 oz,[],,"https://www.instacart.com/image-server/197x197/filters:fill(FFF,true):format(jpg)/d2lnr5mha7bycj.cloudfront.net/product-image/file/large_fb02228e-cfa5-4950-b23a-10c341b690e8.jpg,"
Meijer,"Babybel LiMini Light Snack Cheese, 12 Pack (8.4 oz)",$8.99,,,12 each,[],,"https://www.instacart.com/image-server/197x197/filters:fill(FFF,true):format(jpg)/d2lnr5mha7bycj.cloudfront.net/product-image/file/large_25043447-e2ca-4bc9-870e-3b5954064480.jpg,"
Meijer,Land O Lakes Yellow Deli American Cheese Product,$9.99,/lb,,$0.62/oz,['Keto'],,"https://www.instacart.com/image-server/197x197/filters:fill(FFF,true):format(jpg)/d2lnr5mha7bycj.cloudfront.net/product-image/file/large_70519297-0be0-4f1e-940c-3c809df13b82.png,"
Meijer,"BelGioioso Sliced Fresh Mozzarella Cheese, Log, Cryo",$9.99,,,16 oz,['Cow Milk'],,"https://www.instacart.com/image-server/197x197/filters:fill(FFF,true):format(jpg)/d2lnr5mha7bycj.cloudfront.net/product-image/file/large_c0cfc77f-d602-4373-a42f-3d6e2c2beae8.png,"
Meijer,Sargento Reduced Fat Colby-Jack Natural Cheese Snack Sticks,$5.99,,,12 ct,[],,"https://www.instacart.com/image-server/197x197/filters:fill(FFF,true):format(jpg)/d2lnr5mha7bycj.cloudfront.net/product-image/file/large_5984b5cc-7b0a-4114-8473-e3735966be70.jpg,"
Meijer,Original price: $3.69,$3.49,,,7 oz,['Keto'],,"https://www.instacart.com/image-server/197x197/filters:fill(FFF,true):format(jpg)/d2lnr5mha7bycj.cloudfront.net/product-image/file/large_0e8e47c2-c298-42c3-9d49-c6af494199a0.jpg,"
Meijer,Boursin Garlic & Herb Cheese Spread,$6.79,,,5.2 oz,['Keto'],,"https://www.instacart.com/image-server/197x197/filters:fill(FFF,true):format(jpg)/d2lnr5mha7bycj.cloudfront.net/product-image/file/large_815083d1-3def-49ab-a686-26b3913f91ff.png,"
Meijer,Meijer 2% Reduced Fat Milk,$2.99,,,1 gal,[],Many in stock,"https://www.instacart.com/image-server/197x197/filters:fill(FFF,true):format(jpg)/d2lnr5mha7bycj.cloudfront.net/product-image/file/large_e290ae5f-efaf-45bd-9010-c7a448f7b380.png,"
Meijer,Charmin Ultra Strong Bathroom Tissue Mega Rolls,$17.99,,,12 ct,[],,"https://www.instacart.com/image-server/197x197/filters:fill(FFF,true):format(jpg)/d2lnr5mha7bycj.cloudfront.net/product-image/file/large_102612ee-f909-4639-8f66-ea5b0baee473.jpg,"
Meijer,Original price: $9.99,$8.99,/lb,,$0.56/oz,[],,"https://www.instacart.com/image-server/197x197/filters:fill(FFF,true):format(jpg)/d2lnr5mha7bycj.cloudfront.net/product-image/file/large_d15ccd54-e58b-4014-a09b-9d08a0cf6e3b.png,"
Meijer,"Meijer 8-5/8"" Paper Plates",$6.99,,,90 ct,[],,"https://www.instacart.com/image-server/197x197/filters:fill(FFF,true):format(jpg)/d2lnr5mha7bycj.cloudfront.net/product-image/file/large_4785dcbb-8e79-47b6-a62b-15ce499fad58.jpg,"
Meijer,"Starbucks Iced Coffee, Medium Roast, Black, Unsweetened",$7.69,,,48 fl oz,['Unsweetened'],,"https://www.instacart.com/image-server/197x197/filters:fill(FFF,true):format(jpg)/d2lnr5mha7bycj.cloudfront.net/product-image/file/large_06a130ea-c750-43c1-87f6-4d7a8f250bef.jpg,"
Meijer,Meijer Fresh Atlantic Salmon With Herb Shallot Butter,$14.99,,,2 x 6 oz,[],,"https://www.instacart.com/image-server/197x197/filters:fill(FFF,true):format(jpg)/d2lnr5mha7bycj.cloudfront.net/product-image/file/large_91211077-cd59-4aed-8111-81071b07580d.png,"
Meijer,"Jennie-O Turkey, Ground, Fresh",$13.99,,,48 oz,[],,"https://www.instacart.com/image-server/197x197/filters:fill(FFF,true):format(jpg)/d2lnr5mha7bycj.cloudfront.net/product-image/file/large_bdef02ca-7caf-48ea-a886-36be3bb004a2.jpg,"
Meijer,"Dawn Ultra Dishwashing Liquid Dish Soap, Original Scent",$3.59,,,19.4 fl oz,[],,"https://www.instacart.com/image-server/197x197/filters:fill(FFF,true):format(jpg)/d2lnr5mha7bycj.cloudfront.net/product-image/file/large_1f20945b-2ad3-4e1b-98f6-88ff95ee37e3.jpg,"
Meijer,Meijer Natural Spring Water,$4.59,,,24 x 16.9 fl oz,[],,"https://www.instacart.com/image-server/197x197/filters:fill(FFF,true):format(jpg)/d2lnr5mha7bycj.cloudfront.net/product-image/file/large_2c7eee7c-3a74-4063-b342-a82de92194eb.png,"
Meijer,Roma Tomato,$0.33,each (est.),$1.13 / lb,About 0.29 lb each,[],,"https://www.instacart.com/image-server/197x197/filters:fill(FFF,true):format(jpg)/d2lnr5mha7bycj.cloudfront.net/product-image/file/large_3f2e0b69-9076-4136-bccb-19ad7944e06f.png,"
Meijer,Brawny Tear-A-Square Paper Towels,$10.99,,,4 ct,[],,"https://www.instacart.com/image-server/197x197/filters:fill(FFF,true):format(jpg)/d2lnr5mha7bycj.cloudfront.net/product-image/file/large_a3e50f09-40cd-4cc3-9192-18ba35ee0a63.png,"
Meijer,"Hissho Sushi Krab Roll, Krispy, Spicy/Cooked",$9.99,,,7.8 oz,[],,"https://www.instacart.com/image-server/197x197/filters:fill(FFF,true):format(jpg)/d2lnr5mha7bycj.cloudfront.net/product-image/file/large_da875f0f-b33b-4812-ac1a-97cf45adac2b.jpg,"
Meijer,Original price: $5.49,$4.59,,,50 ct,[],,"https://www.instacart.com/image-server/197x197/filters:fill(FFF,true):format(jpg)/d2lnr5mha7bycj.cloudfront.net/product-image/file/large_e3f0023b-eaeb-4f1b-a98d-d83682efb300.png,"
Meijer,"Quilted Northern Toilet Paper, Mega Rolls",$7.99,,,6 ct,[],,"https://www.instacart.com/image-server/197x197/filters:fill(FFF,true):format(jpg)/d2lnr5mha7bycj.cloudfront.net/product-image/file/large_57450225-22e9-4fc0-8e97-44b976af2242.jpg,"
Meijer,Jennie-O Fresh Ground Turkey,$5.59,,,16 oz,[],Many in stock,"https://www.instacart.com/image-server/197x197/filters:fill(FFF,true):format(jpg)/d2lnr5mha7bycj.cloudfront.net/product-image/file/large_3780748e-e204-41e2-b5a1-2bf010f08f3d.jpg,"
Meijer,Meijer Plastic Forks,$2.69,,,48 each,[],,"https://www.instacart.com/image-server/197x197/filters:fill(FFF,true):format(jpg)/d2lnr5mha7bycj.cloudfront.net/product-image/file/large_2ff05d2e-8555-42d7-8b0d-c5a9d01197f5.jpg,"
Meijer,Original price: $9.99,$8.99,,,64 ct,[],Many in stock,"https://www.instacart.com/image-server/197x197/filters:fill(FFF,true):format(jpg)/d2lnr5mha7bycj.cloudfront.net/product-image/file/large_377eba1c-e4b2-4790-bfc8-dcce1fffb8ec.jpg,"
Meijer,Original price: $9.59,$8.99,,,6 ct,[],,"https://www.instacart.com/image-server/197x197/filters:fill(FFF,true):format(jpg)/d2lnr5mha7bycj.cloudfront.net/product-image/file/large_ea3a3b53-c0ad-432f-bdd1-47f274e29e56.jpg,"
Meijer,Red Baron Frozen Pizza Classic Crust Pepperoni,$5.69,,,20.6 oz,[],,"https://www.instacart.com/image-server/197x197/filters:fill(FFF,true):format(jpg)/d2lnr5mha7bycj.cloudfront.net/product-image/file/large_c2e11642-be54-48d9-a6ee-e84cdd43abe1.png,"
Meijer,Entenmann's Classic Rich Frosted Donuts,$5.69,,,8 ct,[],Many in stock,"https://www.instacart.com/image-server/197x197/filters:fill(FFF,true):format(jpg)/d2lnr5mha7bycj.cloudfront.net/product-image/file/large_b54ff080-17e4-4779-ae89-69150dcef795.png,"
Meijer,Meijer Ultra-pasteurized Half And Half,$6.99,,,64 fl oz,[],Many in stock,"https://www.instacart.com/image-server/197x197/filters:fill(FFF,true):format(jpg)/d2lnr5mha7bycj.cloudfront.net/product-image/file/large_52c06a8e-724c-4d18-a989-30c1fc51df5e.png,"
Meijer,Meijer Reclosable Zipper Sandwich Bags,$2.89,,,90 ct,[],,"https://www.instacart.com/image-server/197x197/filters:fill(FFF,true):format(jpg)/d2lnr5mha7bycj.cloudfront.net/product-image/file/large_c58605ca-9318-46fd-8594-8bf1a332833c.png,"
Meijer,Original price: $4.99,$4.59,,,9.8 oz,[],,"https://www.instacart.com/image-server/197x197/filters:fill(FFF,true):format(jpg)/d2lnr5mha7bycj.cloudfront.net/product-image/file/large_10581652-58c0-4f55-a623-41dd0b39f728.png,"
Meijer,Original price: $4.99,$4.59,,,20 ct,[],Many in stock,"https://www.instacart.com/image-server/197x197/filters:fill(FFF,true):format(jpg)/d2lnr5mha7bycj.cloudfront.net/product-image/file/large_c4ec414d-546a-4714-991b-d93ad459fbf1.png,"
Meijer,"Purina Tidy Cats Clumping Multi Cat Litter, Glade Clear Springs",$13.99,,,20 lb,[],,"https://www.instacart.com/image-server/197x197/filters:fill(FFF,true):format(jpg)/d2lnr5mha7bycj.cloudfront.net/product-image/file/large_f1ba02f7-f51a-44c8-9153-5b7867d4f12a.png,"
Meijer,Meijer Natural Spring Water,$1.59,,,1 gal,[],,"https://www.instacart.com/image-server/197x197/filters:fill(FFF,true):format(jpg)/d2lnr5mha7bycj.cloudfront.net/product-image/file/large_588999a2-a61c-4f7c-be48-fcd2e07678e0.png,"
Meijer,Original price: $4.99,$4.59,,,8.25 oz,[],Many in stock,"https://www.instacart.com/image-server/197x197/filters:fill(FFF,true):format(jpg)/d2lnr5mha7bycj.cloudfront.net/product-image/file/large_e10ecf5b-53e2-4634-bc17-ff21975dc6e8.png,"
Meijer,"Meijer Aluminum Foil, 25 Sq Ft",$1.81,,,1 each,[],,"https://www.instacart.com/image-server/197x197/filters:fill(FFF,true):format(jpg)/d2lnr5mha7bycj.cloudfront.net/product-image/file/large_a9d27c75-ecf9-4e8c-bcda-6728a00519f4.jpg,"
Meijer,Purple Cow Scooperman Ice Cream,$3.79,,,48 oz,[],Many in stock,"https://www.instacart.com/image-server/197x197/filters:fill(FFF,true):format(jpg)/d2lnr5mha7bycj.cloudfront.net/product-image/file/large_c1f65469-58ca-4cbd-bc18-e5f8ffea2e36.png,"
Meijer,Pepsi Cola,$15.99,,,24 x 12 fl oz • 5 options,[],Many in stock,"https://www.instacart.com/image-server/197x197/filters:fill(FFF,true):format(jpg)/d2lnr5mha7bycj.cloudfront.net/product-image/file/large_dfcef51a-e982-40af-84ad-8889f26454a0.jpg,"
Meijer,Original price: $4.99,$3.99,,,24 oz,[],,"https://www.instacart.com/image-server/197x197/filters:fill(FFF,true):format(jpg)/d2lnr5mha7bycj.cloudfront.net/product-image/file/large_5b1fc53f-b198-486b-973d-0b0088d2bb3d.jpg,"
Meijer,"Angel Soft Toilet Paper, Mega Rolls",$12.99,,,16 ct,[],,"https://www.instacart.com/image-server/197x197/filters:fill(FFF,true):format(jpg)/d2lnr5mha7bycj.cloudfront.net/product-image/file/large_4f48b576-d9c4-43d8-9c62-e850fcfffc56.jpg,"
Meijer,Original price: $4.99,$4.59,,,5 ct,[],Many in stock,"https://www.instacart.com/image-server/197x197/filters:fill(FFF,true):format(jpg)/d2lnr5mha7bycj.cloudfront.net/product-image/file/large_6c924da4-7976-4e78-8602-653b370fd1bf.png,"
Meijer,Oscar Mayer Gluten Free Turkey Bacon with 58% Less Fat & 57% Less Sodium,$5.69,,,12 oz,[],,"https://www.instacart.com/image-server/197x197/filters:fill(FFF,true):format(jpg)/d2lnr5mha7bycj.cloudfront.net/product-image/file/large_4660d375-038a-4b25-a8dd-1d850dc2d63f.jpg,"
Meijer,Original price: $5.99,$4.99,,,6 x 16.9 fl oz • 5 options,[],,"https://www.instacart.com/image-server/197x197/filters:fill(FFF,true):format(jpg)/d2lnr5mha7bycj.cloudfront.net/product-image/file/large_9edbf475-0b43-4a6d-9c80-956f2d4b7b32.jpg,"
Meijer,Oscar Mayer Turkey Uncured Franks Hot Dogs,$4.99,,,10 ct,[],,"https://www.instacart.com/image-server/197x197/filters:fill(FFF,true):format(jpg)/d2lnr5mha7bycj.cloudfront.net/product-image/file/large_529d02b1-7b3e-4189-846e-0a25e62929a6.jpg,"
Meijer,Oscar Mayer Stuffed Cheese Hot Dogs,$4.99,,,10 ct,[],,"https://www.instacart.com/image-server/197x197/filters:fill(FFF,true):format(jpg)/d2lnr5mha7bycj.cloudfront.net/product-image/file/large_b54f6f1f-608e-4d35-b2d7-22c39c957525.jpg,"
Meijer,Original price: $8.99,$8.59,,,6 ct,[],,"https://www.instacart.com/image-server/197x197/filters:fill(FFF,true):format(jpg)/d2lnr5mha7bycj.cloudfront.net/product-image/file/large_a784d390-5392-4047-ab2b-3d1e45a09d37.jpg,"
Meijer,Oscar Mayer Original Fully Cooked Bacon,$6.99,,,2.52 oz,[],,"https://www.instacart.com/image-server/197x197/filters:fill(FFF,true):format(jpg)/d2lnr5mha7bycj.cloudfront.net/product-image/file/large_98968665-178d-4f17-ab1f-9d1a8ca15751.jpg,"
Meijer,Applegate Naturals Uncured Turkey Bacon,$6.99,,,8 oz,[],,"https://www.instacart.com/image-server/197x197/filters:fill(FFF,true):format(jpg)/d2lnr5mha7bycj.cloudfront.net/product-image/file/large_c00bfd09-80c2-490f-90ce-434fdede9a88.png,"
Meijer,Oscar Mayer Center Cut Original Bacon,$8.99,,,12 oz,[],,"https://www.instacart.com/image-server/197x197/filters:fill(FFF,true):format(jpg)/d2lnr5mha7bycj.cloudfront.net/product-image/file/large_f0275c37-b9d6-44bb-b3b2-e93dcb1ed98a.jpg,"
Meijer,"Mountain Dew Soda, Citrus",$15.99,,,24 x 12 fl oz • 2 options,['Zero Calories'],Many in stock,"https://www.instacart.com/image-server/197x197/filters:fill(FFF,true):format(jpg)/d2lnr5mha7bycj.cloudfront.net/product-image/file/large_660c995a-af08-48b5-aa30-3def5824a401.png,"
Meijer,Original price: $5.99,$4.99,,,4 x 2.39 oz,[],,"https://www.instacart.com/image-server/197x197/filters:fill(FFF,true):format(jpg)/d2lnr5mha7bycj.cloudfront.net/product-image/file/large_cc9e4287-8213-4457-96ec-360cf7818163.jpg,"
Meijer,"bubly Sparkling Water, Blackberry - Pack",$4.99,,,8 x 12 fl oz,"['Zero Calories', 'Zero Sugar']",Many in stock,"https://www.instacart.com/image-server/197x197/filters:fill(FFF,true):format(jpg)/d2lnr5mha7bycj.cloudfront.net/product-image/file/large_4ed72556-c8da-45a2-b526-c10c37ec18c8.jpg,"
Meijer,Original price: $4.79,$4.49,,,5 oz,[],,"https://www.instacart.com/image-server/197x197/filters:fill(FFF,true):format(jpg)/d2lnr5mha7bycj.cloudfront.net/product-image/file/large_af0923e1-7a41-4b01-ba26-ef5b7ce33521.png,"
Meijer,Thomas’ Everything Bagels,$4.99,,,6 ct,[],Many in stock,"https://www.instacart.com/image-server/197x197/filters:fill(FFF,true):format(jpg)/d2lnr5mha7bycj.cloudfront.net/product-image/file/large_2e37ea35-c5c9-4ef4-9ff3-f10226d60ca2.png,"
Meijer,Lactaid Whole Milk,$6.99,,,96 fl oz,[],,"https://www.instacart.com/image-server/197x197/filters:fill(FFF,true):format(jpg)/d2lnr5mha7bycj.cloudfront.net/product-image/file/large_4b56ad48-e092-43ca-8e85-0412556d8566.png,"
Meijer,Lactaid 2% Reduced Fat Milk,$6.99,,,96 fl oz,[],Many in stock,"https://www.instacart.com/image-server/197x197/filters:fill(FFF,true):format(jpg)/d2lnr5mha7bycj.cloudfront.net/product-image/file/large_fe407dc8-afa9-440b-b73e-796d521e0df3.png,"
Meijer,Heluva Good! French Onion Dip,$2.49,,,12 oz,[],Many in stock,"https://www.instacart.com/image-server/197x197/filters:fill(FFF,true):format(jpg)/d2lnr5mha7bycj.cloudfront.net/product-image/file/large_99016d2f-74b9-4086-b963-aaa58ba39a41.png,"
Meijer,Oscar Mayer Bologna Sliced Deli Sandwich Lunch Meat,$3.49,,,16 oz,[],,"https://www.instacart.com/image-server/197x197/filters:fill(FFF,true):format(jpg)/d2lnr5mha7bycj.cloudfront.net/product-image/file/large_81075cea-c3f2-408c-8f60-de68d735d387.jpg,"
Meijer,Bar-S Classic Bologna Sliced Deli-Style Lunch Meat,$1.49,,,12 oz,[],Many in stock,"https://www.instacart.com/image-server/197x197/filters:fill(FFF,true):format(jpg)/d2lnr5mha7bycj.cloudfront.net/product-image/file/large_d05d2272-dba6-4554-baa9-6a0f81803285.jpg,"
Meijer,Frederik’s by Meijer Oven Roasted Turkey Breast,$11.99,/lb,,$0.75/oz,[],,"https://www.instacart.com/image-server/197x197/filters:fill(FFF,true):format(jpg)/d2lnr5mha7bycj.cloudfront.net/product-image/file/large_53e13653-a886-4eb7-b458-ed4da8893ed9.png,"
Meijer,Markets of Meijer Shredded Rotisserie Chicken,$13.99,/lb,,$0.87/oz,[],,"https://www.instacart.com/image-server/197x197/filters:fill(FFF,true):format(jpg)/d2lnr5mha7bycj.cloudfront.net/product-image/file/large_dc14460d-3541-49fd-a3be-08e650f1b8ca.jpg,"
Meijer,"Hillshire Farm Ultra Thin Sliced Lunchmeat, Turkey Breast & Ham",$8.99,,,16 oz,[],,"https://www.instacart.com/image-server/197x197/filters:fill(FFF,true):format(jpg)/d2lnr5mha7bycj.cloudfront.net/product-image/file/large_4e7a5623-5172-4f77-b2ab-c38330ab38a6.png,"
Meijer,Original price: $6.99,$5.99,,,16 oz,[],Many in stock,"https://www.instacart.com/image-server/197x197/filters:fill(FFF,true):format(jpg)/d2lnr5mha7bycj.cloudfront.net/product-image/file/large_12e3aa78-7474-4015-b402-734d8fea2ee4.png,"
Meijer,Original price: $11.99,$9.99,/lb,,$0.62/oz,[],,"https://www.instacart.com/image-server/197x197/filters:fill(FFF,true):format(jpg)/d2lnr5mha7bycj.cloudfront.net/product-image/file/large_0a9f6a2c-8aad-42ec-bcaa-c29651c3b0cf.png,"
Meijer,Meijer Diced Ham,$3.99,,,8 oz,[],Many in stock,"https://www.instacart.com/image-server/197x197/filters:fill(FFF,true):format(jpg)/d2lnr5mha7bycj.cloudfront.net/product-image/file/large_25786306-7292-4b14-8962-d20b55d1d87b.jpg,"
Meijer,"Hillshire Farm Ultra Thin Sliced Lunchmeat, Black Forest Ham",$5.49,,,9 oz,[],,"https://www.instacart.com/image-server/197x197/filters:fill(FFF,true):format(jpg)/d2lnr5mha7bycj.cloudfront.net/product-image/file/large_18404ab1-c9ef-47dd-aa43-8a6e24e31f90.png,"
Meijer,"Hatfield Ham, with Natural Juices, Sweet Brown Sugar, Pre-Sliced",$8.99,,,24 oz,[],,"https://www.instacart.com/image-server/197x197/filters:fill(FFF,true):format(jpg)/d2lnr5mha7bycj.cloudfront.net/product-image/file/large_49b30f8f-f0df-44de-a9e4-b55e45ff2665.png,"
Meijer,"Hillshire Farm Ultra Thin Sliced Lunchmeat, Honey Roasted Turkey",$5.49,,,9 oz,[],,"https://www.instacart.com/image-server/197x197/filters:fill(FFF,true):format(jpg)/d2lnr5mha7bycj.cloudfront.net/product-image/file/large_235a28ca-6d2a-4698-a479-d13c980f1b7d.png,"
Meijer,"Hillshire Farm Ultra Thin Sliced Lunchmeat, Honey Ham",$8.99,,,16 oz,[],,"https://www.instacart.com/image-server/197x197/filters:fill(FFF,true):format(jpg)/d2lnr5mha7bycj.cloudfront.net/product-image/file/large_988d8cd5-68d9-44d3-a9cd-53dd0aaef6af.png,"
Meijer,"Hillshire Farm Hard Salami, Ultra Thin",$5.49,,,7 oz,[],Many in stock,"https://www.instacart.com/image-server/197x197/filters:fill(FFF,true):format(jpg)/d2lnr5mha7bycj.cloudfront.net/product-image/file/large_02336c6d-2cc8-45db-818c-48960899ca0b.png,"
Meijer,Seltzer's Smokehouse Sweet Lebanon Bologna,$6.99,,,12 oz,[],,"https://www.instacart.com/image-server/197x197/filters:fill(FFF,true):format(jpg)/d2lnr5mha7bycj.cloudfront.net/product-image/file/large_7ce1233f-3a84-4772-91c4-ac1590f3c588.png,"
Meijer,Hillshire Farm Thin Sliced Honey Ham Deli Lunch Meat,$5.49,,,9 oz,[],,"https://www.instacart.com/image-server/197x197/filters:fill(FFF,true):format(jpg)/d2lnr5mha7bycj.cloudfront.net/product-image/file/large_104b8428-51b3-453a-9c3d-a6aaac27601b.png,"
Meijer,Original price: $4.79,$4.49,,,6 oz,[],,"https://www.instacart.com/image-server/197x197/filters:fill(FFF,true):format(jpg)/d2lnr5mha7bycj.cloudfront.net/product-image/file/large_c4bf4a06-0323-4422-ac2c-ed33af30e2b1.png,"
Meijer,HORMEL Pepperoni Original Pepperoni,$12.59,,,21 oz,[],,"https://www.instacart.com/image-server/197x197/filters:fill(FFF,true):format(jpg)/d2lnr5mha7bycj.cloudfront.net/product-image/file/large_c9df0048-f7d0-48c6-ab44-253cd9603baa.jpg,"
Meijer,"Oscar Mayer Rotisserie Seasoned Chicken Breast Sliced Lunch Meat, for a Low Carb Lifestyle",$5.69,,,9 oz,[],,"https://www.instacart.com/image-server/197x197/filters:fill(FFF,true):format(jpg)/d2lnr5mha7bycj.cloudfront.net/product-image/file/large_923ec7fd-e3e4-4ce4-9bd2-e34beceffb17.jpg,"
Meijer,Bar-S Fresh Pack Deli Shaved Oven Roasted Turkey Breast Lunch Meat,$1.99,,,4 oz,[],,"https://www.instacart.com/image-server/197x197/filters:fill(FFF,true):format(jpg)/d2lnr5mha7bycj.cloudfront.net/product-image/file/large_4dee2bfc-91aa-4f5c-9ce9-104a3056e37b.jpg,"
Meijer,Seltzer's Smokehouse Original Lebanon Bologna,$6.99,,,12 oz,[],,"https://www.instacart.com/image-server/197x197/filters:fill(FFF,true):format(jpg)/d2lnr5mha7bycj.cloudfront.net/product-image/file/large_691327ae-a25e-4ec5-b3b2-79db49df8431.png,"
Meijer,Oscar Mayer Deli Fresh Oven Roasted Turkey Breast Sliced Sandwich Lunch Meat Family Size,$8.59,,,16 oz,[],,"https://www.instacart.com/image-server/197x197/filters:fill(FFF,true):format(jpg)/d2lnr5mha7bycj.cloudfront.net/product-image/file/large_1b7f0a57-5acf-44d4-8780-14a36bb5bd15.jpg,"
Meijer,"Oscar Mayer Oven Roasted Turkey Breast Sliced Lunch Meat, for a Low Carb Lifestyle",$5.69,,,9 oz,[],,"https://www.instacart.com/image-server/197x197/filters:fill(FFF,true):format(jpg)/d2lnr5mha7bycj.cloudfront.net/product-image/file/large_2cd8abc4-4a58-4889-8d55-be8e0050da2c.jpg,"
Meijer,"Hatfield Ham, Hardwood Smoked, Boneless",$10.99,,,44 oz,[],,"https://www.instacart.com/image-server/197x197/filters:fill(FFF,true):format(jpg)/d2lnr5mha7bycj.cloudfront.net/product-image/file/large_3a9518a1-5f50-427e-b4c6-edfb103090c4.png,"
Meijer,Meijer Sliced Pepperoni,$2.29,,,2.5 oz,[],Many in stock,"https://www.instacart.com/image-server/197x197/filters:fill(FFF,true):format(jpg)/d2lnr5mha7bycj.cloudfront.net/product-image/file/large_719ee301-c842-4072-a25a-4ae6c0362db0.png,"
Meijer,Original price: $5.99,$5.69,,,8 oz,[],Many in stock,"https://www.instacart.com/image-server/197x197/filters:fill(FFF,true):format(jpg)/d2lnr5mha7bycj.cloudfront.net/product-image/file/large_9d89689b-84a1-44c4-a3fc-ba283ed81e16.png,"
Meijer,Original price: $6.99,$5.69,,,7 oz,[],,"https://www.instacart.com/image-server/197x197/filters:fill(FFF,true):format(jpg)/d2lnr5mha7bycj.cloudfront.net/product-image/file/large_0900abc3-795f-475b-8f02-7e65d8629e42.jpg,"
Meijer,Oscar Mayer Lean Oven Roasted White Turkey Sliced Deli Sandwich Lunch Meat,$4.99,,,16 oz,[],,"https://www.instacart.com/image-server/197x197/filters:fill(FFF,true):format(jpg)/d2lnr5mha7bycj.cloudfront.net/product-image/file/large_ddbe4105-139a-42e7-b1af-b4009fe87d5e.jpg,"
Meijer,Meijer Oven Roasted Turkey Breast,$4.59,,,9 oz,[],Likely out of stock,"https://www.instacart.com/image-server/197x197/filters:fill(FFF,true):format(jpg)/d2lnr5mha7bycj.cloudfront.net/product-image/file/large_92d0f3cb-9be3-43d0-ab14-e3c93c367083.jpg,"
Meijer,Original price: $4.99,$3.99,,,6.3 oz,[],,"https://www.instacart.com/image-server/197x197/filters:fill(FFF,true):format(jpg)/d2lnr5mha7bycj.cloudfront.net/product-image/file/large_9f6a5781-6f41-413f-821d-25aa16e55917.png,"
Meijer,Frederik's by Meijer Hard Salami,$9.99,/lb,,$0.62/oz,[],,"https://www.instacart.com/image-server/197x197/filters:fill(FFF,true):format(jpg)/d2lnr5mha7bycj.cloudfront.net/product-image/file/large_6489a4f6-dc31-4ef7-9850-1f5cf674321e.png,"
Meijer,Armour Sliced Pepperoni,$2.79,,,5 oz,[],,"https://www.instacart.com/image-server/197x197/filters:fill(FFF,true):format(jpg)/d2lnr5mha7bycj.cloudfront.net/product-image/file/large_5ccc7d36-337b-49d0-a9eb-3450b27dc5d9.png,"
Meijer,"Hillshire Farm Ultra Thin Sliced Lunchmeat, Oven Roasted Turkey",$5.49,,,9 oz,[],,"https://www.instacart.com/image-server/197x197/filters:fill(FFF,true):format(jpg)/d2lnr5mha7bycj.cloudfront.net/product-image/file/large_811b82df-8ab0-4b70-b20d-358fd4581240.png,"
Meijer,Original price: $7.99,$6.99,,,22 oz,[],,"https://www.instacart.com/image-server/197x197/filters:fill(FFF,true):format(jpg)/d2lnr5mha7bycj.cloudfront.net/product-image/file/large_1ea37246-afa2-479c-9879-38b57b3bd3df.png,"
Meijer,Oscar Mayer Deli Fresh Honey Smoked Turkey Breast Sliced Sandwich Lunch Meat,$5.69,,,9 oz,[],,"https://www.instacart.com/image-server/197x197/filters:fill(FFF,true):format(jpg)/d2lnr5mha7bycj.cloudfront.net/product-image/file/large_fef0913a-24ec-4640-9d92-bfe834dc755a.jpg,"
Meijer,Original price: $13.99,$12.59,/lb,,$0.79/oz,[],,"https://www.instacart.com/image-server/197x197/filters:fill(FFF,true):format(jpg)/d2lnr5mha7bycj.cloudfront.net/product-image/file/large_add7c15a-2ec5-4647-ae75-1fc64f4f0ffb.png,"
Meijer,Oscar Mayer Carving Board Oven Roasted Turkey Breast Sliced Deli Sandwich Lunch Meat,$5.69,,,7.5 oz,[],,"https://www.instacart.com/image-server/197x197/filters:fill(FFF,true):format(jpg)/d2lnr5mha7bycj.cloudfront.net/product-image/file/large_2c174ad6-f616-4c1a-a97e-81ef26f321b9.jpg,"
Meijer,Original price: $10.99,$8.99,/lb,,$0.56/oz,[],,"https://www.instacart.com/image-server/197x197/filters:fill(FFF,true):format(jpg)/d2lnr5mha7bycj.cloudfront.net/product-image/file/large_cddd54b8-d0bf-47be-b80f-48102dd6d515.png,"
Meijer,Meijer Whole Milk,$1.99,,,0.5 gal,[],Many in stock,"https://www.instacart.com/image-server/197x197/filters:fill(FFF,true):format(jpg)/d2lnr5mha7bycj.cloudfront.net/product-image/file/large_2abbe743-9be5-4acc-a329-0201161a86b2.png,"
Meijer,Original price: $4.99,$4.59,,,52 fl oz,"['Vegan', 'Gluten-Free']",,"https://www.instacart.com/image-server/197x197/filters:fill(FFF,true):format(jpg)/d2lnr5mha7bycj.cloudfront.net/product-image/file/large_fdfbb84b-31c3-4892-88f5-633b36ec910a.jpg,"
Meijer,"Meijer Milk, 1% Lowfat",$2.99,,,1 gal,['Cow Milk'],,"https://www.instacart.com/image-server/197x197/filters:fill(FFF,true):format(jpg)/d2lnr5mha7bycj.cloudfront.net/product-image/file/large_265dbf15-0f19-4c7a-9041-be963a6163c7.png,"
Meijer,Meijer Chocolate 1% Lowfat Milk,$3.99,,,1 gal,[],Many in stock,"https://www.instacart.com/image-server/197x197/filters:fill(FFF,true):format(jpg)/d2lnr5mha7bycj.cloudfront.net/product-image/file/large_fa7bebe2-68d1-4741-a3c1-32a13317cf77.png,"
Meijer,Meijer 1% Lowfat Milk,$1.99,,,0.5 gal,[],Many in stock,"https://www.instacart.com/image-server/197x197/filters:fill(FFF,true):format(jpg)/d2lnr5mha7bycj.cloudfront.net/product-image/file/large_4ae6618f-42e2-4b23-824c-821105b33d99.png,"
Meijer,Meijer Chocolate Whole Milk,$2.89,,,0.5 gal,[],Many in stock,"https://www.instacart.com/image-server/197x197/filters:fill(FFF,true):format(jpg)/d2lnr5mha7bycj.cloudfront.net/product-image/file/large_b050bb00-8363-43c3-971f-b83bec374d3d.png,"
Meijer,Meijer 2% Reduced Fat Milk,$1.99,,,0.5 gal,[],,"https://www.instacart.com/image-server/197x197/filters:fill(FFF,true):format(jpg)/d2lnr5mha7bycj.cloudfront.net/product-image/file/large_3a570b6e-f8a4-4e68-81d8-9f1363e61317.png,"
Meijer,Meijer Fat Free Milk,$1.99,,,0.5 gal,[],Many in stock,"https://www.instacart.com/image-server/197x197/filters:fill(FFF,true):format(jpg)/d2lnr5mha7bycj.cloudfront.net/product-image/file/large_7473684d-995c-49e9-977a-d1f56bf93fdd.png,"
Meijer,Horizon Organic Chocolate Lowfat Milk,$9.99,,,6 x 48 fl oz,['Organic'],,"https://www.instacart.com/image-server/197x197/filters:fill(FFF,true):format(jpg)/d2lnr5mha7bycj.cloudfront.net/product-image/file/large_40526ae6-3bce-49aa-a74f-f6f11bff01ad.jpg,"
Meijer,Meijer Fat Free Milk,$2.99,,,1 gal,[],,"https://www.instacart.com/image-server/197x197/filters:fill(FFF,true):format(jpg)/d2lnr5mha7bycj.cloudfront.net/product-image/file/large_a8cc735e-2450-403a-a841-ee08d102fa5a.png,"
Meijer,Meijer 2% Lactose Free Milk,$3.99,,,64 fl oz,[],Many in stock,"https://www.instacart.com/image-server/197x197/filters:fill(FFF,true):format(jpg)/d2lnr5mha7bycj.cloudfront.net/product-image/file/large_a28380f7-5762-4a23-b9cd-b79d017d2624.jpg,"
Meijer,Horizon Organic Vanilla Lowfat Milk,$16.99,,,12 x 8 fl oz,['Organic'],,"https://www.instacart.com/image-server/197x197/filters:fill(FFF,true):format(jpg)/d2lnr5mha7bycj.cloudfront.net/product-image/file/large_d736335a-21fb-4906-93ba-d6b54c449cfb.jpg,"
Meijer,Meijer Lactose Free Milk,$3.99,,,0.5 gal,[],Many in stock,"https://www.instacart.com/image-server/197x197/filters:fill(FFF,true):format(jpg)/d2lnr5mha7bycj.cloudfront.net/product-image/file/large_6302d890-e712-4abe-ab1d-3034a19d925b.jpg,"
Meijer,Lactaid 2% Reduced Fat Milk,$4.99,,,64 fl oz,[],,"https://www.instacart.com/image-server/197x197/filters:fill(FFF,true):format(jpg)/d2lnr5mha7bycj.cloudfront.net/product-image/file/large_ebf3512d-cf1b-4d62-8ca0-ae00d1ed3233.png,"
Meijer,Horizon Organic Whole Shelf-Stable Milk Boxes,$9.99,,,6 x 48 fl oz,['Organic'],,"https://www.instacart.com/image-server/197x197/filters:fill(FFF,true):format(jpg)/d2lnr5mha7bycj.cloudfront.net/product-image/file/large_20e55d77-59de-4ade-a316-a63f15690461.jpg,"
Meijer,"fairlife 2% Chocolate Ultra-Filtered Milk, Lactose Free",$5.59,,,52 oz,[],,"https://www.instacart.com/image-server/197x197/filters:fill(FFF,true):format(jpg)/d2lnr5mha7bycj.cloudfront.net/product-image/file/large_a124ff59-d012-437d-8b40-58789be50df3.jpg,"
Meijer,"fairlife 2% Reduced Fat Ultra-Filtered Milk, Lactose Free",$5.59,,,52 oz,[],,"https://www.instacart.com/image-server/197x197/filters:fill(FFF,true):format(jpg)/d2lnr5mha7bycj.cloudfront.net/product-image/file/large_56fe2578-6b60-427a-bbf3-4c3e8f774a7e.jpg,"
Meijer,"fairlife Whole Ultra-Filtered Milk, Lactose Free",$5.59,,,52 fl oz,[],,"https://www.instacart.com/image-server/197x197/filters:fill(FFF,true):format(jpg)/d2lnr5mha7bycj.cloudfront.net/product-image/file/large_cd57e38b-ee8b-4a7e-bd3b-acf225c75cf8.jpg,"
Meijer,Califia Farms Toasted Coconut Almondmilk,$4.99,,,48 fl oz,['Vegan'],,"https://www.instacart.com/image-server/197x197/filters:fill(FFF,true):format(jpg)/d2lnr5mha7bycj.cloudfront.net/product-image/file/large_b514c91f-917e-444c-b6f6-3bd76ee941e6.jpg,"
Meijer,"fairlife Fat Free Ultra-Filtered Milk, Lactose Free",$5.59,,,52 fl oz,[],,"https://www.instacart.com/image-server/197x197/filters:fill(FFF,true):format(jpg)/d2lnr5mha7bycj.cloudfront.net/product-image/file/large_2f6a1f28-a375-458b-991b-d129b7109d56.jpg,"
Meijer,Meijer Cultured Lowfat Buttermilk,$3.49,,,64 fl oz,[],Many in stock,"https://www.instacart.com/image-server/197x197/filters:fill(FFF,true):format(jpg)/d2lnr5mha7bycj.cloudfront.net/product-image/file/large_f0276bd4-d3dd-4c85-b091-bcbb6a098f71.png,"
Meijer,Milkadamia Unsweetened,$5.59,,,32 fl oz,['Vegan'],,"https://www.instacart.com/image-server/197x197/filters:fill(FFF,true):format(jpg)/d2lnr5mha7bycj.cloudfront.net/product-image/file/large_bf91bee6-ab79-4c33-bf24-80275d52dbc0.png,"
Meijer,Almond Breeze Vanilla Almondmilk,$5.69,,,96 fl oz,[],,"https://www.instacart.com/image-server/197x197/filters:fill(FFF,true):format(jpg)/d2lnr5mha7bycj.cloudfront.net/product-image/file/large_87f73986-7ab0-4370-9bdb-1d1e169ceaea.png,"
Meijer,True Goodness by Meijer Organic Whole Milk,$6.99,,,1 gal,['Organic'],Many in stock,"https://www.instacart.com/image-server/197x197/filters:fill(FFF,true):format(jpg)/d2lnr5mha7bycj.cloudfront.net/product-image/file/large_001791a3-3ea3-402d-b578-e1860ccb6a40.jpg,"
Meijer,Meijer Cultured Lowfat Buttermilk,$1.59,,,1 pt,[],Many in stock,"https://www.instacart.com/image-server/197x197/filters:fill(FFF,true):format(jpg)/d2lnr5mha7bycj.cloudfront.net/product-image/file/large_1b73b5f1-9359-4a7d-bd60-dd61ca8e43c9.png,"
Meijer,Califia Farms Unsweetened Vanilla Almondmilk,$4.99,,,48 oz,['Vegan'],,"https://www.instacart.com/image-server/197x197/filters:fill(FFF,true):format(jpg)/d2lnr5mha7bycj.cloudfront.net/product-image/file/large_57bbf7a7-edd1-4b1c-b88d-35e2983d4256.jpg,"
Meijer,True Goodness by Meijer Organic 2% Reduced Fat Milk,$6.99,,,1 gal,['Organic'],Many in stock,"https://www.instacart.com/image-server/197x197/filters:fill(FFF,true):format(jpg)/d2lnr5mha7bycj.cloudfront.net/product-image/file/large_53015429-6aa7-4099-b1b1-3e2ebf7511ec.jpg,"
Meijer,Original price: $4.99,$4.59,,,10 x 6.5 fl oz,[],,"https://www.instacart.com/image-server/197x197/filters:fill(FFF,true):format(jpg)/d2lnr5mha7bycj.cloudfront.net/product-image/file/large_88078792-6dcd-44da-b18d-829a5e2f6576.png,"
Meijer,Original price: $3.99,$2.89,,,64 oz,[],,"https://www.instacart.com/image-server/197x197/filters:fill(FFF,true):format(jpg)/d2lnr5mha7bycj.cloudfront.net/product-image/file/large_522e9ca1-93d5-4d6b-85b4-ecf0cf77d5f3.png,"
Meijer,Horizon Organic Lowfat Milk,$9.99,,,6 x 48 fl oz,['Organic'],,"https://www.instacart.com/image-server/197x197/filters:fill(FFF,true):format(jpg)/d2lnr5mha7bycj.cloudfront.net/product-image/file/large_c3c4c12a-4892-44f7-99c7-d58bc9d046ec.jpg,"
Meijer,Meijer Unsweetened Vanilla Almondmilk,$2.99,,,64 fl oz,[],,"https://www.instacart.com/image-server/197x197/filters:fill(FFF,true):format(jpg)/d2lnr5mha7bycj.cloudfront.net/product-image/file/large_e25110cb-9f6b-4af5-8646-16948cb48fb2.jpg,"
Meijer,Meijer Vanilla Almondmilk,$2.99,,,64 fl oz,[],,"https://www.instacart.com/image-server/197x197/filters:fill(FFF,true):format(jpg)/d2lnr5mha7bycj.cloudfront.net/product-image/file/large_4cee9a38-fc6e-4db7-a206-cb8d6781627e.jpg,"
Meijer,Planet Oat Original Oatmilk,$4.99,,,86 fl oz,"['Vegan', 'Gluten-Free']",Many in stock,"https://www.instacart.com/image-server/197x197/filters:fill(FFF,true):format(jpg)/d2lnr5mha7bycj.cloudfront.net/product-image/file/large_401d86fe-31ec-4220-bdf1-239d3c4c69d5.png,"
Meijer,Almond Breeze Unsweetened Original Almondmilk,$5.69,,,96 fl oz,[],,"https://www.instacart.com/image-server/197x197/filters:fill(FFF,true):format(jpg)/d2lnr5mha7bycj.cloudfront.net/product-image/file/large_89b5b93c-8ac3-4d1b-a8e3-94d1430ef16c.png,"
Meijer,Original price: $3.99,$2.89,,,59 fl oz,['Vegan'],,"https://www.instacart.com/image-server/197x197/filters:fill(FFF,true):format(jpg)/d2lnr5mha7bycj.cloudfront.net/product-image/file/large_53399d9f-e2fc-4524-87e0-82c6365f8424.jpg,"
Meijer,Milkadamia Unsweetened Vanilla,$5.59,,,32 oz,['Vegan'],,"https://www.instacart.com/image-server/197x197/filters:fill(FFF,true):format(jpg)/d2lnr5mha7bycj.cloudfront.net/product-image/file/large_78ec8adb-6ebf-4096-964e-af599c3d1fb6.png,"
Meijer,Original price: $4.99,$3.99,,,0.5 gal,['Organic'],,"https://www.instacart.com/image-server/197x197/filters:fill(FFF,true):format(jpg)/d2lnr5mha7bycj.cloudfront.net/product-image/file/large_45fef841-10e8-4d69-b25f-5a3f7e9100d7.jpg,"
Meijer,Original price: $5.69,$4.99,,,32 fl oz,[],,"https://www.instacart.com/image-server/197x197/filters:fill(FFF,true):format(jpg)/d2lnr5mha7bycj.cloudfront.net/product-image/file/large_bae46115-e23f-4183-a562-b345a3765a0c.jpg,"
Meijer,Meijer Strawberry Flavored 1% Lowfat Milk,$2.89,,,0.5 gal,[],,"https://www.instacart.com/image-server/197x197/filters:fill(FFF,true):format(jpg)/d2lnr5mha7bycj.cloudfront.net/product-image/file/large_844942b1-17e5-40ef-955e-24599a46c184.png,"
Meijer,Original price: $3.99,$2.49,,,32 fl oz,[],,"https://www.instacart.com/image-server/197x197/filters:fill(FFF,true):format(jpg)/d2lnr5mha7bycj.cloudfront.net/product-image/file/large_4e9e292b-8b53-4a75-941e-6ce1f7dbcaf2.jpg,"
Meijer,Original price: $3.99,$2.89,,,0.5 gal,[],,"https://www.instacart.com/image-server/197x197/filters:fill(FFF,true):format(jpg)/d2lnr5mha7bycj.cloudfront.net/product-image/file/large_e64f01b1-c27b-476c-a2c7-72c33806de0a.png,"
Meijer,Original price: $3.99,$2.89,,,64 fl oz,[],,"https://www.instacart.com/image-server/197x197/filters:fill(FFF,true):format(jpg)/d2lnr5mha7bycj.cloudfront.net/product-image/file/large_20935321-60f4-4390-877d-65a4e1187c27.png,"
Meijer,Almond Breeze Unsweetened Original Almond Beverage,$4.99,,,1.89 L,['Vegan'],,"https://www.instacart.com/image-server/197x197/filters:fill(FFF,true):format(jpg)/d2lnr5mha7bycj.cloudfront.net/product-image/file/large_1d22737f-2c2f-44ac-a640-0d8af82190dc.jpg,"
Meijer,Original price: $3.99,$2.49,,,32 oz,[],,"https://www.instacart.com/image-server/197x197/filters:fill(FFF,true):format(jpg)/d2lnr5mha7bycj.cloudfront.net/product-image/file/large_c43da497-d180-452c-b2dd-111ce88aa88c.jpg,"
Meijer,Almond Breeze Original Almondmilk,$5.69,,,96 fl oz,[],,"https://www.instacart.com/image-server/197x197/filters:fill(FFF,true):format(jpg)/d2lnr5mha7bycj.cloudfront.net/product-image/file/large_37ebd489-bc66-43d8-99a0-7f4328c8f881.png,"
Meijer,"Planet Oat Oatmilk, Barista Lovers",$4.59,,,52 fl oz,['Gluten-Free'],,"https://www.instacart.com/image-server/197x197/filters:fill(FFF,true):format(jpg)/d2lnr5mha7bycj.cloudfront.net/product-image/file/large_ab3f4d70-df97-4a97-8909-0811ed2871cd.png,"
Meijer,REBBL Protein Oatmeal Cookie,$4.59,,,12 fl oz,"['Organic', 'Vegan']",,"https://www.instacart.com/image-server/197x197/filters:fill(FFF,true):format(jpg)/d2lnr5mha7bycj.cloudfront.net/product-image/file/large_19392d1f-f458-4e9b-9af8-165df4ff2f42.jpg,"
Meijer,Meijer Vegetable Oil,$4.79,,,48 fl oz,[],Many in stock,"https://www.instacart.com/image-server/197x197/filters:fill(FFF,true):format(jpg)/d2lnr5mha7bycj.cloudfront.net/product-image/file/large_8f401fda-8166-459c-9812-2fc5ff9aea0f.png,"
Meijer,Pillsbury Cinnamon Rolls Refrigerated Pastry Dough With Original Icing,$3.99,,,12.7 oz,[],,"https://www.instacart.com/image-server/197x197/filters:fill(FFF,true):format(jpg)/d2lnr5mha7bycj.cloudfront.net/product-image/file/large_fcbfd93f-520c-4a67-92bc-e9d65658c173.jpg,"
Meijer,Toll House Semi Sweet Chocolate Morsels,$8.99,,,36 oz,['Gluten-Free'],,"https://www.instacart.com/image-server/197x197/filters:fill(FFF,true):format(jpg)/d2lnr5mha7bycj.cloudfront.net/product-image/file/large_70571ded-b4a4-4723-b039-61acc420aace.jpg,"
Meijer,Meijer Vegetable Oil,$10.99,,,1 gal,[],,"https://www.instacart.com/image-server/197x197/filters:fill(FFF,true):format(jpg)/d2lnr5mha7bycj.cloudfront.net/product-image/file/large_d31ba527-cfe4-4a8b-9514-fd5018130d93.jpg,"
Meijer,Pillsbury Ready to Bake Refrigerated Chocolate Chip Cookie Dough,$4.59,,,16 oz,[],,"https://www.instacart.com/image-server/197x197/filters:fill(FFF,true):format(jpg)/d2lnr5mha7bycj.cloudfront.net/product-image/file/large_547476eb-b5b3-4a79-8c43-a4e4fcc6428e.png,"
Meijer,Pillsbury Cinnamon Rolls with Original Icing,$2.69,,,7.3 oz,[],,"https://www.instacart.com/image-server/197x197/filters:fill(FFF,true):format(jpg)/d2lnr5mha7bycj.cloudfront.net/product-image/file/large_39b28791-49fc-4a82-ab63-cd9270969062.png,"
Meijer,Toll House Semi Sweet Morsels,$5.99,,,24 oz,['Gluten-Free'],,"https://www.instacart.com/image-server/197x197/filters:fill(FFF,true):format(jpg)/d2lnr5mha7bycj.cloudfront.net/product-image/file/large_ca306b02-d4b5-4168-a178-5fcbe2c67b4d.jpg,"
Meijer,Pillsbury Southern Homestyle Butter Tastin' Biscuit Dough,$3.99,,,16.3 oz,[],,"https://www.instacart.com/image-server/197x197/filters:fill(FFF,true):format(jpg)/d2lnr5mha7bycj.cloudfront.net/product-image/file/large_a82e3e1a-731e-42cf-9ad6-3b3d775a32de.jpg,"
Meijer,"Duncan Hines Chewy Fudge Brownie Mix, Baking Mix",$1.81,,,18.3 oz,[],,"https://www.instacart.com/image-server/197x197/filters:fill(FFF,true):format(jpg)/d2lnr5mha7bycj.cloudfront.net/product-image/file/large_9f74245a-e1d5-4c7e-8c00-3b5e53f33b79.png,"
Meijer,Original price: $5.69,$4.79,,,12 oz,[],Many in stock,"https://www.instacart.com/image-server/197x197/filters:fill(FFF,true):format(jpg)/d2lnr5mha7bycj.cloudfront.net/product-image/file/large_6328c17c-8a86-4391-805b-0be172dfe33b.jpg,"
Meijer,Toll House Milk Chocolate Morsels,$5.99,,,23 oz,['Gluten-Free'],,"https://www.instacart.com/image-server/197x197/filters:fill(FFF,true):format(jpg)/d2lnr5mha7bycj.cloudfront.net/product-image/file/large_ce1efb58-0b9a-47fb-be57-943209739bd0.jpg,"
Meijer,Meijer Granulated Pure Sugar,$9.99,,,10 lb,['Gluten-Free'],Many in stock,"https://www.instacart.com/image-server/197x197/filters:fill(FFF,true):format(jpg)/d2lnr5mha7bycj.cloudfront.net/product-image/file/large_568ac30f-7357-406e-a236-373e2a90fe6d.png,"
Meijer,Meijer Enriched & Pre-sifted Unbleached All-purpose Flour,$2.89,,,5 lb,[],Many in stock,"https://www.instacart.com/image-server/197x197/filters:fill(FFF,true):format(jpg)/d2lnr5mha7bycj.cloudfront.net/product-image/file/large_8a97fac1-7b89-47b6-88d8-3b425aaa6582.jpg,"
Meijer,Meijer Canola Oil,$4.99,,,48 fl oz,[],Many in stock,"https://www.instacart.com/image-server/197x197/filters:fill(FFF,true):format(jpg)/d2lnr5mha7bycj.cloudfront.net/product-image/file/large_8400d9ae-3998-4769-8cb3-7f4b32821d9f.jpg,"
Meijer,Original price: $6.99,$5.69,,,5 lb,['Whole Grain'],,"https://www.instacart.com/image-server/197x197/filters:fill(FFF,true):format(jpg)/d2lnr5mha7bycj.cloudfront.net/product-image/file/large_5a966d9f-8818-4fb4-9640-bf24439775b1.jpg,"
Meijer,Meijer Distilled White Vinegar,$4.39,,,128 fl oz,[],,"https://www.instacart.com/image-server/197x197/filters:fill(FFF,true):format(jpg)/d2lnr5mha7bycj.cloudfront.net/product-image/file/large_16b6ec5a-7aa0-4101-ae24-afe22fb99770.jpg,"
Meijer,Meijer Iodized Salt,$0.85,,,26 oz,[],Many in stock,"https://www.instacart.com/image-server/197x197/filters:fill(FFF,true):format(jpg)/d2lnr5mha7bycj.cloudfront.net/product-image/file/large_f66212be-68b9-4997-b549-267a5cedf8ec.jpg,"
Meijer,Original price: $0.89,$0.79,,,1 oz,[],,"https://www.instacart.com/image-server/197x197/filters:fill(FFF,true):format(jpg)/d2lnr5mha7bycj.cloudfront.net/product-image/file/large_95df0ae9-dd60-4815-ae24-0b4aa5112915.jpg,"
Meijer,Toll House Semi Sweet Chocolate Chips,$3.69,,,12 oz,['Gluten-Free'],,"https://www.instacart.com/image-server/197x197/filters:fill(FFF,true):format(jpg)/d2lnr5mha7bycj.cloudfront.net/product-image/file/large_b4fbf74c-4fc5-476c-b7ca-6d2b36dec852.jpg,"
Meijer,Domino Premium Pure Cane Granulated Sugar,$2.89,,,16 oz,[],Many in stock,"https://www.instacart.com/image-server/197x197/filters:fill(FFF,true):format(jpg)/d2lnr5mha7bycj.cloudfront.net/product-image/file/large_f1fada6e-08ac-47a5-813a-1d9cb7bb0426.jpg,"
Meijer,"Old El Paso Taco Seasoning, Original, Large Size",$4.39,,,6.25 oz,[],,"https://www.instacart.com/image-server/197x197/filters:fill(FFF,true):format(jpg)/d2lnr5mha7bycj.cloudfront.net/product-image/file/large_7918aa06-32fa-4ba1-b29d-30dd89570d91.png,"
Meijer,Original price: $4.59,$3.99,,,16 oz,[],,"https://www.instacart.com/image-server/197x197/filters:fill(FFF,true):format(jpg)/d2lnr5mha7bycj.cloudfront.net/product-image/file/large_b6b0746d-c9de-4cd0-be08-364c718bde16.jpg,"
Meijer,"King Arthur Baking Company Brownie Mix, Gluten Free, Ultimate Fudge",$5.99,,,17 oz,['Gluten-Free'],Many in stock,"https://www.instacart.com/image-server/197x197/filters:fill(FFF,true):format(jpg)/d2lnr5mha7bycj.cloudfront.net/product-image/file/large_bf483150-1d36-4467-98eb-3160f9330045.jpg,"
Meijer,"Pearl Milling Company Syrup, Original",$4.99,,,24 fl oz,[],,"https://www.instacart.com/image-server/197x197/filters:fill(FFF,true):format(jpg)/d2lnr5mha7bycj.cloudfront.net/product-image/file/large_937ca4c0-33fd-4956-838e-9eb2a1a94dcf.jpg,"
Meijer,Meijer White Distilled Vinegar,$1.79,,,32 fl oz,[],,"https://www.instacart.com/image-server/197x197/filters:fill(FFF,true):format(jpg)/d2lnr5mha7bycj.cloudfront.net/product-image/file/large_f63ad78d-3a6a-4b38-b8c9-a01ac70258e2.jpg,"
Meijer,Original price: $2.29,$1.81,,,10 oz,[],,"https://www.instacart.com/image-server/197x197/filters:fill(FFF,true):format(jpg)/d2lnr5mha7bycj.cloudfront.net/product-image/file/large_938e2e98-ddde-44a2-b562-9a314a41bda7.jpg,"
Meijer,"Krusteaz Cornbread & Muffin Mix, Honey",$2.49,,,15 oz,[],,"https://www.instacart.com/image-server/197x197/filters:fill(FFF,true):format(jpg)/d2lnr5mha7bycj.cloudfront.net/product-image/file/large_732b3bc9-b65f-48c4-b2a6-8e640f16c2c7.jpg,"
Meijer,Original price: $1.79,$1.59,,,1.4 oz,[],,"https://www.instacart.com/image-server/197x197/filters:fill(FFF,true):format(jpg)/d2lnr5mha7bycj.cloudfront.net/product-image/file/large_b201c471-e2f1-4434-96f4-bef7550cfee4.jpg,"
Meijer,Toll House Dark Chocolate Chips,$3.69,,,10 oz,['Gluten-Free'],,"https://www.instacart.com/image-server/197x197/filters:fill(FFF,true):format(jpg)/d2lnr5mha7bycj.cloudfront.net/product-image/file/large_033b7ee1-2a65-41bc-82e2-15ac3f0d7540.jpg,"
Meijer,Meijer Black Ground Pepper,$2.29,,,1.5 oz,[],,"https://www.instacart.com/image-server/197x197/filters:fill(FFF,true):format(jpg)/d2lnr5mha7bycj.cloudfront.net/product-image/file/large_37abf125-6112-4691-810b-354b550b0135.jpg,"
Meijer,Badia Spices Onion Powder,$3.49,,,2.75 oz,[],,"https://www.instacart.com/image-server/197x197/filters:fill(FFF,true):format(jpg)/d2lnr5mha7bycj.cloudfront.net/product-image/file/large_f81addab-0eeb-4802-b684-6ba225991502.png,"
Meijer,Original price: $3.69,$2.99,,,16 fl oz,[],,"https://www.instacart.com/image-server/197x197/filters:fill(FFF,true):format(jpg)/d2lnr5mha7bycj.cloudfront.net/product-image/file/large_b7a8a9f8-4999-4383-bb08-d8fb50519624.jpg,"
Meijer,Original price: $8.99,$7.99,,,9 oz,['Gluten-Free'],,"https://www.instacart.com/image-server/197x197/filters:fill(FFF,true):format(jpg)/d2lnr5mha7bycj.cloudfront.net/product-image/file/large_392c8b25-fe00-438d-a47e-7d8189f891f6.jpg,"
Meijer,Meijer Onion Powder,$1.81,,,2.62 oz,[],,"https://www.instacart.com/image-server/197x197/filters:fill(FFF,true):format(jpg)/d2lnr5mha7bycj.cloudfront.net/product-image/file/large_34ac3834-888e-4612-bd4e-343463ff0783.jpg,"
Meijer,Original price: $1.99,$1.89,,,15.25 oz,[],,"https://www.instacart.com/image-server/197x197/filters:fill(FFF,true):format(jpg)/d2lnr5mha7bycj.cloudfront.net/product-image/file/large_54def082-99f4-4de6-aa0e-636fb4ae9c8f.jpg,"
Meijer,Original price: $0.99,$0.89,,,1 oz,[],Many in stock,"https://www.instacart.com/image-server/197x197/filters:fill(FFF,true):format(jpg)/d2lnr5mha7bycj.cloudfront.net/product-image/file/large_8fe88e00-37e4-43ac-a8ae-3691544dfa46.jpg,"
Meijer,Jack Daniel's Steak Seasoning,$8.59,,,6 oz,[],,"https://www.instacart.com/image-server/197x197/filters:fill(FFF,true):format(jpg)/d2lnr5mha7bycj.cloudfront.net/product-image/file/large_057ffb72-36d9-49f5-8ef6-e40d3685175b.png,"
Meijer,Original price: $1.99,$1.89,,,18.25 oz,[],,"https://www.instacart.com/image-server/197x197/filters:fill(FFF,true):format(jpg)/d2lnr5mha7bycj.cloudfront.net/product-image/file/large_4374aa94-9b22-407a-9576-fa70b4fb5254.jpg,"
Meijer,Toll House Semi Sweet Mini Morsels,$3.69,,,10 oz,['Gluten-Free'],,"https://www.instacart.com/image-server/197x197/filters:fill(FFF,true):format(jpg)/d2lnr5mha7bycj.cloudfront.net/product-image/file/large_0a0ca034-b99b-41e0-ac8d-e63d76f535cc.jpg,"
Meijer,Badia Spices Garlic Powder,$3.49,,,3 oz,[],,"https://www.instacart.com/image-server/197x197/filters:fill(FFF,true):format(jpg)/d2lnr5mha7bycj.cloudfront.net/product-image/file/large_37d6a0bb-4846-4f55-8538-7e5581ec7de6.png,"
Meijer,Original price: $9.99,$7.99,,,17 fl oz,[],,"https://www.instacart.com/image-server/197x197/filters:fill(FFF,true):format(jpg)/d2lnr5mha7bycj.cloudfront.net/product-image/file/large_aef2cee0-baad-48e0-b553-f924bb80e116.png,"
Meijer,Nestle Toll House Milk Chocolate Chips,$3.69,,,11.5 oz,['Gluten-Free'],,"https://www.instacart.com/image-server/197x197/filters:fill(FFF,true):format(jpg)/d2lnr5mha7bycj.cloudfront.net/product-image/file/large_73038052-34b9-47c5-9698-26c8baada490.jpg,"
Meijer,Original price: $7.99,$6.99,,,4.7 oz,[],,"https://www.instacart.com/image-server/197x197/filters:fill(FFF,true):format(jpg)/d2lnr5mha7bycj.cloudfront.net/product-image/file/large_815a230b-b1a3-48e5-95df-65f366101683.jpg,"
Meijer,Original price: $19.99,$17.99,,,16.9 fl oz,[],,"https://www.instacart.com/image-server/197x197/filters:fill(FFF,true):format(jpg)/d2lnr5mha7bycj.cloudfront.net/product-image/file/large_1d8a021a-eb2b-4d94-80bc-7a99d53c68b9.jpg,"
