Store,Item Name,Price,Units,Unit Price,Amount,Tags,In Stock,Image
Sam's Club,Bananas,$0.16,each (est.),$0.49 / lb,About 0.33 lb each,[],,"https://www.instacart.com/image-server/197x197/filters:fill(FFF,true):format(jpg)/d2lnr5mha7bycj.cloudfront.net/product-image/file/large_e86a7d99-50c9-4c6d-9422-cda91faf2618.jpg,"
Sam's Club,"Strawberries, Package",$2.75,,,1 lb,[],,"https://www.instacart.com/image-server/197x197/filters:fill(FFF,true):format(jpg)/d2lnr5mha7bycj.cloudfront.net/product-image/file/large_dae3c8b7-f2dc-45a1-95c8-d83a5c147b6e.jpg,"
Sam's Club,"Mandarins, Bag",$3.19,,,3 lb,[],Many in stock,"https://www.instacart.com/image-server/197x197/filters:fill(FFF,true):format(jpg)/d2lnr5mha7bycj.cloudfront.net/product-image/file/large_3a5265d4-7382-4e23-880e-9111f452243e.jpg,"
Sam's Club,Blueberries Package,$3.95,,,1 pint container,[],,"https://www.instacart.com/image-server/197x197/filters:fill(FFF,true):format(jpg)/d2lnr5mha7bycj.cloudfront.net/product-image/file/large_e1fb32d6-26b5-42bd-a77d-65644dae5e38.jpg,"
Sam's Club,Avocado,$0.79,,,1 each,[],Many in stock,"https://www.instacart.com/image-server/197x197/filters:fill(FFF,true):format(jpg)/d2lnr5mha7bycj.cloudfront.net/product-image/file/large_97eaa0b2-0e46-45b3-8ab7-539b0e02a514.jpg,"
Sam's Club,Stemilt Honeycrisp Apple Pouch,$3.09,,,2 lb,[],Many in stock,"https://www.instacart.com/image-server/197x197/filters:fill(FFF,true):format(jpg)/d2lnr5mha7bycj.cloudfront.net/product-image/file/large_c159aee7-063d-4fc6-9770-027a41a2ecc5.jpg,"
Sam's Club,"Mission Mini Avocados, Bag",$2.55,,,6 ct,[],,"https://www.instacart.com/image-server/197x197/filters:fill(FFF,true):format(jpg)/d2lnr5mha7bycj.cloudfront.net/product-image/file/large_aeec6904-d31a-4827-a1a3-ad8640affef2.jpg,"
Sam's Club,Raspberries Package,$2.55,,,6 oz Container,[],Many in stock,"https://www.instacart.com/image-server/197x197/filters:fill(FFF,true):format(jpg)/d2lnr5mha7bycj.cloudfront.net/product-image/file/large_52b9f93d-be02-4f41-85c1-af415f3411ba.jpg,"
Sam's Club,Red Grapes,$4.93,/pkg (est.),$2.19 / lb,About 2.25 lb / package,[],,"https://www.instacart.com/image-server/197x197/filters:fill(FFF,true):format(jpg)/d2lnr5mha7bycj.cloudfront.net/product-image/file/large_df21f925-4691-4f9d-97a6-040b0dd79be9.jpg,"
Sam's Club,Fresh Prepacked Blackberries,$2.55,,,6 oz container,[],Many in stock,"https://www.instacart.com/image-server/197x197/filters:fill(FFF,true):format(jpg)/d2lnr5mha7bycj.cloudfront.net/product-image/file/large_637ad2dd-fc56-4eb6-bbb1-fad36d8d22b5.jpg,"
Sam's Club,Lemons,$3.19,,,2 lb bag,[],,"https://www.instacart.com/image-server/197x197/filters:fill(FFF,true):format(jpg)/d2lnr5mha7bycj.cloudfront.net/product-image/file/large_6ca251e5-109b-43c2-9bdf-772a7abffdc3.jpg,"
Sam's Club,Green Grapes,$3.80,/pkg (est.),$1.69 / lb,About 2.25 lb / package,[],,"https://www.instacart.com/image-server/197x197/filters:fill(FFF,true):format(jpg)/d2lnr5mha7bycj.cloudfront.net/product-image/file/large_9fc08a5e-767f-4e46-a027-b1cf613dc323.jpg,"
Sam's Club,Pineapple,$1.99,,,1 ct,[],Many in stock,"https://www.instacart.com/image-server/197x197/filters:fill(FFF,true):format(jpg)/d2lnr5mha7bycj.cloudfront.net/product-image/file/large_e06da388-57de-4e8e-a589-2fbc1c372f6d.jpg,"
Sam's Club,Little Salad Bar Pineapple Spears,$3.85,,,16 oz,[],Many in stock,"https://www.instacart.com/image-server/197x197/filters:fill(FFF,true):format(jpg)/d2lnr5mha7bycj.cloudfront.net/product-image/file/large_554b5f20-272f-4915-adcc-526737cef7f2.jpg,"
Sam's Club,"Limes, Bag",$2.65,,,1 lb,[],,"https://www.instacart.com/image-server/197x197/filters:fill(FFF,true):format(jpg)/d2lnr5mha7bycj.cloudfront.net/product-image/file/large_f407f4f6-fc18-4b16-9bc4-48ffc1750cf9.jpg,"
Sam's Club,Little Salad Bar Watermelon Spears,$3.85,,,16 oz,[],,"https://www.instacart.com/image-server/197x197/filters:fill(FFF,true):format(jpg)/d2lnr5mha7bycj.cloudfront.net/product-image/file/large_16820eae-dbe5-4f20-9793-711654f373f5.jpg,"
Sam's Club,Honeycrisp Apple,$5.07,each (est.),$1.69 / lb,About 3.0 lb each,[],,"https://www.instacart.com/image-server/197x197/filters:fill(FFF,true):format(jpg)/d2lnr5mha7bycj.cloudfront.net/product-image/file/large_eb1142eb-18dd-4abd-9462-b51330880a2c.jpg,"
Sam's Club,Mango,$1.89,,,1 each,[],,"https://www.instacart.com/image-server/197x197/filters:fill(FFF,true):format(jpg)/d2lnr5mha7bycj.cloudfront.net/product-image/file/large_c02311a1-643f-4019-9305-468fc11adc78.jpg,"
Sam's Club,Organic Bananas,$0.25,each (est.),$0.75 / lb,About 0.33 lb each,"['Organic', 'Non-GMO']",,"https://www.instacart.com/image-server/197x197/filters:fill(FFF,true):format(jpg)/d2lnr5mha7bycj.cloudfront.net/product-image/file/large_fda8c08e-6870-4b50-9835-d9f800d60800.jpg,"
Sam's Club,Organic Avocado Bag,$3.19,,,4 count bag,"['Organic', 'Non-GMO']",,"https://www.instacart.com/image-server/197x197/filters:fill(FFF,true):format(jpg)/d2lnr5mha7bycj.cloudfront.net/product-image/file/large_892d4d83-6407-4323-b1e2-ea294848796c.JPG,"
Sam's Club,Bartlett Pear,$4.39,,,,[],,"https://www.instacart.com/image-server/197x197/filters:fill(FFF,true):format(jpg)/d2lnr5mha7bycj.cloudfront.net/product-image/file/large_2991fbec-88eb-40f4-b259-a5a0cdfd016b.jpg,"
Sam's Club,Cantaloupe,$2.75,,,1 each,[],,"https://www.instacart.com/image-server/197x197/filters:fill(FFF,true):format(jpg)/d2lnr5mha7bycj.cloudfront.net/product-image/file/large_f4a2554b-a8e6-4fd9-a9cc-40960a5a4dae.jpg,"
Sam's Club,Driscoll's Rainbow Pack Berries,$4.95,,,7 oz,[],Many in stock,"https://www.instacart.com/image-server/197x197/filters:fill(FFF,true):format(jpg)/d2lnr5mha7bycj.cloudfront.net/product-image/file/large_d9fc3a4e-b7d0-47dd-aaf9-d0adc79752cd.jpg,"
Sam's Club,Green Kiwi Package,$4.75,,,2 lb container,[],,"https://www.instacart.com/image-server/197x197/filters:fill(FFF,true):format(jpg)/d2lnr5mha7bycj.cloudfront.net/product-image/file/large_3bf3148a-8927-4bc4-a16a-38e9aa3312f5.jpg,"
Sam's Club,Organic Strawberries Package,$5.29,,,1 lb container,"['Organic', 'Non-GMO']",,"https://www.instacart.com/image-server/197x197/filters:fill(FFF,true):format(jpg)/d2lnr5mha7bycj.cloudfront.net/product-image/file/large_bb3ffd84-5952-4a7b-af83-1dc1c3d14238.jpg,"
Sam's Club,Sunkist Navel Oranges,$4.95,,,3 lb,[],,"https://www.instacart.com/image-server/197x197/filters:fill(FFF,true):format(jpg)/d2lnr5mha7bycj.cloudfront.net/product-image/file/large_b3dca2b5-e275-4b58-8593-118849fd2535.png,"
Sam's Club,"Cara Cara Oranges, Bag",$4.95,,,3 lb,[],,"https://www.instacart.com/image-server/197x197/filters:fill(FFF,true):format(jpg)/d2lnr5mha7bycj.cloudfront.net/product-image/file/large_566607f3-1c60-41b3-9429-6af84e2eb2ea.jpg,"
Sam's Club,"Organic Farms Organic Blueberries, Package",$3.65,,,6 oz,"['Organic', 'Non-GMO']",,"https://www.instacart.com/image-server/197x197/filters:fill(FFF,true):format(jpg)/d2lnr5mha7bycj.cloudfront.net/product-image/file/large_e4cb0c7a-92e1-4ea9-8a3b-c2216b013ed1.jpg,"
Sam's Club,Granny Smith Apples,$3.85,,,per lb,[],Many in stock,"https://www.instacart.com/image-server/197x197/filters:fill(FFF,true):format(jpg)/d2lnr5mha7bycj.cloudfront.net/product-image/file/large_49aa1438-4fcf-42b9-9079-f0d2f84b6d3b.jpg,"
Sam's Club,Pink Lady (Cripps) Apple Bag,$4.29,,,3 lb bag,[],Many in stock,"https://www.instacart.com/image-server/197x197/filters:fill(FFF,true):format(jpg)/d2lnr5mha7bycj.cloudfront.net/product-image/file/large_a8d53b92-0250-4c76-9fb6-089c3804a869.jpg,"
Sam's Club,Red Delicious Apple Bag,$3.29,,,3 lb bag,[],Many in stock,"https://www.instacart.com/image-server/197x197/filters:fill(FFF,true):format(jpg)/d2lnr5mha7bycj.cloudfront.net/product-image/file/large_bd2f2d2d-da18-4c32-b0d0-e0804065783d.jpg,"
Sam's Club,Gala Apple Bag,$3.09,,,,[],,"https://www.instacart.com/image-server/197x197/filters:fill(FFF,true):format(jpg)/d2lnr5mha7bycj.cloudfront.net/product-image/file/large_6dbf93f9-1a50-4936-a576-11d6532cf3e1.jpg,"
Sam's Club,Cosmic Crisp Premium Apples,$3.65,,,2 lb bag,[],Many in stock,"https://www.instacart.com/image-server/197x197/filters:fill(FFF,true):format(jpg)/d2lnr5mha7bycj.cloudfront.net/product-image/file/large_d68767ea-1863-440c-87fc-872260a92bce.jpg,"
Sam's Club,Mini Watermelon,$4.65,,,,[],,"https://www.instacart.com/image-server/197x197/filters:fill(FFF,true):format(jpg)/d2lnr5mha7bycj.cloudfront.net/product-image/file/large_dd761f4e-1b31-417f-bba3-11322e7a8de5.jpg,"
Sam's Club,Fuji Apple Bag,$3.65,,,3 lb bag,[],Many in stock,"https://www.instacart.com/image-server/197x197/filters:fill(FFF,true):format(jpg)/d2lnr5mha7bycj.cloudfront.net/product-image/file/large_9fc2e655-41a4-4da0-9e5f-153fd118a854.jpg,"
Sam's Club,"Organic Raspberries, Package",$3.85,,,6 oz,"['Organic', 'Non-GMO']",,"https://www.instacart.com/image-server/197x197/filters:fill(FFF,true):format(jpg)/d2lnr5mha7bycj.cloudfront.net/product-image/file/large_b59a373a-b6e1-46f9-892a-74dbdf424453.jpg,"
Sam's Club,"Organic Pears, Bag",$4.39,,,2 lb,['Non-GMO'],,"https://www.instacart.com/image-server/197x197/filters:fill(FFF,true):format(jpg)/d2lnr5mha7bycj.cloudfront.net/product-image/file/large_a90ade67-0677-4a88-8283-c0e4b1ec321e.jpg,"
Sam's Club,"Grapefruit, Bag",$5.49,,,5 lb,[],,"https://www.instacart.com/image-server/197x197/filters:fill(FFF,true):format(jpg)/d2lnr5mha7bycj.cloudfront.net/product-image/file/large_45899cf1-642a-439b-9441-69c06d1b3982.jpg,"
Sam's Club,Organic Gala Apple Bag,$4.29,,,3 lb bag,"['Non-GMO', 'Organic']",,"https://www.instacart.com/image-server/197x197/filters:fill(FFF,true):format(jpg)/d2lnr5mha7bycj.cloudfront.net/product-image/file/large_6b57cc78-0ed8-447c-ae60-bc69c0eb783c.jpg,"
Sam's Club,"Sugar Crisp Grapes, Bag (Limit 6)",$6.59,,,2 lb,[],,"https://www.instacart.com/image-server/197x197/filters:fill(FFF,true):format(jpg)/d2lnr5mha7bycj.cloudfront.net/product-image/file/large_ab4e1bfa-768e-4b0a-a4f1-0f99aa4d99ea.jpg,"
Sam's Club,Cucumber,$0.65,,,1 each,[],Many in stock,"https://www.instacart.com/image-server/197x197/filters:fill(FFF,true):format(jpg)/d2lnr5mha7bycj.cloudfront.net/product-image/file/large_e05c465a-7ad0-455b-bff8-7587c3aa7de8.jpg,"
Sam's Club,"Multi-Colored Peppers, Package",$2.75,,,3 ct,[],,"https://www.instacart.com/image-server/197x197/filters:fill(FFF,true):format(jpg)/d2lnr5mha7bycj.cloudfront.net/product-image/file/large_4544b625-fca5-40c2-8499-f28cdbcf16fd.jpg,"
Sam's Club,Little Salad Bar Spinach Flat Leaf,$1.65,,,8 oz bag,[],Many in stock,"https://www.instacart.com/image-server/197x197/filters:fill(FFF,true):format(jpg)/d2lnr5mha7bycj.cloudfront.net/product-image/file/large_7b89258b-303e-4814-9423-6eed38db2305.jpg,"
Sam's Club,Farmer's Promise Yellow Potatoes,$3.85,,,5 lb,[],Many in stock,"https://www.instacart.com/image-server/197x197/filters:fill(FFF,true):format(jpg)/d2lnr5mha7bycj.cloudfront.net/product-image/file/large_8f7b3be4-1e9b-4c93-bc33-a5aaffce66e7.jpg,"
Sam's Club,Yellow Onion Bag,$2.85,,,3 lb bag,[],Many in stock,"https://www.instacart.com/image-server/197x197/filters:fill(FFF,true):format(jpg)/d2lnr5mha7bycj.cloudfront.net/product-image/file/large_90ba0180-67c0-4ab0-99e1-acf368606254.jpg,"
Sam's Club,Baby Peeled Carrots,$1.45,,,16 oz,['In season'],,"https://www.instacart.com/image-server/197x197/filters:fill(FFF,true):format(jpg)/d2lnr5mha7bycj.cloudfront.net/product-image/file/large_f88b9ef7-6844-41ab-8d9e-a6a26bcf973f.jpg,"
Sam's Club,Cilantro,$1.05,,,1 ct,[],,"https://www.instacart.com/image-server/197x197/filters:fill(FFF,true):format(jpg)/d2lnr5mha7bycj.cloudfront.net/product-image/file/large_78e25ff9-acc9-454a-966e-94df06bfb5b8.jpg,"
Sam's Club,Tasteful Selections Bag of Potato Medley,$3.65,,,24 oz,[],Many in stock,"https://www.instacart.com/image-server/197x197/filters:fill(FFF,true):format(jpg)/d2lnr5mha7bycj.cloudfront.net/product-image/file/large_d5d78c0e-b241-40da-ba8c-a2f8b8d12a2f.jpg,"
Sam's Club,Broccoli Crowns,$1.89,each (est.),$1.89 / lb,About 1.0 lb each,[],,"https://www.instacart.com/image-server/197x197/filters:fill(FFF,true):format(jpg)/d2lnr5mha7bycj.cloudfront.net/product-image/file/large_0ecedf2d-0cc2-44fc-b218-2ce5259ccae4.jpg,"
Sam's Club,Iceberg Lettuce,$1.85,,,1 each,[],,"https://www.instacart.com/image-server/197x197/filters:fill(FFF,true):format(jpg)/d2lnr5mha7bycj.cloudfront.net/product-image/file/large_5fc53b45-8f3e-4929-b53c-4eb66437cb01.jpg,"
Sam's Club,"Mini Cucumbers, Package",$1.95,,,1 lb,[],Many in stock,"https://www.instacart.com/image-server/197x197/filters:fill(FFF,true):format(jpg)/d2lnr5mha7bycj.cloudfront.net/product-image/file/large_66d839b1-bc45-4adb-b0d2-fa8b288a8f44.jpg,"
Sam's Club,Celery Package,$1.35,,,1 lb container,[],Many in stock,"https://www.instacart.com/image-server/197x197/filters:fill(FFF,true):format(jpg)/d2lnr5mha7bycj.cloudfront.net/product-image/file/large_cfbbf4a6-d3ee-4c3a-abcf-98c787114763.jpg,"
Sam's Club,Roma Tomatoes,$0.19,each (est.),$0.89 / lb,About 0.22 lb each,[],,"https://www.instacart.com/image-server/197x197/filters:fill(FFF,true):format(jpg)/d2lnr5mha7bycj.cloudfront.net/product-image/file/large_71fd3d29-42b0-4073-b8ec-c3aa47256462.jpg,"
Sam's Club,Green Bell Pepper,$2.19,,,3 count bag,[],Many in stock,"https://www.instacart.com/image-server/197x197/filters:fill(FFF,true):format(jpg)/d2lnr5mha7bycj.cloudfront.net/product-image/file/large_4bf258e5-0fe5-41f3-bffa-5e4f4085b3d0.jpg,"
Sam's Club,Little Salad Bar Shredded Lettuce,$2.09,,,8 oz,[],Many in stock,"https://www.instacart.com/image-server/197x197/filters:fill(FFF,true):format(jpg)/d2lnr5mha7bycj.cloudfront.net/product-image/file/large_827aae14-c752-43d8-8b22-62ccd5556826.jpg,"
Sam's Club,Green Onions (Scallions),$1.05,,,5.5 oz,[],,"https://www.instacart.com/image-server/197x197/filters:fill(FFF,true):format(jpg)/d2lnr5mha7bycj.cloudfront.net/product-image/file/large_4e369aef-6745-4912-ba4e-1b06c5f2f3b4.jpg,"
Sam's Club,English Seedless Cucumber,$1.05,,,1 ct,[],Many in stock,"https://www.instacart.com/image-server/197x197/filters:fill(FFF,true):format(jpg)/d2lnr5mha7bycj.cloudfront.net/product-image/file/large_b38cb0e2-776f-47c2-bfbb-858b6422edce.jpg,"
Sam's Club,Cabbage,$2.25,each (est.),$0.75 / lb,About 3.0 lb each,['In season'],,"https://www.instacart.com/image-server/197x197/filters:fill(FFF,true):format(jpg)/d2lnr5mha7bycj.cloudfront.net/product-image/file/large_9b543a0d-9d86-48fa-8e76-4bc4f954f62a.jpg,"
Sam's Club,Red Onion Bag,$2.35,,,2 lb bag,[],Many in stock,"https://www.instacart.com/image-server/197x197/filters:fill(FFF,true):format(jpg)/d2lnr5mha7bycj.cloudfront.net/product-image/file/large_5ee6c486-2962-48ba-9d4d-04e0b78b8772.jpg,"
Sam's Club,Grape Tomatoes,$1.89,,,10.5 oz,[],,"https://www.instacart.com/image-server/197x197/filters:fill(FFF,true):format(jpg)/d2lnr5mha7bycj.cloudfront.net/product-image/file/large_19b7b2c8-857a-4855-bd35-56e0b1e7f9c6.jpg,"
Sam's Club,"Brussels Sprouts, Package",$2.19,,,1 lb,[],Many in stock,"https://www.instacart.com/image-server/197x197/filters:fill(FFF,true):format(jpg)/d2lnr5mha7bycj.cloudfront.net/product-image/file/large_6e5ea46a-15aa-48af-b544-31de90856c5f.jpg,"
Sam's Club,Romaine Lettuce Hearts,$3.55,,,3 count bag,[],,"https://www.instacart.com/image-server/197x197/filters:fill(FFF,true):format(jpg)/d2lnr5mha7bycj.cloudfront.net/product-image/file/large_4c0d594a-3496-4e1c-ba85-bbffb340904c.jpg,"
Sam's Club,"Monterey Mushrooms White Mushrooms, Sliced",$1.75,,,8 oz container,[],Many in stock,"https://www.instacart.com/image-server/197x197/filters:fill(FFF,true):format(jpg)/d2lnr5mha7bycj.cloudfront.net/product-image/file/large_91f68a9f-c9c7-476f-9a1f-58ff043bc5a8.jpg,"
Sam's Club,NatureSweet Cherubs Heavenly Salad Tomatoes,$2.65,,,10 oz,[],,"https://www.instacart.com/image-server/197x197/filters:fill(FFF,true):format(jpg)/d2lnr5mha7bycj.cloudfront.net/product-image/file/large_675e0375-046e-4a75-8fd9-b8111e492878.jpg,"
Sam's Club,Zucchini Squash,$2.18,each (est.),$1.45 / lb,About 1.5 lb each,[],,"https://www.instacart.com/image-server/197x197/filters:fill(FFF,true):format(jpg)/d2lnr5mha7bycj.cloudfront.net/product-image/file/large_d057f919-c925-4b06-865a-3bc079d51839.jpg,"
Sam's Club,"Mini Sweet Peppers, Package",$3.19,,,1 lb,[],Many in stock,"https://www.instacart.com/image-server/197x197/filters:fill(FFF,true):format(jpg)/d2lnr5mha7bycj.cloudfront.net/product-image/file/large_555bdcaa-beaf-483c-9eee-468b4211c982.jpg,"
Sam's Club,Sweet Potato Bag,$2.19,,,3 lb bag,[],,"https://www.instacart.com/image-server/197x197/filters:fill(FFF,true):format(jpg)/d2lnr5mha7bycj.cloudfront.net/product-image/file/large_aa885e7f-92fe-4e48-b101-0448b199694d.jpg,"
Sam's Club,Garlic,$2.19,,,3 count bag,[],Many in stock,"https://www.instacart.com/image-server/197x197/filters:fill(FFF,true):format(jpg)/d2lnr5mha7bycj.cloudfront.net/product-image/file/large_d4213068-0777-40de-be31-cf33b7decf48.jpg,"
Sam's Club,Jalapeno Pepper Package,$0.99,,,8 oz container,[],Many in stock,"https://www.instacart.com/image-server/197x197/filters:fill(FFF,true):format(jpg)/d2lnr5mha7bycj.cloudfront.net/product-image/file/large_fdc898fd-5ceb-44d2-baed-a356ce8addec.jpg,"
Sam's Club,Crimini (Brown) Mushroom Package,$1.89,,,8 oz container,[],Many in stock,"https://www.instacart.com/image-server/197x197/filters:fill(FFF,true):format(jpg)/d2lnr5mha7bycj.cloudfront.net/product-image/file/large_08e97643-d81b-4bb8-b9a6-5ce8a4d1d2e8.jpg,"
Sam's Club,"Green Beans, Package",$1.95,,,16 oz,[],,"https://www.instacart.com/image-server/197x197/filters:fill(FFF,true):format(jpg)/d2lnr5mha7bycj.cloudfront.net/product-image/file/large_8da479f2-f703-444a-bd12-53f6945b714b.jpg,"
Sam's Club,Farmer's Promise Russet Potatoes,$3.85,,,5 lb,[],,"https://www.instacart.com/image-server/197x197/filters:fill(FFF,true):format(jpg)/d2lnr5mha7bycj.cloudfront.net/product-image/file/large_ff012dbb-cacb-4c13-bccf-a5bb1b968f56.jpg,"
Sam's Club,Peeled Organic Baby Carrots Bag,$1.65,,,16 oz,"['In season', 'Non-GMO']",,"https://www.instacart.com/image-server/197x197/filters:fill(FFF,true):format(jpg)/d2lnr5mha7bycj.cloudfront.net/product-image/file/large_a66a28fb-3164-4770-928a-bf917537902d.jpg,"
Sam's Club,Russet Potato Bag,$4.39,,,10 lb bag,[],Many in stock,"https://www.instacart.com/image-server/197x197/filters:fill(FFF,true):format(jpg)/d2lnr5mha7bycj.cloudfront.net/product-image/file/large_ca7ccab6-b859-4d4b-9bff-76c6725cdfdb.jpg,"
Sam's Club,Sunset Tomatoes-On-The-Vine,$2.85,,,5 ct,['Non-GMO'],Many in stock,"https://www.instacart.com/image-server/197x197/filters:fill(FFF,true):format(jpg)/d2lnr5mha7bycj.cloudfront.net/product-image/file/large_f7ad4382-e31a-4042-935e-2a0cbd47c298.jpg,"
Sam's Club,Asparagus,$2.49,,,1 lb bunch,[],Many in stock,"https://www.instacart.com/image-server/197x197/filters:fill(FFF,true):format(jpg)/d2lnr5mha7bycj.cloudfront.net/product-image/file/large_177a030e-fce6-4a78-8926-dd4ffeec040f.jpg,"
Sam's Club,"Beefsteak Tomatoes, Package",$2.65,,,16 oz,[],,"https://www.instacart.com/image-server/197x197/filters:fill(FFF,true):format(jpg)/d2lnr5mha7bycj.cloudfront.net/product-image/file/large_b7a913e6-149c-4d6e-836f-00875e28a913.jpg,"
Sam's Club,"Gourmet Medley Tomatoes, Package",$3.29,,,12 oz,[],,"https://www.instacart.com/image-server/197x197/filters:fill(FFF,true):format(jpg)/d2lnr5mha7bycj.cloudfront.net/product-image/file/large_53f52fad-26e5-4534-bb3e-9d06f48d0bb1.jpg,"
Sam's Club,Farmer's Promise Red Potatoes,$3.85,,,5 lb,[],,"https://www.instacart.com/image-server/197x197/filters:fill(FFF,true):format(jpg)/d2lnr5mha7bycj.cloudfront.net/product-image/file/large_ec7425f7-def7-4012-9114-997e3ac56833.jpg,"
Sam's Club,Little Salad Bar Sweet Butter Salad,$2.55,,,6 oz,[],Many in stock,"https://www.instacart.com/image-server/197x197/filters:fill(FFF,true):format(jpg)/d2lnr5mha7bycj.cloudfront.net/product-image/file/large_7cdc615e-deb6-4e51-83f0-1f880fb6b117.jpg,"
Sam's Club,Goldhen Grade A Large Eggs,$2.29,,,12 oz,[],Many in stock,"https://www.instacart.com/image-server/197x197/filters:fill(FFF,true):format(jpg)/d2lnr5mha7bycj.cloudfront.net/product-image/file/large_3e645361-d924-4485-91dc-d882ec45e3e2.jpg,"
Sam's Club,PurAqua Purified Water,$3.65,,,24 x 16.9 fl oz,[],Many in stock,"https://www.instacart.com/image-server/197x197/filters:fill(FFF,true):format(jpg)/d2lnr5mha7bycj.cloudfront.net/product-image/file/large_82f87928-91af-4fe6-a44d-579aa13d78a1.jpg,"
Sam's Club,"Crest Complete Whitening Toothpaste, Minty Fresh",$4.39,,,5.4 oz,['Whitening'],Many in stock,"https://www.instacart.com/image-server/197x197/filters:fill(FFF,true):format(jpg)/d2lnr5mha7bycj.cloudfront.net/product-image/file/large_4c121ec9-d5df-4077-83a4-589099720ef8.png,"
Sam's Club,Danimals Strawberry Explosion Dairy Drink Multi-Pack Smoothie Bottles,$3.65,,,6 x 3.1 fl oz,[],Many in stock,"https://www.instacart.com/image-server/197x197/filters:fill(FFF,true):format(jpg)/d2lnr5mha7bycj.cloudfront.net/product-image/file/large_2829539a-bb99-4fdd-bb2a-80a6f2d32d53.jpg,"
Sam's Club,Friendly Farms Sour Cream,$1.89,,,16 oz,[],Many in stock,"https://www.instacart.com/image-server/197x197/filters:fill(FFF,true):format(jpg)/d2lnr5mha7bycj.cloudfront.net/product-image/file/large_0abbf7be-3bd5-45ad-93e0-f4eaf051cec9.jpg,"
Sam's Club,Friendly Farms Whole Milk,$2.89,,,1 gal,[],Many in stock,"https://www.instacart.com/image-server/197x197/filters:fill(FFF,true):format(jpg)/d2lnr5mha7bycj.cloudfront.net/product-image/file/large_1dffbc49-4d36-470e-986c-eb200db575d7.jpg,"
Sam's Club,Panera Bread Broccoli Cheddar Soup Cup,$3.55,,,10 oz,[],,"https://www.instacart.com/image-server/197x197/filters:fill(FFF,true):format(jpg)/d2lnr5mha7bycj.cloudfront.net/product-image/file/large_a7ceb1ea-1c55-4015-b2da-b3836281f62b.png,"
Sam's Club,GoodBelly Probiotics Juice Drink Pomegranate Blackberry Flavor,$4.39,,,32 fl oz,['Organic'],,"https://www.instacart.com/image-server/197x197/filters:fill(FFF,true):format(jpg)/d2lnr5mha7bycj.cloudfront.net/product-image/file/large_8f3e5d1e-4c1c-41a7-bc88-c6566b9c8e2a.jpg,"
Sam's Club,Happy Farms String Cheese,$2.85,,,12 oz,[],Many in stock,"https://www.instacart.com/image-server/197x197/filters:fill(FFF,true):format(jpg)/d2lnr5mha7bycj.cloudfront.net/product-image/file/large_396d0fd7-6d75-4daf-b2a4-02986a490a04.jpg,"
Sam's Club,L'oven Fresh White Bread,$1.45,,,20 oz,[],Many in stock,"https://www.instacart.com/image-server/197x197/filters:fill(FFF,true):format(jpg)/d2lnr5mha7bycj.cloudfront.net/product-image/file/large_9bd5df59-77f2-4804-8579-b45611cfdf4a.jpg,"
Sam's Club,Season's Choice Steamable Broccoli Florets,$1.25,,,12 oz,[],,"https://www.instacart.com/image-server/197x197/filters:fill(FFF,true):format(jpg)/d2lnr5mha7bycj.cloudfront.net/product-image/file/large_e167cb4c-3eb2-46fb-8d3a-61652384b242.jpg,"
Sam's Club,"Lifeway Kefir, Strawberry",$3.65,,,32 fl oz,[],,"https://www.instacart.com/image-server/197x197/filters:fill(FFF,true):format(jpg)/d2lnr5mha7bycj.cloudfront.net/product-image/file/large_59fc1a22-0f2b-43bd-8aef-e6658eafe1fc.jpg,"
Sam's Club,"Gatorade Thirst Quencher, Fruit Punch",$8.69,,,8 x 20 fl oz â€¢ 4 options,[],,"https://www.instacart.com/image-server/197x197/filters:fill(FFF,true):format(jpg)/d2lnr5mha7bycj.cloudfront.net/product-image/file/large_b6ce9c74-093b-40c5-bd0d-0ff6d8f733c9.jpg,"
Sam's Club,Season's Choice Seasoned French Fries,$2.75,,,32 oz,[],Many in stock,"https://www.instacart.com/image-server/197x197/filters:fill(FFF,true):format(jpg)/d2lnr5mha7bycj.cloudfront.net/product-image/file/large_c4e50270-53a1-4894-adc9-065f9a3e458b.jpg,"
Sam's Club,Kirkwood Fresh Family Pack Chicken Breasts,$12.45,/pkg (est.),$2.49 / lb,About 5.0 lb / package,['Breast'],,"https://www.instacart.com/image-server/197x197/filters:fill(FFF,true):format(jpg)/d2lnr5mha7bycj.cloudfront.net/product-image/file/large_16a8d1c0-f204-419f-81b6-9f22f0ce0f41.jpg,"
Sam's Club,"Maruchan Ramen Noodle Soup, Chicken Flavor, 12 Pack",$3.95,,,12 x 3 oz,[],Many in stock,"https://www.instacart.com/image-server/197x197/filters:fill(FFF,true):format(jpg)/d2lnr5mha7bycj.cloudfront.net/product-image/file/large_cbcc41cd-4904-4478-854f-5c51017b3c8e.jpg,"
Sam's Club,"Dawn Ultra Dishwashing Liquid Dish Soap, Original Scent",$4.69,,,28 fl oz,[],,"https://www.instacart.com/image-server/197x197/filters:fill(FFF,true):format(jpg)/d2lnr5mha7bycj.cloudfront.net/product-image/file/large_68e71bbf-eb08-41ff-a732-4e85949da414.jpg,"
Sam's Club,Lunchables Turkey & American Cheese Cracker Stackers Kids Lunch Snack Meal Kit & Capri Sun,$3.15,,,8.9 oz,[],,"https://www.instacart.com/image-server/197x197/filters:fill(FFF,true):format(jpg)/d2lnr5mha7bycj.cloudfront.net/product-image/file/large_7765f2d5-4452-4c59-a2e5-43d18e719f59.jpg,"
Sam's Club,L'oven Fresh Hamburger Buns,$1.45,,,11 oz,[],Many in stock,"https://www.instacart.com/image-server/197x197/filters:fill(FFF,true):format(jpg)/d2lnr5mha7bycj.cloudfront.net/product-image/file/large_a0ce76df-663b-4d6a-b5c4-4aa106b6849c.jpg,"
Sam's Club,Countryside Creamery Salted Butter Quarters,$2.99,,,16 oz,[],Many in stock,"https://www.instacart.com/image-server/197x197/filters:fill(FFF,true):format(jpg)/d2lnr5mha7bycj.cloudfront.net/product-image/file/large_3d4ff341-9fff-4831-884b-e5e9e73acece.jpg,"
Sam's Club,Friendly Farms Moo Tubes Strawberry and Blueberry Yogurt,$1.95,,,2 oz,[],Many in stock,"https://www.instacart.com/image-server/197x197/filters:fill(FFF,true):format(jpg)/d2lnr5mha7bycj.cloudfront.net/product-image/file/large_7b853e2e-4273-4acb-9d8e-62248d5a0161.jpg,"
Sam's Club,Cloralen Multipurpose Cleaner Spray With Bleach,$2.09,,,22 fl oz,[],Many in stock,"https://www.instacart.com/image-server/197x197/filters:fill(FFF,true):format(jpg)/d2lnr5mha7bycj.cloudfront.net/product-image/file/large_fc066b34-bd68-4c92-88ac-025e3670a6f8.jpg,"
Sam's Club,"Tide PODS Liquid Laundry Detergent Pacs, Spring Meadow Scent",$14.29,,,42 ct,[],,"https://www.instacart.com/image-server/197x197/filters:fill(FFF,true):format(jpg)/d2lnr5mha7bycj.cloudfront.net/product-image/file/large_a1236aff-7ec2-4029-82a3-5b8fe331ac84.jpg,"
Sam's Club,Little Salad Bar Garden Salad,$1.99,,,12 oz,[],Many in stock,"https://www.instacart.com/image-server/197x197/filters:fill(FFF,true):format(jpg)/d2lnr5mha7bycj.cloudfront.net/product-image/file/large_c0da4158-c406-44f0-94d5-42589650880e.jpg,"
Sam's Club,Happy Farms Cream Cheese,$1.95,,,8 oz,[],Many in stock,"https://www.instacart.com/image-server/197x197/filters:fill(FFF,true):format(jpg)/d2lnr5mha7bycj.cloudfront.net/product-image/file/large_33c4bc21-183c-4033-ae51-6ae9e9cc9375.jpg,"
Sam's Club,Nature's Nectar Premium Orange Juice Not From Concentrate No Pulp,$3.65,,,52 fl oz,[],Many in stock,"https://www.instacart.com/image-server/197x197/filters:fill(FFF,true):format(jpg)/d2lnr5mha7bycj.cloudfront.net/product-image/file/large_31f12a83-62a9-4277-a7e6-fc55001d275c.jpg,"
Sam's Club,OxiClean Laundry Stain Remover Spray,$3.49,,,21.5 fl oz,[],Many in stock,"https://www.instacart.com/image-server/197x197/filters:fill(FFF,true):format(jpg)/d2lnr5mha7bycj.cloudfront.net/product-image/file/large_a75aeaf9-dd4f-4ba9-ac1d-ca60c7aec797.jpg,"
Sam's Club,"TAMPAX Pearl Tampons, Super",$5.15,,,18 ct,"['Super Absorbency', 'FSA/HSA']",Many in stock,"https://www.instacart.com/image-server/197x197/filters:fill(FFF,true):format(jpg)/d2lnr5mha7bycj.cloudfront.net/product-image/file/large_e4cae992-fd37-445b-9ca2-633cc376302e.jpg,"
Sam's Club,Breakfast Best Cinnamon French Toast Sticks,$3.29,,,16 oz,[],Many in stock,"https://www.instacart.com/image-server/197x197/filters:fill(FFF,true):format(jpg)/d2lnr5mha7bycj.cloudfront.net/product-image/file/large_135ffcd8-4247-4924-96ac-6bd40ba2bcd0.jpg,"
Sam's Club,Burman's Ketchup,$2.05,,,38 oz,[],Many in stock,"https://www.instacart.com/image-server/197x197/filters:fill(FFF,true):format(jpg)/d2lnr5mha7bycj.cloudfront.net/product-image/file/large_d0065b54-7a48-459d-a5f1-ae08d65ba444.jpg,"
Sam's Club,Kirkwood Chicken Breast Nuggets,$5.75,,,29 oz,[],Many in stock,"https://www.instacart.com/image-server/197x197/filters:fill(FFF,true):format(jpg)/d2lnr5mha7bycj.cloudfront.net/product-image/file/large_82eba5a8-7977-4cf5-aecd-f655242da259.jpg,"
Sam's Club,Appleton Farms Premium Sliced Bacon,$4.69,,,16 oz,[],Many in stock,"https://www.instacart.com/image-server/197x197/filters:fill(FFF,true):format(jpg)/d2lnr5mha7bycj.cloudfront.net/product-image/file/large_d42aa54a-05d6-4657-9c41-c7d3070334bf.jpg,"
Sam's Club,Cheese Club Shells & Cheese,$1.49,,,12 oz,[],Many in stock,"https://www.instacart.com/image-server/197x197/filters:fill(FFF,true):format(jpg)/d2lnr5mha7bycj.cloudfront.net/product-image/file/large_e0ae2238-2ef0-43da-9d7d-5d8e0ce22513.jpg,"
Sam's Club,L'oven Fresh Garlic Knots,$3.19,,,10.4 oz,[],,"https://www.instacart.com/image-server/197x197/filters:fill(FFF,true):format(jpg)/d2lnr5mha7bycj.cloudfront.net/product-image/file/large_d230d6d2-a743-4616-be47-6b49527e570f.jpg,"
Sam's Club,Happy Harvest Whole Kernel Corn,$0.69,,,15.25 oz,[],Many in stock,"https://www.instacart.com/image-server/197x197/filters:fill(FFF,true):format(jpg)/d2lnr5mha7bycj.cloudfront.net/product-image/file/large_fc277434-d241-428e-a103-a8a6e605687c.jpg,"
Sam's Club,Friendly Farms Heavy Whipping Cream,$5.75,,,32 fl oz,[],Many in stock,"https://www.instacart.com/image-server/197x197/filters:fill(FFF,true):format(jpg)/d2lnr5mha7bycj.cloudfront.net/product-image/file/large_356cba4e-3eb5-41c2-9aa7-b49ea68918d2.jpg,"
Sam's Club,"Cheez-It Cheese Crackers, Baked Snack, Original",$2.75,,,7 oz,['Light Sodium'],Many in stock,"https://www.instacart.com/image-server/197x197/filters:fill(FFF,true):format(jpg)/d2lnr5mha7bycj.cloudfront.net/product-image/file/large_cf44a1e7-b197-4311-895b-aa5e3c6fbc2b.jpg,"
Sam's Club,Casa Mamita Taco Seasoning Mix,$0.55,,,1 oz,[],Many in stock,"https://www.instacart.com/image-server/197x197/filters:fill(FFF,true):format(jpg)/d2lnr5mha7bycj.cloudfront.net/product-image/file/large_563b27c4-572d-42a1-9f71-d877b0c5df29.jpg,"
Sam's Club,Reggano Spaghetti,$2.09,,,32 oz,[],,"https://www.instacart.com/image-server/197x197/filters:fill(FFF,true):format(jpg)/d2lnr5mha7bycj.cloudfront.net/product-image/file/large_dfd16e14-09c8-4da5-b62a-5390e73113db.jpg,"
Sam's Club,L'oven Fresh Plain English Muffins,$1.65,,,12 oz,[],Many in stock,"https://www.instacart.com/image-server/197x197/filters:fill(FFF,true):format(jpg)/d2lnr5mha7bycj.cloudfront.net/product-image/file/large_b687293d-1de2-47a3-81d3-dbc86f8fdfd8.jpg,"
Sam's Club,Clancy's Restaurant Style Tortilla Chips,$2.19,,,13 oz,['Vegan'],Many in stock,"https://www.instacart.com/image-server/197x197/filters:fill(FFF,true):format(jpg)/d2lnr5mha7bycj.cloudfront.net/product-image/file/large_ac22debb-2a8f-442b-a897-cc53ed489f33.jpg,"
Sam's Club,Clancy's Wavy Potato Chips,$2.45,,,10 oz,"['Gluten-Free', 'Vegan']",Many in stock,"https://www.instacart.com/image-server/197x197/filters:fill(FFF,true):format(jpg)/d2lnr5mha7bycj.cloudfront.net/product-image/file/large_b602ef40-ce7d-4d47-bbe8-b4fc860c1f56.jpg,"
Sam's Club,Utz CheeseBalls,$6.98,,,23 oz,['Gluten-Free'],Many in stock,"https://www.instacart.com/image-server/197x197/filters:fill(FFF,true):format(jpg)/d2lnr5mha7bycj.cloudfront.net/product-image/file/large_4936c61a-611d-44f0-9c9f-a1014ea813ba.jpg,"
Sam's Club,Baker's Treat Peanut Butter Wafers,$2.05,,,12 oz,[],Many in stock,"https://www.instacart.com/image-server/197x197/filters:fill(FFF,true):format(jpg)/d2lnr5mha7bycj.cloudfront.net/product-image/file/large_b96f376e-c953-48e6-a1fa-2237b8972ba2.jpg,"
Sam's Club,Savoritz Golden Rounds,$2.75,,,13.7 oz,[],Many in stock,"https://www.instacart.com/image-server/197x197/filters:fill(FFF,true):format(jpg)/d2lnr5mha7bycj.cloudfront.net/product-image/file/large_0f53972c-1423-4faa-ab0f-d988e359179a.jpg,"
Sam's Club,Savoritz Cheese Dip and Cracker Sticks,$1.45,,,5 oz,[],Many in stock,"https://www.instacart.com/image-server/197x197/filters:fill(FFF,true):format(jpg)/d2lnr5mha7bycj.cloudfront.net/product-image/file/large_12bbd479-ad62-4371-bf11-49074f1dd271.jpg,"
Sam's Club,"Chips Ahoy! Original Chocolate Chip Cookies, Party Size",$6.59,,,25 oz,[],Many in stock,"https://www.instacart.com/image-server/197x197/filters:fill(FFF,true):format(jpg)/d2lnr5mha7bycj.cloudfront.net/product-image/file/large_117bbd2c-f1c4-4d8b-9ba1-9dd4396f39ab.jpg,"
Sam's Club,Simply Nature White Cheddar Puffs,$1.75,,,4 oz,['Gluten-Free'],Many in stock,"https://www.instacart.com/image-server/197x197/filters:fill(FFF,true):format(jpg)/d2lnr5mha7bycj.cloudfront.net/product-image/file/large_036d486f-4d24-4daa-81a2-b6318675b50a.jpg,"
Sam's Club,Baker's Treat Glazed Honey Buns,$2.05,,,10.5 oz,[],Many in stock,"https://www.instacart.com/image-server/197x197/filters:fill(FFF,true):format(jpg)/d2lnr5mha7bycj.cloudfront.net/product-image/file/large_d7f68d17-09b3-4366-b361-de7f1ef9ffaf.jpg,"
Sam's Club,Little Debbie Oatmeal Creme Pies,$2.75,,,12 ct,[],Many in stock,"https://www.instacart.com/image-server/197x197/filters:fill(FFF,true):format(jpg)/d2lnr5mha7bycj.cloudfront.net/product-image/file/large_aadcea35-b091-41d0-ada8-dc49723b8ccf.png,"
Sam's Club,"Oreo Chocolate Sandwich Cookies, Party Size",$6.59,,,26 oz,[],,"https://www.instacart.com/image-server/197x197/filters:fill(FFF,true):format(jpg)/d2lnr5mha7bycj.cloudfront.net/product-image/file/large_f48aa382-16c6-4764-a9aa-0007ed3a3d61.jpg,"
Sam's Club,Baker's Treat Swiss Rolls,$2.05,,,13 oz,[],Many in stock,"https://www.instacart.com/image-server/197x197/filters:fill(FFF,true):format(jpg)/d2lnr5mha7bycj.cloudfront.net/product-image/file/large_428f58b5-40d7-43db-b9cf-2037e63c50a1.jpg,"
Sam's Club,Savoritz Original Saltine Crackers,$1.89,,,16 oz,[],Many in stock,"https://www.instacart.com/image-server/197x197/filters:fill(FFF,true):format(jpg)/d2lnr5mha7bycj.cloudfront.net/product-image/file/large_b09429e7-21e4-435d-99a8-fcfaead58aad.jpg,"
Sam's Club,"Doritos Flavored Tortilla Chips, Nacho Cheese",$4.39,,,9.25 oz,[],Many in stock,"https://www.instacart.com/image-server/197x197/filters:fill(FFF,true):format(jpg)/d2lnr5mha7bycj.cloudfront.net/product-image/file/large_a7a14f9d-77d6-4b3a-a711-c0aef84466d9.jpg,"
Sam's Club,"Oreo Double Stuf Chocolate Sandwich Cookies, Party Size",$6.59,,,27 oz,[],,"https://www.instacart.com/image-server/197x197/filters:fill(FFF,true):format(jpg)/d2lnr5mha7bycj.cloudfront.net/product-image/file/large_877067ef-9581-4d08-a406-b2bb5b49529e.jpg,"
Sam's Club,Clancy's Veggie Straws,$2.85,,,7 oz,"['Gluten-Free', 'Vegan']",Many in stock,"https://www.instacart.com/image-server/197x197/filters:fill(FFF,true):format(jpg)/d2lnr5mha7bycj.cloudfront.net/product-image/file/large_6d77335e-ad12-451b-8d83-dd214bc0f588.jpg,"
Sam's Club,Clancy's Big Dipper Tortilla Chips,$2.45,,,10 oz,[],Many in stock,"https://www.instacart.com/image-server/197x197/filters:fill(FFF,true):format(jpg)/d2lnr5mha7bycj.cloudfront.net/product-image/file/large_6d35d3e8-d876-47ee-aced-c2cb7a7fc520.jpg,"
Sam's Club,Clancy's White Cheddar Cheese Popcorn,$2.65,,,8.5 oz,[],Many in stock,"https://www.instacart.com/image-server/197x197/filters:fill(FFF,true):format(jpg)/d2lnr5mha7bycj.cloudfront.net/product-image/file/large_b3880f0f-5dc3-4b19-8de2-165b0bb5c4f2.jpg,"
Sam's Club,"Frito Lay Snacks, Flavor Mix",$10.99,,,18 each,[],,"https://www.instacart.com/image-server/197x197/filters:fill(FFF,true):format(jpg)/d2lnr5mha7bycj.cloudfront.net/product-image/file/large_95a0594d-b15c-401f-b57d-fa3bfa712119.png,"
Sam's Club,Lunch Buddies Chocolate Pudding Cups,$1.09,,,4 x 3.25 oz,[],Many in stock,"https://www.instacart.com/image-server/197x197/filters:fill(FFF,true):format(jpg)/d2lnr5mha7bycj.cloudfront.net/product-image/file/large_4677bd16-af74-488e-9ccf-55cfd9e3b773.jpg,"
Sam's Club,Savoritz Clubhouse Crackers,$3.25,,,13.7 oz,[],Many in stock,"https://www.instacart.com/image-server/197x197/filters:fill(FFF,true):format(jpg)/d2lnr5mha7bycj.cloudfront.net/product-image/file/large_37fc8f33-4c6a-4637-a866-bbdc4ac1965b.jpg,"
Sam's Club,Clancy's Snack Combo 18 bags,$8.05,,,18 ct,[],Many in stock,"https://www.instacart.com/image-server/197x197/filters:fill(FFF,true):format(jpg)/d2lnr5mha7bycj.cloudfront.net/product-image/file/large_61352ee9-d46f-4856-b0d2-cc18f7b5b3be.jpg,"
Sam's Club,"Ritz Fresh Stacks Original Crackers, Family Size",$4.95,,,12 ct,[],,"https://www.instacart.com/image-server/197x197/filters:fill(FFF,true):format(jpg)/d2lnr5mha7bycj.cloudfront.net/product-image/file/large_cbe14e75-9e57-4869-aec6-3698b8bd5224.jpg,"
Sam's Club,Benton's Graham Crackers,$2.45,,,14.4 oz,[],Many in stock,"https://www.instacart.com/image-server/197x197/filters:fill(FFF,true):format(jpg)/d2lnr5mha7bycj.cloudfront.net/product-image/file/large_d4c7c8de-9481-4a87-b949-c200a53e3504.jpg,"
Sam's Club,Benton's Vanilla Wafers,$2.75,,,11 oz,[],Many in stock,"https://www.instacart.com/image-server/197x197/filters:fill(FFF,true):format(jpg)/d2lnr5mha7bycj.cloudfront.net/product-image/file/large_4f804885-b92e-41fa-9bec-b4aac182616e.jpg,"
Sam's Club,Benton's Peanut Butter Filled Cookies,$2.35,,,9.5 oz,[],Many in stock,"https://www.instacart.com/image-server/197x197/filters:fill(FFF,true):format(jpg)/d2lnr5mha7bycj.cloudfront.net/product-image/file/large_4206a986-83a3-4ac8-bd6a-5731e618a1f5.jpg,"
Sam's Club,"Chips Ahoy! Chewy Chocolate Chip Cookies, Party Size",$6.59,,,26 oz,[],,"https://www.instacart.com/image-server/197x197/filters:fill(FFF,true):format(jpg)/d2lnr5mha7bycj.cloudfront.net/product-image/file/large_c3d0bbd9-9883-4994-836f-d0a4558f4f09.jpg,"
Sam's Club,Clancy's Cheddar and Sour Cream Ridged Potato Chips,$2.45,,,9 oz,['Gluten-Free'],Many in stock,"https://www.instacart.com/image-server/197x197/filters:fill(FFF,true):format(jpg)/d2lnr5mha7bycj.cloudfront.net/product-image/file/large_44786089-ac49-442d-a992-e8850c363904.jpg,"
Sam's Club,Clancy's Pretzel Sticks,$2.35,,,16 oz,[],Many in stock,"https://www.instacart.com/image-server/197x197/filters:fill(FFF,true):format(jpg)/d2lnr5mha7bycj.cloudfront.net/product-image/file/large_685f54e0-a3f4-40c6-9e81-368d1270be01.jpg,"
Sam's Club,Clancy's Original Pretzel Slims,$2.09,,,8 oz,[],Many in stock,"https://www.instacart.com/image-server/197x197/filters:fill(FFF,true):format(jpg)/d2lnr5mha7bycj.cloudfront.net/product-image/file/large_280b02fd-9795-428a-8d0f-f28691124ac6.jpg,"
Sam's Club,"Oreo Mint Creme Chocolate Sandwich Cookies, Party Size",$6.59,,,26.7 oz,[],,"https://www.instacart.com/image-server/197x197/filters:fill(FFF,true):format(jpg)/d2lnr5mha7bycj.cloudfront.net/product-image/file/large_298891b3-1558-48c4-a454-34cc8d153662.jpg,"
Sam's Club,Clancy's Pretzel Minis,$2.35,,,16 oz,[],Many in stock,"https://www.instacart.com/image-server/197x197/filters:fill(FFF,true):format(jpg)/d2lnr5mha7bycj.cloudfront.net/product-image/file/large_d3037df4-c266-48cd-8bcc-362f0aceb29b.jpg,"
Sam's Club,Simms Turkey Sausage Snack Sticks,$3.75,,,8 oz,[],Many in stock,"https://www.instacart.com/image-server/197x197/filters:fill(FFF,true):format(jpg)/d2lnr5mha7bycj.cloudfront.net/product-image/file/large_36db1808-34a9-4495-b462-b8d390c98f99.jpg,"
Sam's Club,Pepperidge Farm Goldfish Cheddar Crackers,$4.29,,,11 oz,[],Many in stock,"https://www.instacart.com/image-server/197x197/filters:fill(FFF,true):format(jpg)/d2lnr5mha7bycj.cloudfront.net/product-image/file/large_26adaea7-b24f-4439-b96d-5f3c95d7dcaf.jpg,"
Sam's Club,Simply Nature Organic Blue Corn Tortilla Chips,$2.55,,,8.25 oz,"['Gluten-Free', 'Organic']",,"https://www.instacart.com/image-server/197x197/filters:fill(FFF,true):format(jpg)/d2lnr5mha7bycj.cloudfront.net/product-image/file/large_6d4d9045-3e77-4fba-9240-0f0f5f9bf49c.jpg,"
Sam's Club,Clancy's Movie Theater Butter Microwave Popcorn,$5.29,,,2.5 oz,[],Many in stock,"https://www.instacart.com/image-server/197x197/filters:fill(FFF,true):format(jpg)/d2lnr5mha7bycj.cloudfront.net/product-image/file/large_e03e72ee-ffbb-4885-9bac-7af7a42e2e9e.jpg,"
Sam's Club,Clancy's Original Kettle Chips,$2.15,,,8 oz,[],Many in stock,"https://www.instacart.com/image-server/197x197/filters:fill(FFF,true):format(jpg)/d2lnr5mha7bycj.cloudfront.net/product-image/file/large_ebda7fcd-f52c-4fb8-9f35-93ffb1f6da56.jpg,"
Sam's Club,"Pringles Potato Crisps Chips, Lunch Snacks, On-the-Go Snacks, Sour Cream and Onion",$3.19,,,7.1 oz,[],,"https://www.instacart.com/image-server/197x197/filters:fill(FFF,true):format(jpg)/d2lnr5mha7bycj.cloudfront.net/product-image/file/large_0919a3f6-2d92-4b55-83ed-8e49434f5a03.jpg,"
Sam's Club,Clancy's Barbecue Potato Chips,$2.45,,,9.5 oz,['Gluten-Free'],Many in stock,"https://www.instacart.com/image-server/197x197/filters:fill(FFF,true):format(jpg)/d2lnr5mha7bycj.cloudfront.net/product-image/file/large_fecbe495-4333-4553-a003-bbb38f47dd61.jpg,"
Sam's Club,Lunch Buddies Mandarin Fruit Cups in Juice,$2.35,,,4 x 4 oz,['Vegan'],,"https://www.instacart.com/image-server/197x197/filters:fill(FFF,true):format(jpg)/d2lnr5mha7bycj.cloudfront.net/product-image/file/large_de25e0c2-c20a-4c51-94bb-e7eb5c97fca5.jpg,"
Sam's Club,Millville Chocolate Chip Chewy Granola bars,$1.95,,,10 ct,[],Many in stock,"https://www.instacart.com/image-server/197x197/filters:fill(FFF,true):format(jpg)/d2lnr5mha7bycj.cloudfront.net/product-image/file/large_11b2360a-1dc4-412d-a417-a812de123559.jpg,"
Sam's Club,"Pringles Potato Crisps Chips, Lunch Snacks, On-the-Go Snacks, Original",$3.19,,,6.8 oz,[],Many in stock,"https://www.instacart.com/image-server/197x197/filters:fill(FFF,true):format(jpg)/d2lnr5mha7bycj.cloudfront.net/product-image/file/large_17ec4564-637d-4746-8c90-c6d9dd446d5f.jpg,"
Sam's Club,Benton's Mini Chocolate Chip Cookie Snack Packs,$3.75,,,12 oz,[],,"https://www.instacart.com/image-server/197x197/filters:fill(FFF,true):format(jpg)/d2lnr5mha7bycj.cloudfront.net/product-image/file/large_506b271b-0c1b-4e67-83a2-693145747ad0.jpg,"
Sam's Club,Simply Nature Organic Multigrain Tortilla Chips,$2.55,,,8.25 oz,"['Gluten-Free', 'Organic']",Many in stock,"https://www.instacart.com/image-server/197x197/filters:fill(FFF,true):format(jpg)/d2lnr5mha7bycj.cloudfront.net/product-image/file/large_8bc7a652-7adf-4edb-a512-ae3aad9d1031.jpg,"
Sam's Club,Clancy's Nacho Tortilla Chips,$2.65,,,11 oz,[],Many in stock,"https://www.instacart.com/image-server/197x197/filters:fill(FFF,true):format(jpg)/d2lnr5mha7bycj.cloudfront.net/product-image/file/large_efb4d21a-092c-498e-83e7-54fd010e5872.jpg,"
Sam's Club,M&M's Peanut Milk Chocolate Sharing Size Resealable,$4.39,,,10.05 oz,[],,"https://www.instacart.com/image-server/197x197/filters:fill(FFF,true):format(jpg)/d2lnr5mha7bycj.cloudfront.net/product-image/file/large_2da47ad5-2f4d-4367-a579-af0f2cd7ddab.jpg,"
Sam's Club,Clancy's Jalapeno Kettle Chips,$2.15,,,8 oz,[],Many in stock,"https://www.instacart.com/image-server/197x197/filters:fill(FFF,true):format(jpg)/d2lnr5mha7bycj.cloudfront.net/product-image/file/large_e3674112-6833-40dd-8757-b7080e31a355.jpg,"
Sam's Club,Clancy's Corn Chips,$1.99,,,9.25 oz,"['Gluten-Free', 'Vegan']",Many in stock,"https://www.instacart.com/image-server/197x197/filters:fill(FFF,true):format(jpg)/d2lnr5mha7bycj.cloudfront.net/product-image/file/large_5a8ea4a4-1236-45af-8c36-c51e70f4f42a.jpg,"
Sam's Club,Lunch Buddies Strawberry and Orange Gel Cups,$1.15,,,3.25 oz,[],,"https://www.instacart.com/image-server/197x197/filters:fill(FFF,true):format(jpg)/d2lnr5mha7bycj.cloudfront.net/product-image/file/large_89543cb6-4394-4b18-b7d0-a25225088a3f.jpg,"
Sam's Club,M&M's Milk Chocolate Candy Sharing Size Resealable,$4.39,,,10 oz,[],,"https://www.instacart.com/image-server/197x197/filters:fill(FFF,true):format(jpg)/d2lnr5mha7bycj.cloudfront.net/product-image/file/large_df6fe481-17e6-4a95-8f9c-50c9df348fb4.jpg,"
Sam's Club,Southern Grove Dried Tropical Pineapple,$2.75,,,6 oz,[],,"https://www.instacart.com/image-server/197x197/filters:fill(FFF,true):format(jpg)/d2lnr5mha7bycj.cloudfront.net/product-image/file/large_eaa474e9-c94c-409c-9789-6c27d108a7a5.jpg,"
Sam's Club,M&M's Peanut Butter Milk Chocolate Candy Sharing Size Resealable,$4.39,,,9 oz,[],Many in stock,"https://www.instacart.com/image-server/197x197/filters:fill(FFF,true):format(jpg)/d2lnr5mha7bycj.cloudfront.net/product-image/file/large_074749e7-84e2-42e0-a57c-a076ab60a3c5.jpg,"
Sam's Club,"Pringles Potato Crisps Chips, Lunch Snacks, On-The-Go Snacks, Cheddar Cheese",$3.19,,,7.1 oz,[],Many in stock,"https://www.instacart.com/image-server/197x197/filters:fill(FFF,true):format(jpg)/d2lnr5mha7bycj.cloudfront.net/product-image/file/large_e85f0b59-c7f0-4d39-ab21-db85a38f7508.jpg,"
Sam's Club,"Kinder Bueno Milk Chocolate and Hazelnut Cream Candy Bar, Individually Wrapped",$1.45,,,1.5 oz,[],,"https://www.instacart.com/image-server/197x197/filters:fill(FFF,true):format(jpg)/d2lnr5mha7bycj.cloudfront.net/product-image/file/large_cb808f61-f04a-4070-8c53-5df2f0c7a671.jpg,"
Sam's Club,SNICKERS Milk Chocolate College Basketball Candy Bar,$1.05,,,1.86 oz,[],,"https://www.instacart.com/image-server/197x197/filters:fill(FFF,true):format(jpg)/d2lnr5mha7bycj.cloudfront.net/product-image/file/large_f4a7d26a-2df9-4574-b431-8c2d43aef8a5.jpg,"
Sam's Club,"Kinder Individually Wrapped Chocolate Egg With Toy Inside, 1 Count",$2.15,,,20 g,[],,"https://www.instacart.com/image-server/197x197/filters:fill(FFF,true):format(jpg)/d2lnr5mha7bycj.cloudfront.net/product-image/file/large_90a81202-8e9e-4a7b-a60e-4162bdc4d3d3.jpg,"
Sam's Club,Friendly Farms Regular Cottage Cheese,$2.75,,,24 oz,[],Many in stock,"https://www.instacart.com/image-server/197x197/filters:fill(FFF,true):format(jpg)/d2lnr5mha7bycj.cloudfront.net/product-image/file/large_9b5c473e-cd84-4211-874e-0e7e046d917a.jpg,"
Sam's Club,Happy Farms Shredded Mozzarella Cheese,$4.09,,,16 oz,[],Many in stock,"https://www.instacart.com/image-server/197x197/filters:fill(FFF,true):format(jpg)/d2lnr5mha7bycj.cloudfront.net/product-image/file/large_fb7ffcd1-b941-4bdc-ad44-fc89fb8142fe.jpg,"
Sam's Club,Kraft American Cheese Slices,$5.49,,,24 ct,[],Many in stock,"https://www.instacart.com/image-server/197x197/filters:fill(FFF,true):format(jpg)/d2lnr5mha7bycj.cloudfront.net/product-image/file/large_5bcbafd7-d10a-4701-90c2-325175a8c18c.jpg,"
Sam's Club,Happy Farms Shredded Mexican Cheese,$3.19,,,12 oz,[],Many in stock,"https://www.instacart.com/image-server/197x197/filters:fill(FFF,true):format(jpg)/d2lnr5mha7bycj.cloudfront.net/product-image/file/large_eb0413f1-b931-4134-9b84-6131574c8e7e.jpg,"
Sam's Club,Happy Farms American Cheese Singles,$2.09,,,12 oz,[],Many in stock,"https://www.instacart.com/image-server/197x197/filters:fill(FFF,true):format(jpg)/d2lnr5mha7bycj.cloudfront.net/product-image/file/large_1a609531-008a-4d27-a3ca-c6305a82a3a5.jpg,"
Sam's Club,Happy Farms Deli Sliced Provolone Cheese,$2.09,,,8 oz,['Keto'],Many in stock,"https://www.instacart.com/image-server/197x197/filters:fill(FFF,true):format(jpg)/d2lnr5mha7bycj.cloudfront.net/product-image/file/large_ef55c541-e8c2-44c1-bf37-903c8057927e.jpg,"
Sam's Club,Babybel Semisoft Cheeses Original,$3.65,,,6 ct,['Keto'],Many in stock,"https://www.instacart.com/image-server/197x197/filters:fill(FFF,true):format(jpg)/d2lnr5mha7bycj.cloudfront.net/product-image/file/large_1b5275e0-4856-4843-864a-7d07b35158ca.png,"
Sam's Club,Happy Farms Deli Sliced Colby Jack Cheese,$2.09,,,7.5 oz,['Keto'],Many in stock,"https://www.instacart.com/image-server/197x197/filters:fill(FFF,true):format(jpg)/d2lnr5mha7bycj.cloudfront.net/product-image/file/large_5bac1e6c-3e28-4d5b-bd9f-08cefb37b178.jpg,"
Sam's Club,Happy Farms Shredded Mild Cheddar Cheese,$4.09,,,16 oz,[],Many in stock,"https://www.instacart.com/image-server/197x197/filters:fill(FFF,true):format(jpg)/d2lnr5mha7bycj.cloudfront.net/product-image/file/large_d5d68ced-e634-413e-a3c7-0e9fd40ea77e.jpg,"
Sam's Club,Emporium Selection Shredded Parmesan Cheese,$2.59,,,5 oz,['Keto'],Many in stock,"https://www.instacart.com/image-server/197x197/filters:fill(FFF,true):format(jpg)/d2lnr5mha7bycj.cloudfront.net/product-image/file/large_63b747f9-4edf-40f3-87d7-9332314274ab.jpg,"
Sam's Club,Roth French Onion Havarti Cheese,$3.65,,,6 oz,['Keto'],Many in stock,"https://www.instacart.com/image-server/197x197/filters:fill(FFF,true):format(jpg)/d2lnr5mha7bycj.cloudfront.net/product-image/file/large_6abf8708-5b83-4af7-a3b4-50a8b280234e.jpg,"
Sam's Club,Friendly Farms Low Fat Cottage Cheese,$2.75,,,24 oz,[],Many in stock,"https://www.instacart.com/image-server/197x197/filters:fill(FFF,true):format(jpg)/d2lnr5mha7bycj.cloudfront.net/product-image/file/large_be59f142-67bd-4ab1-8e61-54e4c2fa60c2.jpg,"
Sam's Club,Happy Farms Shredded Colby Jack Cheese,$3.19,,,12 oz,[],Many in stock,"https://www.instacart.com/image-server/197x197/filters:fill(FFF,true):format(jpg)/d2lnr5mha7bycj.cloudfront.net/product-image/file/large_ef37a7a8-8c69-436c-af1d-467908633a8c.jpg,"
Sam's Club,Happy Farms Deli Sliced Swiss Cheese,$2.09,,,7 oz,['Keto'],Many in stock,"https://www.instacart.com/image-server/197x197/filters:fill(FFF,true):format(jpg)/d2lnr5mha7bycj.cloudfront.net/product-image/file/large_fe606b34-9d5a-4d2c-9b94-454d597aad38.jpg,"
Sam's Club,Happy Farms Sharp Cheddar Cheese Block,$2.19,,,8 oz,[],Many in stock,"https://www.instacart.com/image-server/197x197/filters:fill(FFF,true):format(jpg)/d2lnr5mha7bycj.cloudfront.net/product-image/file/large_f962eef4-9a46-48ba-bee7-b6150c590d7e.jpg,"
Sam's Club,Happy Farms Colby Jack Cheese Block,$2.19,,,8 oz,[],Many in stock,"https://www.instacart.com/image-server/197x197/filters:fill(FFF,true):format(jpg)/d2lnr5mha7bycj.cloudfront.net/product-image/file/large_8b7098c7-c938-4885-969a-2f0a7bcef38e.jpg,"
Sam's Club,Happy Farms Deli Sliced Pepper Jack Cheese,$2.09,,,7.5 oz,['Keto'],Many in stock,"https://www.instacart.com/image-server/197x197/filters:fill(FFF,true):format(jpg)/d2lnr5mha7bycj.cloudfront.net/product-image/file/large_77a87cf4-9edb-439d-9f49-3f399a295fbf.jpg,"
Sam's Club,Reggano Grated Parmesan Cheese,$3.25,,,8 oz,[],Many in stock,"https://www.instacart.com/image-server/197x197/filters:fill(FFF,true):format(jpg)/d2lnr5mha7bycj.cloudfront.net/product-image/file/large_02423bf3-cd28-406b-90a5-7a891f58a5dc.jpg,"
Sam's Club,Happy Farms Shredded Sharp Cheddar Cheese,$3.19,,,12 oz,['Keto'],Many in stock,"https://www.instacart.com/image-server/197x197/filters:fill(FFF,true):format(jpg)/d2lnr5mha7bycj.cloudfront.net/product-image/file/large_884ccb9d-9369-416b-aefe-c59bff57e951.jpg,"
Sam's Club,Emporium Selection Original Feta Cheese Crumbles,$2.09,,,4 oz,[],Many in stock,"https://www.instacart.com/image-server/197x197/filters:fill(FFF,true):format(jpg)/d2lnr5mha7bycj.cloudfront.net/product-image/file/large_dbde00c2-c387-45d8-97b6-b1cd10beee39.jpg,"
Sam's Club,Happy Farms Light String Cheese,$2.85,,,10 oz,[],Many in stock,"https://www.instacart.com/image-server/197x197/filters:fill(FFF,true):format(jpg)/d2lnr5mha7bycj.cloudfront.net/product-image/file/large_b8863880-d4fe-431e-b2e3-6e079ad53c31.jpg,"
Sam's Club,Happy Farms Shredded Taco Style Cheese,$3.19,,,12 oz,[],Many in stock,"https://www.instacart.com/image-server/197x197/filters:fill(FFF,true):format(jpg)/d2lnr5mha7bycj.cloudfront.net/product-image/file/large_005c66b1-478c-4115-8703-32254622a84d.jpg,"
Sam's Club,Happy Farms Whole Milk Ricotta Cheese,$2.65,,,15 oz,[],Many in stock,"https://www.instacart.com/image-server/197x197/filters:fill(FFF,true):format(jpg)/d2lnr5mha7bycj.cloudfront.net/product-image/file/large_e6029699-9b29-4abc-aba0-cd4809397644.jpg,"
Sam's Club,Emporium Selection Pre-Sliced Fresh Mozzarella Log,$3.69,,,8 oz,[],Many in stock,"https://www.instacart.com/image-server/197x197/filters:fill(FFF,true):format(jpg)/d2lnr5mha7bycj.cloudfront.net/product-image/file/large_a11ff59f-6ae5-4309-81e3-4a29a2220abb.jpg,"
Sam's Club,Happy Farms Pepper Jack Cheese Block,$2.19,,,8 oz,['Keto'],Many in stock,"https://www.instacart.com/image-server/197x197/filters:fill(FFF,true):format(jpg)/d2lnr5mha7bycj.cloudfront.net/product-image/file/large_bb80d6df-bf10-4cc8-9b07-746c4966f289.jpg,"
Sam's Club,Happy Farms Shredded Italian Blend Cheese,$3.19,,,12 oz,[],,"https://www.instacart.com/image-server/197x197/filters:fill(FFF,true):format(jpg)/d2lnr5mha7bycj.cloudfront.net/product-image/file/large_1c6f117d-d5f5-42f0-a114-03f8901984c2.jpg,"
Sam's Club,Happy Farms Mozzarella Cheese Block,$2.19,,,8 oz,[],Many in stock,"https://www.instacart.com/image-server/197x197/filters:fill(FFF,true):format(jpg)/d2lnr5mha7bycj.cloudfront.net/product-image/file/large_c13e9df5-edcb-4cd7-8cc7-e9366587de15.jpg,"
Sam's Club,Happy Farms Colby Jack Snack Stick,$3.55,,,9 oz,['Keto'],,"https://www.instacart.com/image-server/197x197/filters:fill(FFF,true):format(jpg)/d2lnr5mha7bycj.cloudfront.net/product-image/file/large_f4120f37-261a-4ca2-b91f-27a220d97dcc.jpg,"
Sam's Club,Emporium Selection Specialty Shreds Swiss & Gruyere Cheese,$3.25,,,8 oz,[],Many in stock,"https://www.instacart.com/image-server/197x197/filters:fill(FFF,true):format(jpg)/d2lnr5mha7bycj.cloudfront.net/product-image/file/large_76a4b84d-7303-41f2-8e15-7b82bc0774e4.jpg,"
Sam's Club,Happy Farms Deli Sliced Muenster Cheese,$2.09,,,8 oz,['Keto'],,"https://www.instacart.com/image-server/197x197/filters:fill(FFF,true):format(jpg)/d2lnr5mha7bycj.cloudfront.net/product-image/file/large_fd42bd94-dde3-49d5-b157-b1d6e3c390f0.jpg,"
Sam's Club,Happy Farms Deluxe American Cheese Slices,$4.09,,,24 ct,[],Many in stock,"https://www.instacart.com/image-server/197x197/filters:fill(FFF,true):format(jpg)/d2lnr5mha7bycj.cloudfront.net/product-image/file/large_ba9c654b-6290-47af-acd4-354adb93273f.jpg,"
Sam's Club,Happy Farms Mild Cheddar Cheese Block,$2.19,,,8 oz,['Keto'],Many in stock,"https://www.instacart.com/image-server/197x197/filters:fill(FFF,true):format(jpg)/d2lnr5mha7bycj.cloudfront.net/product-image/file/large_33bdc452-a301-4a54-ba03-506773765b4b.jpg,"
Sam's Club,Happy Farms Colby Jack Cheese Cubes,$2.45,,,8 oz,[],,"https://www.instacart.com/image-server/197x197/filters:fill(FFF,true):format(jpg)/d2lnr5mha7bycj.cloudfront.net/product-image/file/large_b66041b4-57a3-4572-bb02-090bfe2ae802.jpg,"
Sam's Club,Emporium Selection Blue Cheese Crumbles,$3.29,,,5 oz,[],Many in stock,"https://www.instacart.com/image-server/197x197/filters:fill(FFF,true):format(jpg)/d2lnr5mha7bycj.cloudfront.net/product-image/file/large_36025880-fdc3-4c65-a456-07848f4947d6.jpg,"
Sam's Club,Simply Nature Organic Colby Jack Cheese Slices,$2.59,,,6 oz,"['Organic', 'Non-GMO']",Many in stock,"https://www.instacart.com/image-server/197x197/filters:fill(FFF,true):format(jpg)/d2lnr5mha7bycj.cloudfront.net/product-image/file/large_5f7c23a5-03f1-46cf-ab76-585126aa5339.jpg,"
Sam's Club,Happy Farms Deli Sliced Medium Cheddar Cheese,$2.09,,,8 oz,['Keto'],,"https://www.instacart.com/image-server/197x197/filters:fill(FFF,true):format(jpg)/d2lnr5mha7bycj.cloudfront.net/product-image/file/large_46306043-bd83-4b18-85dc-1a32422f9e18.jpg,"
Sam's Club,Simply Nature Shredded Organic Mexican Cheese,$2.59,,,6 oz,"['Organic', 'Keto']",,"https://www.instacart.com/image-server/197x197/filters:fill(FFF,true):format(jpg)/d2lnr5mha7bycj.cloudfront.net/product-image/file/large_648330e8-4d9f-48f7-8421-2fb2c1ba1d41.jpg,"
Sam's Club,"Black Creek Cheese, Cheddar",$3.85,,,7 oz,['Cow Milk'],Many in stock,"https://www.instacart.com/image-server/197x197/filters:fill(FFF,true):format(jpg)/d2lnr5mha7bycj.cloudfront.net/product-image/file/large_c45be5e4-8996-4693-9078-7aa54cff2aed.jpg,"
Sam's Club,Emporium Selection Italian Parmesan Cheese Wedge,$4.85,,,8 oz,[],,"https://www.instacart.com/image-server/197x197/filters:fill(FFF,true):format(jpg)/d2lnr5mha7bycj.cloudfront.net/product-image/file/large_a1931815-4f16-4a6e-82d5-038fc6472d62.jpg,"
Sam's Club,Happy Baby Organics Deli Sliced Mild White Cheddar,$2.09,,,8 oz,['Non-GMO'],,"https://www.instacart.com/image-server/197x197/filters:fill(FFF,true):format(jpg)/d1s8987jlndkbs.cloudfront.net/assets/missing-item-4bbe82b8555e4d1c12626fd482cb2409713e8e30835645ff3650ef66a725d03c.png,"
Sam's Club,Baker's Corner 4 lb. Granulated Sugar,$3.45,,,4 lb,[],Many in stock,"https://www.instacart.com/image-server/197x197/filters:fill(FFF,true):format(jpg)/d2lnr5mha7bycj.cloudfront.net/product-image/file/large_d749991c-7839-427e-98e5-110ea4a4ddbd.jpg,"
Sam's Club,Bake House Creations Jumbo Flaky Biscuits,$1.99,,,16 oz,[],Many in stock,"https://www.instacart.com/image-server/197x197/filters:fill(FFF,true):format(jpg)/d2lnr5mha7bycj.cloudfront.net/product-image/file/large_9909f679-b2e9-4fb6-8edf-21501f4aa751.jpg,"
Sam's Club,Baker's Corner All Purpose Flour,$2.55,,,5 lb,[],Many in stock,"https://www.instacart.com/image-server/197x197/filters:fill(FFF,true):format(jpg)/d2lnr5mha7bycj.cloudfront.net/product-image/file/large_1f65909c-38d5-4d99-ac26-81406ae23cd0.jpg,"
Sam's Club,Casa Mamita Less Sodium Taco Seasoning Mix,$0.55,,,1 oz,[],Many in stock,"https://www.instacart.com/image-server/197x197/filters:fill(FFF,true):format(jpg)/d2lnr5mha7bycj.cloudfront.net/product-image/file/large_f2e34709-c55c-4a49-a8e4-87ccac7f591f.jpg,"
Sam's Club,Stonemill Garlic Powder,$1.09,,,3.12 oz,[],Many in stock,"https://www.instacart.com/image-server/197x197/filters:fill(FFF,true):format(jpg)/d2lnr5mha7bycj.cloudfront.net/product-image/file/large_7927d2fe-ec93-4d8c-9264-35f668eed876.jpg,"
Sam's Club,Carlini Vegetable Oil,$4.25,,,48 fl oz,[],Many in stock,"https://www.instacart.com/image-server/197x197/filters:fill(FFF,true):format(jpg)/d2lnr5mha7bycj.cloudfront.net/product-image/file/large_02a6fc63-8b70-4bb1-90cc-2ec61887508c.jpg,"
Sam's Club,Millville Original Pancake Syrup,$2.55,,,24 fl oz,[],Many in stock,"https://www.instacart.com/image-server/197x197/filters:fill(FFF,true):format(jpg)/d2lnr5mha7bycj.cloudfront.net/product-image/file/large_0363865e-1d64-455a-97d9-6a09e4542dcb.jpg,"
Sam's Club,Stonemill Onion Powder,$1.09,,,2.62 oz,[],Many in stock,"https://www.instacart.com/image-server/197x197/filters:fill(FFF,true):format(jpg)/d2lnr5mha7bycj.cloudfront.net/product-image/file/large_290265ff-9ef4-4b9b-bc34-06cba03f8aa0.jpg,"
Sam's Club,Baker's Corner Fudge Brownie Mix,$1.35,,,18.3 oz,[],Many in stock,"https://www.instacart.com/image-server/197x197/filters:fill(FFF,true):format(jpg)/d2lnr5mha7bycj.cloudfront.net/product-image/file/large_f906aaba-2e08-492f-b3c0-eb19ebd43a8d.jpg,"
Sam's Club,"""JIFFY"" Corn Muffin Mix",$0.69,,,8.5 oz,[],Many in stock,"https://www.instacart.com/image-server/197x197/filters:fill(FFF,true):format(jpg)/d2lnr5mha7bycj.cloudfront.net/product-image/file/large_89e55083-f649-43cf-a553-f020def185d6.png,"
Sam's Club,Bake House Creations Crescent Rolls,$2.15,,,8 oz,[],Many in stock,"https://www.instacart.com/image-server/197x197/filters:fill(FFF,true):format(jpg)/d2lnr5mha7bycj.cloudfront.net/product-image/file/large_3c6b61e2-e3e9-4205-a73d-e184ce0501dd.jpg,"
Sam's Club,Carlini Pure Olive Oil,$5.19,,,16.9 fl oz,[],Many in stock,"https://www.instacart.com/image-server/197x197/filters:fill(FFF,true):format(jpg)/d2lnr5mha7bycj.cloudfront.net/product-image/file/large_54a22dc0-e57e-4f49-b487-04911304e5b1.jpg,"
Sam's Club,Baker's Corner Baking Soda,$0.99,,,16 oz,[],Many in stock,"https://www.instacart.com/image-server/197x197/filters:fill(FFF,true):format(jpg)/d2lnr5mha7bycj.cloudfront.net/product-image/file/large_72ef8534-0a57-404d-810e-24eacbf0dcaf.jpg,"
Sam's Club,Baker's Corner Brown Sugar,$2.39,,,32 oz,[],Many in stock,"https://www.instacart.com/image-server/197x197/filters:fill(FFF,true):format(jpg)/d2lnr5mha7bycj.cloudfront.net/product-image/file/large_c3c0519c-8a03-4d2e-bcf3-c97aeeb9995d.jpg,"
Sam's Club,Stonemill Brown Gravy Mix,$0.55,,,0.87 oz,[],Many in stock,"https://www.instacart.com/image-server/197x197/filters:fill(FFF,true):format(jpg)/d2lnr5mha7bycj.cloudfront.net/product-image/file/large_30dd9949-4484-4237-b3fb-689221828c0f.jpg,"
Sam's Club,Simply Nature Organic Extra Virgin Olive Oil,$6.39,,,16.9 fl oz,['Organic'],Many in stock,"https://www.instacart.com/image-server/197x197/filters:fill(FFF,true):format(jpg)/d2lnr5mha7bycj.cloudfront.net/product-image/file/large_c832b8b5-955f-4f6e-9cbe-8f8ddc6b2c0b.jpg,"
Sam's Club,"Tuscan Garden White Vinegar, Distilled, 5% Acidity",$3.69,,,1 gal,[],Many in stock,"https://www.instacart.com/image-server/197x197/filters:fill(FFF,true):format(jpg)/d2lnr5mha7bycj.cloudfront.net/product-image/file/large_214d9c01-3fb9-4938-bf13-728e5b3b2418.jpg,"
Sam's Club,Baker's Corner Mini Marshmallows,$1.25,,,10 oz,[],Many in stock,"https://www.instacart.com/image-server/197x197/filters:fill(FFF,true):format(jpg)/d2lnr5mha7bycj.cloudfront.net/product-image/file/large_91c11fcc-85b0-499d-8f78-5693c163f0f0.jpg,"
Sam's Club,Baker's Corner Sweetened Condensed Milk,$1.95,,,14 oz,[],Many in stock,"https://www.instacart.com/image-server/197x197/filters:fill(FFF,true):format(jpg)/d2lnr5mha7bycj.cloudfront.net/product-image/file/large_e97136c3-468e-4708-95c1-ff3ba5954494.jpg,"
Sam's Club,Simply Nature Organic Wildflower Honey,$5.05,,,12 oz,['Organic'],Many in stock,"https://www.instacart.com/image-server/197x197/filters:fill(FFF,true):format(jpg)/d2lnr5mha7bycj.cloudfront.net/product-image/file/large_7dd35dd4-8a80-4610-afd6-1b01540d761c.jpg,"
Sam's Club,Berryhill Chocolate Syrup,$2.39,,,24 oz,[],Many in stock,"https://www.instacart.com/image-server/197x197/filters:fill(FFF,true):format(jpg)/d2lnr5mha7bycj.cloudfront.net/product-image/file/large_5bb8d3b3-2c79-4ce3-a631-252d419cba01.jpg,"
Sam's Club,Stonemill Ground Black Pepper,$3.29,,,3 oz,[],Many in stock,"https://www.instacart.com/image-server/197x197/filters:fill(FFF,true):format(jpg)/d2lnr5mha7bycj.cloudfront.net/product-image/file/large_a21f6647-70b5-414b-a769-714d3e59fe28.jpg,"
Sam's Club,Stonemill Iodized Table Salt,$0.75,,,26 oz,[],Many in stock,"https://www.instacart.com/image-server/197x197/filters:fill(FFF,true):format(jpg)/d2lnr5mha7bycj.cloudfront.net/product-image/file/large_3182da8d-5f7e-46d9-9ae2-9c450cf0f54d.jpg,"
Sam's Club,Baker's Corner Milk Chocolate Morsels,$2.09,,,11.5 oz,[],Many in stock,"https://www.instacart.com/image-server/197x197/filters:fill(FFF,true):format(jpg)/d2lnr5mha7bycj.cloudfront.net/product-image/file/large_1a01f4d8-a568-46dc-84e8-922b88dd6db2.jpg,"
Sam's Club,Stonemill Paprika,$1.09,,,2.12 oz,[],Many in stock,"https://www.instacart.com/image-server/197x197/filters:fill(FFF,true):format(jpg)/d2lnr5mha7bycj.cloudfront.net/product-image/file/large_51de0652-cecf-48bf-80dc-3c11edea5dff.jpg,"
Sam's Club,Carlini Olive Oil Cooking Spray,$4.39,,,7 fl oz,[],Many in stock,"https://www.instacart.com/image-server/197x197/filters:fill(FFF,true):format(jpg)/d2lnr5mha7bycj.cloudfront.net/product-image/file/large_1a3240b6-8f7e-44e0-8d0e-2c5563bbc295.jpg,"
Sam's Club,Chef's Cupboard Panko Breadcrumbs,$1.99,,,8 oz,[],Many in stock,"https://www.instacart.com/image-server/197x197/filters:fill(FFF,true):format(jpg)/d2lnr5mha7bycj.cloudfront.net/product-image/file/large_d09ab536-cd0e-4767-a46a-b29cfa3c1515.jpg,"
Sam's Club,Baker's Corner Powdered Sugar,$2.39,,,32 oz,[],Many in stock,"https://www.instacart.com/image-server/197x197/filters:fill(FFF,true):format(jpg)/d2lnr5mha7bycj.cloudfront.net/product-image/file/large_dde866ad-81d4-45dc-b4f6-06122c87f29b.jpg,"
Sam's Club,Stonemill Italian Seasoning,$1.09,,,0.75 oz,[],Many in stock,"https://www.instacart.com/image-server/197x197/filters:fill(FFF,true):format(jpg)/d2lnr5mha7bycj.cloudfront.net/product-image/file/large_776eeb89-b2dd-4cff-81dd-f4d31a2bd7a0.jpg,"
Sam's Club,Bake House Creations Jumbo Buttermilk Biscuits,$1.99,,,16 oz,[],Many in stock,"https://www.instacart.com/image-server/197x197/filters:fill(FFF,true):format(jpg)/d2lnr5mha7bycj.cloudfront.net/product-image/file/large_8ceb6dc3-d679-41c5-8816-721ec16edda0.jpg,"
Sam's Club,Baker's Corner Semi Sweet Mini Chocolate Morsels,$2.09,,,12 oz,[],Many in stock,"https://www.instacart.com/image-server/197x197/filters:fill(FFF,true):format(jpg)/d2lnr5mha7bycj.cloudfront.net/product-image/file/large_da2b1298-958f-48b6-ae4d-5df99cf9397c.jpg,"
Sam's Club,Baker's Corner Semi Sweet Chocolate Morsels,$2.09,,,12 oz,[],Many in stock,"https://www.instacart.com/image-server/197x197/filters:fill(FFF,true):format(jpg)/d2lnr5mha7bycj.cloudfront.net/product-image/file/large_79daa515-1034-49d2-ac21-bb270ab8a278.jpg,"
Sam's Club,Specially Selected Pure Maple Syrup,$6.05,,,12.5 fl oz,[],Many in stock,"https://www.instacart.com/image-server/197x197/filters:fill(FFF,true):format(jpg)/d2lnr5mha7bycj.cloudfront.net/product-image/file/large_32886129-7825-4759-b8b3-04210231cfc3.jpg,"
Sam's Club,Baker's Corner Evaporated Milk,$1.35,,,12 fl oz,[],Many in stock,"https://www.instacart.com/image-server/197x197/filters:fill(FFF,true):format(jpg)/d2lnr5mha7bycj.cloudfront.net/product-image/file/large_acb0a69f-0713-4900-80df-81c14582dc32.jpg,"
Sam's Club,Baker's Corner Marshmallows,$1.25,,,10 oz,[],Many in stock,"https://www.instacart.com/image-server/197x197/filters:fill(FFF,true):format(jpg)/d2lnr5mha7bycj.cloudfront.net/product-image/file/large_e3f542b7-0ab1-4984-a536-ee9ac8b42f9f.jpg,"
Sam's Club,Specially Selected Double Chocolate Brownie Mix,$1.75,,,18 oz,[],Many in stock,"https://www.instacart.com/image-server/197x197/filters:fill(FFF,true):format(jpg)/d2lnr5mha7bycj.cloudfront.net/product-image/file/large_6fb4672b-9f08-4111-923d-a3309241b983.jpg,"
Sam's Club,Stonemill Everything Bagel Seasoning,$2.05,,,2.6 oz,[],Many in stock,"https://www.instacart.com/image-server/197x197/filters:fill(FFF,true):format(jpg)/d2lnr5mha7bycj.cloudfront.net/product-image/file/large_5bc54eda-b3b5-4759-be0f-427ed71f091c.jpg,"
Sam's Club,Simply Nature Organic Coconut Oil,$5.65,,,14 oz,['Organic'],Many in stock,"https://www.instacart.com/image-server/197x197/filters:fill(FFF,true):format(jpg)/d2lnr5mha7bycj.cloudfront.net/product-image/file/large_1ca523ea-e5e9-4b8d-ae12-b70ac0587832.jpg,"
Sam's Club,Mama Cozzi's Pizza Kitchen Pizza Dough,$1.35,,,16 oz,[],,"https://www.instacart.com/image-server/197x197/filters:fill(FFF,true):format(jpg)/d2lnr5mha7bycj.cloudfront.net/product-image/file/large_c0ed0b45-9899-4298-996c-47787ad0f39d.jpg,"
Sam's Club,Happy Harvest Cut Green Beans,$0.69,,,14.5 oz,[],Many in stock,"https://www.instacart.com/image-server/197x197/filters:fill(FFF,true):format(jpg)/d2lnr5mha7bycj.cloudfront.net/product-image/file/large_860af42a-b5d3-4d8d-9983-b4950714ad5a.jpg,"
Sam's Club,Dakota's Pride Black Beans,$0.89,,,15 oz,[],Many in stock,"https://www.instacart.com/image-server/197x197/filters:fill(FFF,true):format(jpg)/d2lnr5mha7bycj.cloudfront.net/product-image/file/large_e6e1c734-5619-4ece-926c-2ec6841e9de5.jpg,"
Sam's Club,Happy Harvest Diced Tomatoes,$0.99,,,14.5 oz,[],Many in stock,"https://www.instacart.com/image-server/197x197/filters:fill(FFF,true):format(jpg)/d2lnr5mha7bycj.cloudfront.net/product-image/file/large_de54203d-6981-4698-9485-ecd8398ac445.jpg,"
Sam's Club,Casa Mamita Diced Tomatoes with Green Chilies,$1.05,,,10 oz,[],Many in stock,"https://www.instacart.com/image-server/197x197/filters:fill(FFF,true):format(jpg)/d2lnr5mha7bycj.cloudfront.net/product-image/file/large_b881ae76-1466-498b-bc49-7b1653867687.jpg,"
Sam's Club,Happy Harvest Tomato Sauce,$0.55,,,8 oz,[],Many in stock,"https://www.instacart.com/image-server/197x197/filters:fill(FFF,true):format(jpg)/d2lnr5mha7bycj.cloudfront.net/product-image/file/large_712d489c-fbcb-4c1e-b2bb-a9c629a211ac.jpg,"
Sam's Club,Northern Catch Chunk Light Tuna in Water,$0.95,,,5 oz,[],Many in stock,"https://www.instacart.com/image-server/197x197/filters:fill(FFF,true):format(jpg)/d2lnr5mha7bycj.cloudfront.net/product-image/file/large_aefc6be4-e4f2-4cad-b9c5-d83093b7c859.jpg,"
Sam's Club,Happy Harvest Tomato Paste,$0.95,,,6 oz,[],Many in stock,"https://www.instacart.com/image-server/197x197/filters:fill(FFF,true):format(jpg)/d2lnr5mha7bycj.cloudfront.net/product-image/file/large_63618900-d926-4923-8fc1-40721a4eb4cf.jpg,"
Sam's Club,Dakota's Pride Dark Red Kidney Beans,$0.89,,,15.5 oz,[],Many in stock,"https://www.instacart.com/image-server/197x197/filters:fill(FFF,true):format(jpg)/d2lnr5mha7bycj.cloudfront.net/product-image/file/large_c4b1f23e-808d-4f54-acb3-970faae45362.jpg,"
Sam's Club,Dakota's Pride Garbanzo Beans,$0.89,,,15.5 oz,[],Many in stock,"https://www.instacart.com/image-server/197x197/filters:fill(FFF,true):format(jpg)/d2lnr5mha7bycj.cloudfront.net/product-image/file/large_d5509de8-8dfc-47a2-856a-5e4df9c946a0.jpg,"
Sam's Club,Happy Harvest Canned Mushrooms,$1.35,,,6.5 oz,[],Many in stock,"https://www.instacart.com/image-server/197x197/filters:fill(FFF,true):format(jpg)/d2lnr5mha7bycj.cloudfront.net/product-image/file/large_b3649940-2aea-497e-a7d7-fc61afed3642.jpg,"
Sam's Club,Simply Nature Organic Black Beans,$1.09,,,15 oz,['Organic'],Many in stock,"https://www.instacart.com/image-server/197x197/filters:fill(FFF,true):format(jpg)/d2lnr5mha7bycj.cloudfront.net/product-image/file/large_846461ca-a235-4349-a3f4-3f3e79787222.jpg,"
Sam's Club,Dakota's Pride Mild Chili Beans,$0.89,,,15.5 oz,[],Many in stock,"https://www.instacart.com/image-server/197x197/filters:fill(FFF,true):format(jpg)/d2lnr5mha7bycj.cloudfront.net/product-image/file/large_9992dbef-04dd-4576-9885-93ccaff5fc98.jpg,"
Sam's Club,Brookdale Chunk Chicken Breast,$3.05,,,12.5 oz,[],Many in stock,"https://www.instacart.com/image-server/197x197/filters:fill(FFF,true):format(jpg)/d2lnr5mha7bycj.cloudfront.net/product-image/file/large_b121cb2a-1ab0-4787-ae10-c98a7f7e66c5.jpg,"
Sam's Club,Happy Harvest Medium Sweet Peas,$0.75,,,15 oz,[],Many in stock,"https://www.instacart.com/image-server/197x197/filters:fill(FFF,true):format(jpg)/d2lnr5mha7bycj.cloudfront.net/product-image/file/large_abbd8c55-0a32-4489-b681-eae42825895b.jpg,"
Sam's Club,Simply Nature Variety Pack Applesauce Squeezies,$6.49,,,3.2 oz,[],Many in stock,"https://www.instacart.com/image-server/197x197/filters:fill(FFF,true):format(jpg)/d2lnr5mha7bycj.cloudfront.net/product-image/file/large_360f8c52-086b-4641-ba89-e8eea0a64b34.jpg,"
Sam's Club,Dakota's Pride Great Northern Beans,$0.89,,,15.5 oz,[],Many in stock,"https://www.instacart.com/image-server/197x197/filters:fill(FFF,true):format(jpg)/d2lnr5mha7bycj.cloudfront.net/product-image/file/large_37fce18f-b534-4dcd-ba4f-83ebcf2fae74.jpg,"
Sam's Club,Sweet Harvest Mandarin Oranges in Light Syrup,$1.45,,,15 oz,[],Many in stock,"https://www.instacart.com/image-server/197x197/filters:fill(FFF,true):format(jpg)/d2lnr5mha7bycj.cloudfront.net/product-image/file/large_7cc398ee-9886-44fd-bb84-a20cb3d4649f.jpg,"
Sam's Club,Happy Harvest Crushed Tomatoes,$1.65,,,28 oz,[],Many in stock,"https://www.instacart.com/image-server/197x197/filters:fill(FFF,true):format(jpg)/d2lnr5mha7bycj.cloudfront.net/product-image/file/large_7bf76748-06a4-4fd6-96dd-f104853ce8ee.jpg,"
Sam's Club,Happy Harvest Sliced Carrots,$1.05,,,14.5 oz,[],Many in stock,"https://www.instacart.com/image-server/197x197/filters:fill(FFF,true):format(jpg)/d2lnr5mha7bycj.cloudfront.net/product-image/file/large_8f4113b6-d9b7-42cb-8931-6acf3a1e269e.jpg,"
Sam's Club,Sweet Harvest Peach Slices in 100% Juice,$1.45,,,15 oz,[],,"https://www.instacart.com/image-server/197x197/filters:fill(FFF,true):format(jpg)/d2lnr5mha7bycj.cloudfront.net/product-image/file/large_b1b1ef32-2d0f-4361-b664-20a3704e034d.jpg,"
Sam's Club,Casa Mamita Traditional Refried Beans,$1.09,,,16 oz,[],Many in stock,"https://www.instacart.com/image-server/197x197/filters:fill(FFF,true):format(jpg)/d2lnr5mha7bycj.cloudfront.net/product-image/file/large_2f50b92b-e410-4460-bd3d-a02dc5eabca5.jpg,"
Sam's Club,Sweet Harvest Pinaepple Chunks in Pineapple Juice,$1.39,,,20 oz,[],Many in stock,"https://www.instacart.com/image-server/197x197/filters:fill(FFF,true):format(jpg)/d2lnr5mha7bycj.cloudfront.net/product-image/file/large_81bd97a8-52d6-4f3a-8f90-f7977f933ba0.jpg,"
Sam's Club,Brookdale Chili No Beans,$2.39,,,15 oz,[],Many in stock,"https://www.instacart.com/image-server/197x197/filters:fill(FFF,true):format(jpg)/d2lnr5mha7bycj.cloudfront.net/product-image/file/large_e3c5f142-bb12-48c9-8205-1204db576f8a.jpg,"
Sam's Club,Pueblo Lindo Chopped Green Chiles,$0.89,,,4 oz,[],,"https://www.instacart.com/image-server/197x197/filters:fill(FFF,true):format(jpg)/d2lnr5mha7bycj.cloudfront.net/product-image/file/large_071a95a8-9e58-4540-938f-2c0db9e8630e.jpg,"
Sam's Club,Simply Nature Unsweetened Applesauce,$3.45,,,46 oz,[],Many in stock,"https://www.instacart.com/image-server/197x197/filters:fill(FFF,true):format(jpg)/d2lnr5mha7bycj.cloudfront.net/product-image/file/large_69d47cc6-fe37-4f42-b667-68410db79cb5.jpg,"
Sam's Club,"Happy Harvest Diced Tomatoes with Basil, Garlic and Oregano",$1.05,,,14.5 oz,[],Many in stock,"https://www.instacart.com/image-server/197x197/filters:fill(FFF,true):format(jpg)/d2lnr5mha7bycj.cloudfront.net/product-image/file/large_be398501-b700-402b-91e2-be5d4d93fdd9.jpg,"
Sam's Club,Tuscan Garden Banana Peppers,$2.65,,,16 fl oz,[],,"https://www.instacart.com/image-server/197x197/filters:fill(FFF,true):format(jpg)/d2lnr5mha7bycj.cloudfront.net/product-image/file/large_3b7862a9-13f0-4c21-94c8-488ff833a874.jpg,"
Sam's Club,Happy Harvest French Green Beans,$0.69,,,14.5 oz,[],Many in stock,"https://www.instacart.com/image-server/197x197/filters:fill(FFF,true):format(jpg)/d2lnr5mha7bycj.cloudfront.net/product-image/file/large_78efb229-9185-4d8d-b009-04aa30ff59f9.jpg,"
Sam's Club,Happy Harvest Cream Style Corn,$0.69,,,14.75 oz,[],Many in stock,"https://www.instacart.com/image-server/197x197/filters:fill(FFF,true):format(jpg)/d2lnr5mha7bycj.cloudfront.net/product-image/file/large_f0f5bfc7-b305-4e42-a9e7-977d2a165118.jpg,"
Sam's Club,Sweet Harvest Peach Slices in Extra Light Syrup,$1.45,,,15 oz,[],Many in stock,"https://www.instacart.com/image-server/197x197/filters:fill(FFF,true):format(jpg)/d2lnr5mha7bycj.cloudfront.net/product-image/file/large_10a3642a-891e-4eea-bbf9-99e6bc56bc5c.jpg,"
Sam's Club,Sweet Harvest Peach Slices in Heavy Syrup,$1.45,,,15.25 oz,[],Many in stock,"https://www.instacart.com/image-server/197x197/filters:fill(FFF,true):format(jpg)/d2lnr5mha7bycj.cloudfront.net/product-image/file/large_b773cc20-72b0-459d-9d15-4f1066ff2de9.jpg,"
Sam's Club,Lunch Buddies Strawberry Applesauce Cups,$2.15,,,6 x 4 oz,[],Many in stock,"https://www.instacart.com/image-server/197x197/filters:fill(FFF,true):format(jpg)/d2lnr5mha7bycj.cloudfront.net/product-image/file/large_5ca184c6-1c73-48c9-b458-9e9532f15529.jpg,"
Sam's Club,Northern Catch Sardines in Mustard Sauce,$1.05,,,3.75 oz,[],Many in stock,"https://www.instacart.com/image-server/197x197/filters:fill(FFF,true):format(jpg)/d2lnr5mha7bycj.cloudfront.net/product-image/file/large_f93116cd-5244-4d15-a0cc-2d135fa348ad.jpg,"
Sam's Club,Lunch Buddies Cinnamon Applesauce Cups,$2.15,,,4 oz,[],Many in stock,"https://www.instacart.com/image-server/197x197/filters:fill(FFF,true):format(jpg)/d2lnr5mha7bycj.cloudfront.net/product-image/file/large_722e7fd3-fae9-4594-80f5-c496f6347442.jpg,"
Sam's Club,Bon Italia Spaghetti Rings with Meatballs,$1.09,,,15 oz,[],,"https://www.instacart.com/image-server/197x197/filters:fill(FFF,true):format(jpg)/d2lnr5mha7bycj.cloudfront.net/product-image/file/large_2c37a96c-1a54-4166-9465-7a2f7f3745f7.jpg,"
Sam's Club,Northern Catch Sardines in Oil,$1.05,,,3.75 oz,[],Many in stock,"https://www.instacart.com/image-server/197x197/filters:fill(FFF,true):format(jpg)/d2lnr5mha7bycj.cloudfront.net/product-image/file/large_8730c9a7-fdac-478e-9ce2-001ac34878fd.jpg,"
Sam's Club,Simply Nature Organic Cut Green Beans,$1.75,,,10 oz,['Organic'],,"https://www.instacart.com/image-server/197x197/filters:fill(FFF,true):format(jpg)/d2lnr5mha7bycj.cloudfront.net/product-image/file/large_82a18f4d-f19b-4eb4-9f11-c92f940957dc.jpg,"
Sam's Club,Simply Nature Organic Kidney Beans,$1.29,,,15 oz,['Organic'],Many in stock,"https://www.instacart.com/image-server/197x197/filters:fill(FFF,true):format(jpg)/d2lnr5mha7bycj.cloudfront.net/product-image/file/large_e603f61a-b631-4b9a-9b76-81cf96b7aac6.jpg,"
Sam's Club,Lunch Buddies Unsweetened Applesauce Cups,$2.15,,,4 oz,[],,"https://www.instacart.com/image-server/197x197/filters:fill(FFF,true):format(jpg)/d2lnr5mha7bycj.cloudfront.net/product-image/file/large_d70d34ee-02fd-4424-97a2-1832373b74e3.jpg,"
Sam's Club,Kirkwood Chicken Fries,$5.65,,,24 oz,[],Many in stock,"https://www.instacart.com/image-server/197x197/filters:fill(FFF,true):format(jpg)/d2lnr5mha7bycj.cloudfront.net/product-image/file/large_96b4148f-1482-4b03-a138-75e389c7b104.jpg,"
Sam's Club,Season's Choice Crinkle Cut Potatoes,$3.09,,,32 oz,[],Many in stock,"https://www.instacart.com/image-server/197x197/filters:fill(FFF,true):format(jpg)/d2lnr5mha7bycj.cloudfront.net/product-image/file/large_211582ed-a936-42c7-8a8f-94f613a2e5e8.jpg,"
Sam's Club,Season's Choice Potato Puffs/Crispy Tots,$3.45,,,32 oz,[],Many in stock,"https://www.instacart.com/image-server/197x197/filters:fill(FFF,true):format(jpg)/d2lnr5mha7bycj.cloudfront.net/product-image/file/large_63f928bd-8f81-424e-b114-1e58796ba46a.jpg,"
Sam's Club,Bremer Regular Corn Dogs,$3.75,,,16 oz,[],Many in stock,"https://www.instacart.com/image-server/197x197/filters:fill(FFF,true):format(jpg)/d2lnr5mha7bycj.cloudfront.net/product-image/file/large_1e080634-3e37-45e6-aecd-4d7711004321.jpg,"
Sam's Club,Mamma Cozi Pepperoni Pizza Snacks,$6.95,,,45 oz,[],Many in stock,"https://www.instacart.com/image-server/197x197/filters:fill(FFF,true):format(jpg)/d2lnr5mha7bycj.cloudfront.net/product-image/file/large_cc538246-9c78-4724-9000-5400d8b77c7e.jpg,"
Sam's Club,Appetitos Mozzarella Sticks,$3.65,,,11 oz,[],,"https://www.instacart.com/image-server/197x197/filters:fill(FFF,true):format(jpg)/d2lnr5mha7bycj.cloudfront.net/product-image/file/large_d2adb813-f896-448b-81df-7cb82f4cc7f4.jpg,"
Sam's Club,Appetitos Cream Cheese Stuffed Jalapenos,$3.65,,,11 oz,[],,"https://www.instacart.com/image-server/197x197/filters:fill(FFF,true):format(jpg)/d2lnr5mha7bycj.cloudfront.net/product-image/file/large_26e111ba-6c78-40a6-83b4-d3c016501805.jpg,"
Sam's Club,Fusia Chicken Potstickers,$4.39,,,16 oz,[],Many in stock,"https://www.instacart.com/image-server/197x197/filters:fill(FFF,true):format(jpg)/d2lnr5mha7bycj.cloudfront.net/product-image/file/large_5bd455cc-6e18-4a4b-99a1-d4a34a442bc6.jpg,"
Sam's Club,Mama Cozzi's Pizza Kitchen Toasted Cheese Ravioli,$4.39,,,16 oz,[],Many in stock,"https://www.instacart.com/image-server/197x197/filters:fill(FFF,true):format(jpg)/d2lnr5mha7bycj.cloudfront.net/product-image/file/large_a5b7099d-d257-4d23-aa00-a0f61a9a441c.jpg,"
Sam's Club,Casa Mamita Chicken & Cheese Taquitos,$5.49,,,20 oz,[],,"https://www.instacart.com/image-server/197x197/filters:fill(FFF,true):format(jpg)/d2lnr5mha7bycj.cloudfront.net/product-image/file/large_89141bc7-bb7e-467b-81de-7597bfbbee7a.jpg,"
Sam's Club,Fusia Chicken Egg Rolls,$3.25,,,12.55 oz,[],Many in stock,"https://www.instacart.com/image-server/197x197/filters:fill(FFF,true):format(jpg)/d2lnr5mha7bycj.cloudfront.net/product-image/file/large_5e5e89f8-5edd-4403-90ba-d23cba58bd83.jpg,"
Sam's Club,Hot Pockets Hot Pocket Pepperoni Pizza,$3.29,,,2 x 4.5 oz,[],Many in stock,"https://www.instacart.com/image-server/197x197/filters:fill(FFF,true):format(jpg)/d2lnr5mha7bycj.cloudfront.net/product-image/file/large_8d933a9b-4b7a-4072-9909-04e96042e264.jpg,"
Sam's Club,Fusia Pork Potstickers,$4.39,,,16 oz,[],Many in stock,"https://www.instacart.com/image-server/197x197/filters:fill(FFF,true):format(jpg)/d2lnr5mha7bycj.cloudfront.net/product-image/file/large_d03dc8ef-731f-4e8a-ac7d-e378a9f4ce40.jpg,"
Sam's Club,Mama Cozzi's Pizza Kitchen Three Cheese Mini Pizza Bagels,$6.89,,,28 oz,[],Many in stock,"https://www.instacart.com/image-server/197x197/filters:fill(FFF,true):format(jpg)/d2lnr5mha7bycj.cloudfront.net/product-image/file/large_b62031b2-5fb7-4f45-82ef-efa6e8477857.jpg,"
Sam's Club,Appetito Beef Franks in a Blanket,$4.39,,,6.29 oz,[],Many in stock,"https://www.instacart.com/image-server/197x197/filters:fill(FFF,true):format(jpg)/d2lnr5mha7bycj.cloudfront.net/product-image/file/large_29e4d572-a933-444b-82f1-7de2454a886f.jpg,"
Sam's Club,Season's Choice Cheesy Jalapeno Tots,$3.99,,,7.62 oz,[],,"https://www.instacart.com/image-server/197x197/filters:fill(FFF,true):format(jpg)/d2lnr5mha7bycj.cloudfront.net/product-image/file/large_014c7bbc-f0dc-4b43-90b4-11ef3684e444.jpg,"
Sam's Club,Simply Nature Sweet Potato Kids Bites,$4.29,,,12 oz,[],,"https://www.instacart.com/image-server/197x197/filters:fill(FFF,true):format(jpg)/d2lnr5mha7bycj.cloudfront.net/product-image/file/large_2331da5a-6ac7-48ae-9028-e6d708890711.jpg,"
Sam's Club,Simply Nature Broccoli Kids Bites,$4.29,,,12 oz box,[],,"https://www.instacart.com/image-server/197x197/filters:fill(FFF,true):format(jpg)/d2lnr5mha7bycj.cloudfront.net/product-image/file/large_f6c28a31-a68f-4487-ac31-5a0b44539860.jpg,"
Sam's Club,Casa Mamita Queso Stuffed Nachos,$3.99,,,14 oz,[],,"https://www.instacart.com/image-server/197x197/filters:fill(FFF,true):format(jpg)/d2lnr5mha7bycj.cloudfront.net/product-image/file/large_0dce9da9-7a20-4e2c-a19a-1021a869035c.jpg,"
Sam's Club,Park Street Deli Chicken Egg Rolls,$3.29,,,13.5 oz,[],,"https://www.instacart.com/image-server/197x197/filters:fill(FFF,true):format(jpg)/d2lnr5mha7bycj.cloudfront.net/product-image/file/large_63eda6e0-62b8-43c2-be59-5bfa8978ffc5.jpg,"
Sam's Club,Fusia Pork Egg Rolls,$3.25,,,12.26 oz,[],,"https://www.instacart.com/image-server/197x197/filters:fill(FFF,true):format(jpg)/d2lnr5mha7bycj.cloudfront.net/product-image/file/large_35166c0d-ddcb-4f5d-9d91-fbc50db11175.jpg,"
Sam's Club,Season's Choice Loaded Potato Tots,$3.99,,,7.62 oz,[],,"https://www.instacart.com/image-server/197x197/filters:fill(FFF,true):format(jpg)/d2lnr5mha7bycj.cloudfront.net/product-image/file/large_f431bed4-d5d8-44c0-934c-02e6e1c5250b.jpg,"
Sam's Club,Mama Cozzi's Pizza Kitchen Combo Pizza Snacks,$6.29,,,44.5 oz,[],,"https://www.instacart.com/image-server/197x197/filters:fill(FFF,true):format(jpg)/d2lnr5mha7bycj.cloudfront.net/product-image/file/large_9dedccbf-ef54-43c5-b8f4-43ab0cceeba2.jpg,"
Sam's Club,Journey to India Vegetable Samosas,$4.49,,,10.2 oz,[],,"https://www.instacart.com/image-server/197x197/filters:fill(FFF,true):format(jpg)/d2lnr5mha7bycj.cloudfront.net/product-image/file/large_26725c82-0048-4ec0-aa28-6caa157b1ed7.jpg,"
Sam's Club,Season's Choice Steak Fries,$2.75,,,28 oz,[],Likely out of stock,"https://www.instacart.com/image-server/197x197/filters:fill(FFF,true):format(jpg)/d2lnr5mha7bycj.cloudfront.net/product-image/file/large_205ea855-d016-4efa-9409-caf3151a0f22.jpg,"
Sam's Club,Bremer Loaded Baked Potato Pierogies,$2.99,,,16 oz,[],Likely out of stock,"https://www.instacart.com/image-server/197x197/filters:fill(FFF,true):format(jpg)/d2lnr5mha7bycj.cloudfront.net/product-image/file/large_3f34b1c6-3971-4cfc-bf1c-ab526c1961df.jpg,"
Sam's Club,"Reggano Tomato, Basil and Garlic Pasta Sauce",$1.75,,,24 oz,[],,"https://www.instacart.com/image-server/197x197/filters:fill(FFF,true):format(jpg)/d2lnr5mha7bycj.cloudfront.net/product-image/file/large_182a68d6-61b8-4f13-8e62-cdcaeb955c32.jpg,"
Sam's Club,Burman's Real Mayonnaise,$3.65,,,30 fl oz,[],Many in stock,"https://www.instacart.com/image-server/197x197/filters:fill(FFF,true):format(jpg)/d2lnr5mha7bycj.cloudfront.net/product-image/file/large_d3565732-d039-4f1d-9b39-3552ce58640f.jpg,"
Sam's Club,Tuscan Garden Ranch Dressing Mix,$0.55,,,1 oz,[],Many in stock,"https://www.instacart.com/image-server/197x197/filters:fill(FFF,true):format(jpg)/d2lnr5mha7bycj.cloudfront.net/product-image/file/large_a3a6082f-03bc-4360-bffc-d20bdccbab0a.jpg,"
Sam's Club,Burman's Yellow Mustard,$1.05,,,20 oz,['Vegan'],Many in stock,"https://www.instacart.com/image-server/197x197/filters:fill(FFF,true):format(jpg)/d2lnr5mha7bycj.cloudfront.net/product-image/file/large_adb6b247-0466-44d2-8526-8d45690c34e4.jpg,"
Sam's Club,Stonemill Minced Garlic in Water,$2.55,,,8 oz,['Vegan'],Many in stock,"https://www.instacart.com/image-server/197x197/filters:fill(FFF,true):format(jpg)/d2lnr5mha7bycj.cloudfront.net/product-image/file/large_5b1277e3-cd10-4b21-97f8-97acf6a921c1.jpg,"
Sam's Club,Tuscan Garden Ranch Dressing,$2.15,,,16 fl oz,[],Many in stock,"https://www.instacart.com/image-server/197x197/filters:fill(FFF,true):format(jpg)/d2lnr5mha7bycj.cloudfront.net/product-image/file/large_2c49e1c7-1569-45ea-9713-17cf5213c6e1.jpg,"
Sam's Club,Casa Mamita Mild Salsa,$2.55,,,24 oz,[],Many in stock,"https://www.instacart.com/image-server/197x197/filters:fill(FFF,true):format(jpg)/d2lnr5mha7bycj.cloudfront.net/product-image/file/large_424798db-ce90-4ca7-b520-69820e820c73.jpg,"
Sam's Club,Casa Mamita Salsa Con Queso,$2.19,,,15 oz,[],Many in stock,"https://www.instacart.com/image-server/197x197/filters:fill(FFF,true):format(jpg)/d2lnr5mha7bycj.cloudfront.net/product-image/file/large_74d1e359-c4e5-448d-b9b5-e0f60943414f.jpg,"
Sam's Club,Reggano Meat Pasta Sauce,$1.75,,,24 oz,['Gluten-Free'],Many in stock,"https://www.instacart.com/image-server/197x197/filters:fill(FFF,true):format(jpg)/d2lnr5mha7bycj.cloudfront.net/product-image/file/large_8b55db27-b248-4d9d-8c53-7d9385b33c0f.jpg,"
Sam's Club,Tuscan Garden Large Pitted Olives,$1.95,,,6 oz,['Vegan'],Many in stock,"https://www.instacart.com/image-server/197x197/filters:fill(FFF,true):format(jpg)/d2lnr5mha7bycj.cloudfront.net/product-image/file/large_e6761688-dd1a-4653-bb00-36ae37bb6071.jpg,"
Sam's Club,Reggano Sauces Traditional Pasta Sauce,$1.75,,,24 oz,['Gluten-Free'],Many in stock,"https://www.instacart.com/image-server/197x197/filters:fill(FFF,true):format(jpg)/d2lnr5mha7bycj.cloudfront.net/product-image/file/large_e51d4420-28d8-430a-b931-717fef4522cb.jpg,"
Sam's Club,Great Gherkins Kosher Dill Spears,$2.19,,,24 fl oz,[],Many in stock,"https://www.instacart.com/image-server/197x197/filters:fill(FFF,true):format(jpg)/d2lnr5mha7bycj.cloudfront.net/product-image/file/large_ccce28c1-eabb-4b0a-a819-750b83d7fbcc.jpg,"
Sam's Club,Priano Creamy Alfredo Sauce,$2.39,,,15 oz,[],Many in stock,"https://www.instacart.com/image-server/197x197/filters:fill(FFF,true):format(jpg)/d2lnr5mha7bycj.cloudfront.net/product-image/file/large_5bcc22f0-3eeb-4e57-a3ce-faabb41acc94.jpg,"
Sam's Club,Simply Nature Organic Ketchup,$2.15,,,20 oz,['Organic'],Many in stock,"https://www.instacart.com/image-server/197x197/filters:fill(FFF,true):format(jpg)/d2lnr5mha7bycj.cloudfront.net/product-image/file/large_117e90f7-78e5-4667-8823-718d4b9112b7.jpg,"
Sam's Club,Tuscan Garden Ranch Dressing and Dip,$3.85,,,36 fl oz,[],,"https://www.instacart.com/image-server/197x197/filters:fill(FFF,true):format(jpg)/d2lnr5mha7bycj.cloudfront.net/product-image/file/large_b2e95072-f6a6-41ec-b0f5-b01369115012.jpg,"
Sam's Club,Burman's Teriyaki Sauce,$2.45,,,14.5 oz,[],Many in stock,"https://www.instacart.com/image-server/197x197/filters:fill(FFF,true):format(jpg)/d2lnr5mha7bycj.cloudfront.net/product-image/file/large_65ed206b-1834-43c9-90d9-12db21549d13.jpg,"
Sam's Club,Priano Roasted Garlic Alfredo Sauce,$2.39,,,15 oz,[],,"https://www.instacart.com/image-server/197x197/filters:fill(FFF,true):format(jpg)/d2lnr5mha7bycj.cloudfront.net/product-image/file/large_21bb5783-2cfd-46a9-8585-723b063f4ff0.jpg,"
Sam's Club,Hellmann's Mayonnaise Real Mayo,$6.59,,,30 fl oz,[],Many in stock,"https://www.instacart.com/image-server/197x197/filters:fill(FFF,true):format(jpg)/d2lnr5mha7bycj.cloudfront.net/product-image/file/large_37ad1b10-3bff-48d1-a1e1-77c8b47dcdcd.jpg,"
Sam's Club,Sweet Baby Ray's Barbecue Sauce,$3.29,,,28 oz,['Gluten-Free'],Many in stock,"https://www.instacart.com/image-server/197x197/filters:fill(FFF,true):format(jpg)/d2lnr5mha7bycj.cloudfront.net/product-image/file/large_5dc5d76e-6c42-4fff-a57f-cc00b825e8f3.png,"
Sam's Club,Burman's Hot Sauce,$2.35,,,12 fl oz,[],Many in stock,"https://www.instacart.com/image-server/197x197/filters:fill(FFF,true):format(jpg)/d2lnr5mha7bycj.cloudfront.net/product-image/file/large_7b72b0b2-58f8-43bb-987a-b3d6cef33a8d.jpg,"
Sam's Club,Tuscan Garden Pitted Stuffed Olives,$1.75,,,5.75 oz,[],Many in stock,"https://www.instacart.com/image-server/197x197/filters:fill(FFF,true):format(jpg)/d2lnr5mha7bycj.cloudfront.net/product-image/file/large_b1e80799-7d54-4b29-adea-17f54b703ee3.jpg,"
Sam's Club,Priano Genovese Pesto,$2.45,,,6.7 oz,[],,"https://www.instacart.com/image-server/197x197/filters:fill(FFF,true):format(jpg)/d2lnr5mha7bycj.cloudfront.net/product-image/file/large_b1b79f32-78dc-44c2-96b6-e54d1611ef6a.jpg,"
Sam's Club,Simply Nature Tomato Basil Pasta Sauce,$2.19,,,23.5 oz,[],Many in stock,"https://www.instacart.com/image-server/197x197/filters:fill(FFF,true):format(jpg)/d2lnr5mha7bycj.cloudfront.net/product-image/file/large_01b0c3b1-d12c-4ae3-83f3-4244e5184f64.jpg,"
Sam's Club,Reggano Roasted Garlic Pasta Sauce,$1.75,,,24 oz,[],,"https://www.instacart.com/image-server/197x197/filters:fill(FFF,true):format(jpg)/d2lnr5mha7bycj.cloudfront.net/product-image/file/large_69b5780a-801c-4c88-b365-a5f45e405d1d.jpg,"
Sam's Club,Casa Mamita Medium Salsa,$2.55,,,24 oz,[],Many in stock,"https://www.instacart.com/image-server/197x197/filters:fill(FFF,true):format(jpg)/d2lnr5mha7bycj.cloudfront.net/product-image/file/large_b7ef65cf-32e6-46e2-8d6c-6fdb9774b114.jpg,"
Sam's Club,Reggano Marinara Pasta Sauce,$1.75,,,24 oz,['Gluten-Free'],,"https://www.instacart.com/image-server/197x197/filters:fill(FFF,true):format(jpg)/d2lnr5mha7bycj.cloudfront.net/product-image/file/large_3737f8fa-2a69-46c9-afbc-054074cd34f2.jpg,"
Sam's Club,Burman's Original BBQ Sauce,$1.65,,,18 oz,[],Many in stock,"https://www.instacart.com/image-server/197x197/filters:fill(FFF,true):format(jpg)/d2lnr5mha7bycj.cloudfront.net/product-image/file/large_d032c181-1db8-44dd-8075-b64e8445ee99.jpg,"
Sam's Club,Deutsche KÃ¼che German Style Sauerkraut,$1.75,,,24 oz,['Vegan'],Many in stock,"https://www.instacart.com/image-server/197x197/filters:fill(FFF,true):format(jpg)/d2lnr5mha7bycj.cloudfront.net/product-image/file/large_f96ad89d-5145-4475-9202-1e49ee4b5845.jpg,"
Sam's Club,OH SNAP! Dill Bites Multipack 6 pack,$5.85,,,6 x 3.25 fl oz,[],Many in stock,"https://www.instacart.com/image-server/197x197/filters:fill(FFF,true):format(jpg)/d2lnr5mha7bycj.cloudfront.net/product-image/file/large_d22585d2-17b2-4462-8f12-afadb33a1eaf.jpg,"
Sam's Club,Priano Four Cheese Alfredo Sauce,$2.39,,,15 oz,[],,"https://www.instacart.com/image-server/197x197/filters:fill(FFF,true):format(jpg)/d2lnr5mha7bycj.cloudfront.net/product-image/file/large_e6167d35-03d2-48b7-8664-ea9a0dcaa235.jpg,"
Sam's Club,Burman's Reduced Sodium Soy Sauce,$1.75,,,15 fl oz,[],Many in stock,"https://www.instacart.com/image-server/197x197/filters:fill(FFF,true):format(jpg)/d2lnr5mha7bycj.cloudfront.net/product-image/file/large_350d4508-e1b3-445f-a9c1-dc98422348df.jpg,"
Sam's Club,Burman's Dijon Mustard,$1.45,,,12 oz,['Vegan'],Many in stock,"https://www.instacart.com/image-server/197x197/filters:fill(FFF,true):format(jpg)/d2lnr5mha7bycj.cloudfront.net/product-image/file/large_62215e23-9596-4832-b3df-b6999559b9d2.jpg,"
Sam's Club,Tuscan Garden Restaurant Style Italian Salad Dressing,$2.55,,,16 fl oz,[],Many in stock,"https://www.instacart.com/image-server/197x197/filters:fill(FFF,true):format(jpg)/d2lnr5mha7bycj.cloudfront.net/product-image/file/large_c1dbc444-ddfb-40d8-ac1f-ef058aae5ec7.jpg,"
Sam's Club,Priano Four Cheese Pasta Sauce,$2.35,,,24 oz,[],,"https://www.instacart.com/image-server/197x197/filters:fill(FFF,true):format(jpg)/d2lnr5mha7bycj.cloudfront.net/product-image/file/large_f73b16ce-045d-43a3-a4bc-7497e2b1b225.jpg,"
Sam's Club,Park Street Deli Dill Pickle Chips,$4.65,,,32 oz,[],,"https://www.instacart.com/image-server/197x197/filters:fill(FFF,true):format(jpg)/d2lnr5mha7bycj.cloudfront.net/product-image/file/large_7d8c0476-c7cd-4d52-bffa-d91dbcc720d6.jpg,"
Sam's Club,Casa Mamita Restaurant Style Salsa,$2.85,,,16 oz,[],Many in stock,"https://www.instacart.com/image-server/197x197/filters:fill(FFF,true):format(jpg)/d2lnr5mha7bycj.cloudfront.net/product-image/file/large_f8798de1-dcdd-4ba8-a8d9-30bd292fdd5b.jpg,"
Sam's Club,Great Gherkins Hamburger Dill Pickle Chips,$2.59,,,32 fl oz,[],Many in stock,"https://www.instacart.com/image-server/197x197/filters:fill(FFF,true):format(jpg)/d2lnr5mha7bycj.cloudfront.net/product-image/file/large_f37c1b0c-3920-4c40-bc88-f98ee922bd8e.jpg,"
Sam's Club,Simply Nature Marinara Pasta Sauce,$2.19,,,25 oz,[],Many in stock,"https://www.instacart.com/image-server/197x197/filters:fill(FFF,true):format(jpg)/d2lnr5mha7bycj.cloudfront.net/product-image/file/large_de655e21-76e7-489f-b884-189aedf18474.jpg,"
Sam's Club,Specially Selected Greek Vinaigrette Dressing,$3.09,,,12 fl oz,['Vegan'],Many in stock,"https://www.instacart.com/image-server/197x197/filters:fill(FFF,true):format(jpg)/d2lnr5mha7bycj.cloudfront.net/product-image/file/large_57727973-e4a0-4742-874d-110fcc41aa3a.jpg,"
Sam's Club,Little Salad Bar Caesar Salad ea,$3.09,,,10.5 oz bag,[],,"https://www.instacart.com/image-server/197x197/filters:fill(FFF,true):format(jpg)/d2lnr5mha7bycj.cloudfront.net/product-image/file/large_aa01e998-7f42-44e3-8ff8-fa666ea601d1.jpg,"
Sam's Club,Little Salad Bar Asian Chopped Salad Kit,$3.29,,,12 oz,[],Many in stock,"https://www.instacart.com/image-server/197x197/filters:fill(FFF,true):format(jpg)/d2lnr5mha7bycj.cloudfront.net/product-image/file/large_72537031-6525-46ee-aa79-c0dbaf4d3fdc.jpg,"
Sam's Club,Park Street Deli Macaroni & Cheese,$2.95,,,20 oz,[],Many in stock,"https://www.instacart.com/image-server/197x197/filters:fill(FFF,true):format(jpg)/d2lnr5mha7bycj.cloudfront.net/product-image/file/large_d7737617-70aa-46db-991b-95bb18beff84.jpg,"
Sam's Club,Little Salad Bar Southwest Chopped Salad Kit,$3.29,,,12 oz,[],,"https://www.instacart.com/image-server/197x197/filters:fill(FFF,true):format(jpg)/d2lnr5mha7bycj.cloudfront.net/product-image/file/large_ef41b45c-1c2f-462e-83de-572aa01de152.jpg,"
Sam's Club,Lunchables Ham & American Cheese Cracker Stackers Kids Lunch Snack Meal Kit with Capri Sun,$3.15,,,9.1 oz,[],Many in stock,"https://www.instacart.com/image-server/197x197/filters:fill(FFF,true):format(jpg)/d2lnr5mha7bycj.cloudfront.net/product-image/file/large_1bec5985-08df-460c-bb11-cc061a536a76.jpg,"
Sam's Club,Happy Farms Party Cheese Tray,$5.39,,,16 oz,[],,"https://www.instacart.com/image-server/197x197/filters:fill(FFF,true):format(jpg)/d2lnr5mha7bycj.cloudfront.net/product-image/file/large_b6f49342-dfcd-49d6-a25f-93ebdc265bf1.jpg,"
Sam's Club,"Park Street Deli Sharp White Cheddar, Dried Cranberries and Sea Salt Roasted Almonds",$3.09,,,4.5 oz,[],Many in stock,"https://www.instacart.com/image-server/197x197/filters:fill(FFF,true):format(jpg)/d2lnr5mha7bycj.cloudfront.net/product-image/file/large_bc939ad8-fcc2-428f-981c-636dd67ff6f6.jpg,"
Sam's Club,Giorgio Spinach & Artichoke Stuffed Mushrooms,$4.39,,,8.5 oz,[],,"https://www.instacart.com/image-server/197x197/filters:fill(FFF,true):format(jpg)/d2lnr5mha7bycj.cloudfront.net/product-image/file/large_37825350-2d1d-431b-b6ca-89a1ad5da719.jpg,"
Sam's Club,Lunchables Pepperoni Pizza Kids Lunch Meal Kit Snack with Capri Sun & Crunch Candy Bar,$3.15,,,4.7 oz,[],,"https://www.instacart.com/image-server/197x197/filters:fill(FFF,true):format(jpg)/d2lnr5mha7bycj.cloudfront.net/product-image/file/large_ddd9924e-b1c6-4c74-991a-86199ba30c7e.jpg,"
Sam's Club,Park Street Deli Beef Bites with Mild Cheddar,$3.55,,,4.5 oz,[],Many in stock,"https://www.instacart.com/image-server/197x197/filters:fill(FFF,true):format(jpg)/d2lnr5mha7bycj.cloudfront.net/product-image/file/large_be86c71a-e547-4a5b-932a-587f852cea3d.jpg,"
Sam's Club,Panera Bread Baked Potato Soup Cup (Gluten Free),$3.55,,,10 oz,[],Many in stock,"https://www.instacart.com/image-server/197x197/filters:fill(FFF,true):format(jpg)/d2lnr5mha7bycj.cloudfront.net/product-image/file/large_937d9410-be5b-4318-ac21-a227c713ee44.png,"
Sam's Club,Mama Cozzi's Pizza Kitchen Cheese Deli Calzone,$2.65,,,7 oz,[],,"https://www.instacart.com/image-server/197x197/filters:fill(FFF,true):format(jpg)/d2lnr5mha7bycj.cloudfront.net/product-image/file/large_64b90a7b-4e0d-4b76-83ee-56c6f0c7fc62.jpg,"
Sam's Club,Happy Farms Garden Vegetable Cream Cheese Snack Pack,$1.65,,,2.25 oz,[],Many in stock,"https://www.instacart.com/image-server/197x197/filters:fill(FFF,true):format(jpg)/d2lnr5mha7bycj.cloudfront.net/product-image/file/large_d6f38635-79f7-48f3-bb76-637a718c30b2.jpg,"
Sam's Club,Little Salad Bar Sweet Kale Chopped Salad Kit,$3.29,,,12 oz,[],Many in stock,"https://www.instacart.com/image-server/197x197/filters:fill(FFF,true):format(jpg)/d2lnr5mha7bycj.cloudfront.net/product-image/file/large_7b50e4bc-7c48-4c5a-ae1d-0be6725eaf92.jpg,"
Sam's Club,Chef's Cupboard Homestyle Butter Mashed Potatoes,$1.05,,,4 oz,[],Many in stock,"https://www.instacart.com/image-server/197x197/filters:fill(FFF,true):format(jpg)/d2lnr5mha7bycj.cloudfront.net/product-image/file/large_a8375c8f-f508-4f8f-93c5-49e765bfb42e.jpg,"
Sam's Club,Mama Cozzi's Pizza Kitchen Cheesy Breadsticks,$4.85,,,18.75 oz,[],,"https://www.instacart.com/image-server/197x197/filters:fill(FFF,true):format(jpg)/d2lnr5mha7bycj.cloudfront.net/product-image/file/large_a02e6d51-f909-4b7b-a687-f27a4a50de20.jpg,"
Sam's Club,Park Street Deli Pork Egg Rolls,$3.29,,,13.5 oz,[],,"https://www.instacart.com/image-server/197x197/filters:fill(FFF,true):format(jpg)/d2lnr5mha7bycj.cloudfront.net/product-image/file/large_35f58295-0cc0-4dd0-8c5e-36c5ac25d3c7.jpg,"
Sam's Club,"Park Street Deli Genoa Salami, Provolone and Breadsticks",$3.05,,,3 oz,[],,"https://www.instacart.com/image-server/197x197/filters:fill(FFF,true):format(jpg)/d2lnr5mha7bycj.cloudfront.net/product-image/file/large_51780a41-f127-4fc8-a622-1dcc3b093146.jpg,"
Sam's Club,Benton's Chocolate Chip 100 Calorie Snack Packs,$3.29,,,4.86 oz,[],,"https://www.instacart.com/image-server/197x197/filters:fill(FFF,true):format(jpg)/d2lnr5mha7bycj.cloudfront.net/product-image/file/large_48773672-ee6b-4974-af7a-231e4c04351f.jpg,"
Sam's Club,"Park Street Deli Sharp Yellow Cheddar, Cherry Juice-Infused Dried Cranberries and Sea Salt Roasted Cashew Splits",$3.09,,,3 x 1.5 oz,[],,"https://www.instacart.com/image-server/197x197/filters:fill(FFF,true):format(jpg)/d2lnr5mha7bycj.cloudfront.net/product-image/file/large_ccda3247-2eee-460c-885e-f8b16da58856.jpg,"
Sam's Club,Priano Three Cheese Tortellini,$6.85,,,20 oz,[],,"https://www.instacart.com/image-server/197x197/filters:fill(FFF,true):format(jpg)/d2lnr5mha7bycj.cloudfront.net/product-image/file/large_b6a93e87-8370-47eb-a8d8-c4fd57b195b2.jpg,"
Sam's Club,"Bob Evans Farms Mashed Potatoes, Original",$3.85,,,24 oz,[],,"https://www.instacart.com/image-server/197x197/filters:fill(FFF,true):format(jpg)/d2lnr5mha7bycj.cloudfront.net/product-image/file/large_4b62bf55-4859-489f-ac80-e18e68eb62c1.jpg,"
Sam's Club,Little Salad Bar Caesar Chopped Salad Kit,$3.29,,,10.5 oz,[],Likely out of stock,"https://www.instacart.com/image-server/197x197/filters:fill(FFF,true):format(jpg)/d2lnr5mha7bycj.cloudfront.net/product-image/file/large_469b29b6-12fb-4406-ad5f-4ae38a250238.jpg,"
Sam's Club,Mama Cozzi's Pizza Kitchen Pepperoni Deli Pizza,$7.95,,,16 oz,[],,"https://www.instacart.com/image-server/197x197/filters:fill(FFF,true):format(jpg)/d2lnr5mha7bycj.cloudfront.net/product-image/file/large_7cad3056-0df9-434a-bfd0-42a44cb7029f.jpg,"
Sam's Club,Happy Farms Strawberry Cream Cheese Snack Pack,$1.65,,,2.25 oz,[],,"https://www.instacart.com/image-server/197x197/filters:fill(FFF,true):format(jpg)/d2lnr5mha7bycj.cloudfront.net/product-image/file/large_dfd6f947-44c4-4768-997c-abc210e9af47.jpg,"
Sam's Club,Park Street Deli Cranberry Almond Chicken Salad Singles,$4.95,,,12 oz,[],,"https://www.instacart.com/image-server/197x197/filters:fill(FFF,true):format(jpg)/d2lnr5mha7bycj.cloudfront.net/product-image/file/large_793fc75e-08cc-4c3f-bff0-06979641f2fb.jpg,"
Sam's Club,Park Street Deli Cranberry Almond Chicken Salad,$6.39,,,16 oz,[],,"https://www.instacart.com/image-server/197x197/filters:fill(FFF,true):format(jpg)/d2lnr5mha7bycj.cloudfront.net/product-image/file/large_36b00d80-56df-4229-91ef-d298eb2eaa31.jpg,"
Sam's Club,brekki Vanilla Cinnamon Overnight Oats,$2.09,,,150 g,[],,"https://www.instacart.com/image-server/197x197/filters:fill(FFF,true):format(jpg)/d2lnr5mha7bycj.cloudfront.net/product-image/file/large_557604e7-ac86-4a51-8ba9-9d6da6d7880d.jpeg,"
Sam's Club,"Park Street Deli Apples, Grapes and Cheese with Crackers Snack Tray",$2.59,,,7 oz,[],,"https://www.instacart.com/image-server/197x197/filters:fill(FFF,true):format(jpg)/d2lnr5mha7bycj.cloudfront.net/product-image/file/large_6e308bf5-773b-4e2b-a2c1-cf4347e14552.jpg,"
Sam's Club,Little Salad Bar Sunflower Chopped Salad Kit,$3.29,,,11.1 oz,[],,"https://www.instacart.com/image-server/197x197/filters:fill(FFF,true):format(jpg)/d2lnr5mha7bycj.cloudfront.net/product-image/file/large_f656939f-09b9-42fb-9909-28b4a0d6cf72.jpg,"
Sam's Club,Little Salad Bar Italian Salad,$2.55,,,9 oz bag,[],,"https://www.instacart.com/image-server/197x197/filters:fill(FFF,true):format(jpg)/d2lnr5mha7bycj.cloudfront.net/product-image/file/large_4ccd8ebf-e164-4708-9dc7-22afd4f592e1.jpg,"
Sam's Club,"Park Street Deli Sharp Cheddar, Milk Chocolate, Graham Cookies and Cranberries",$3.09,,,4.5 oz,[],,"https://www.instacart.com/image-server/197x197/filters:fill(FFF,true):format(jpg)/d2lnr5mha7bycj.cloudfront.net/product-image/file/large_dc91d7a7-6fe5-4ca0-b05d-293958421631.jpg,"
Sam's Club,Priano Genoa Salami and Provolone Cheese Tray,$3.09,,,2.5 oz,[],Many in stock,"https://www.instacart.com/image-server/197x197/filters:fill(FFF,true):format(jpg)/d2lnr5mha7bycj.cloudfront.net/product-image/file/large_b9bf70c4-3dce-4929-a881-110b3da7bd3d.jpg,"
Sam's Club,Mama Cozzi's Pizza Kitchen Philly Cheesesteak Deli Calzone,$2.65,,,6 oz,[],,"https://www.instacart.com/image-server/197x197/filters:fill(FFF,true):format(jpg)/d2lnr5mha7bycj.cloudfront.net/product-image/file/large_51e90eb2-cb1c-4f2e-91be-b75804ed25f4.jpg,"
Sam's Club,Little Salad Bar Chef Salad Bowl,$3.19,,,6.2 oz,[],,"https://www.instacart.com/image-server/197x197/filters:fill(FFF,true):format(jpg)/d2lnr5mha7bycj.cloudfront.net/product-image/file/large_f46ab597-775e-4be6-ba83-39b4257215e4.jpg,"
Sam's Club,Little Salad Bar Santa Fe Salad Bowl,$3.19,,,6.3 oz,[],,"https://www.instacart.com/image-server/197x197/filters:fill(FFF,true):format(jpg)/d1s8987jlndkbs.cloudfront.net/assets/missing-item-4bbe82b8555e4d1c12626fd482cb2409713e8e30835645ff3650ef66a725d03c.png,"
Sam's Club,Park Street Deli Classic Chicken Salad,$6.39,,,16 oz,[],Many in stock,"https://www.instacart.com/image-server/197x197/filters:fill(FFF,true):format(jpg)/d2lnr5mha7bycj.cloudfront.net/product-image/file/large_678ee47b-6661-4c68-b86f-32af65c7362f.jpg,"
Sam's Club,Kirkwood Fresh Boneless Skinless Chicken Thighs,$5.53,/pkg (est.),$2.99 / lb,About 1.85 lb / package,['Thigh'],,"https://www.instacart.com/image-server/197x197/filters:fill(FFF,true):format(jpg)/d2lnr5mha7bycj.cloudfront.net/product-image/file/large_6320f767-c9d3-44dd-97ff-5fb825653e3d.jpg,"
Sam's Club,Kirkwood Fresh 93% Lean Ground Turkey,$4.75,,,19.2 g,[],,"https://www.instacart.com/image-server/197x197/filters:fill(FFF,true):format(jpg)/d2lnr5mha7bycj.cloudfront.net/product-image/file/large_bc192083-5d0f-4639-9b28-a55cfc13b4ab.jpg,"
Sam's Club,Appleton Farms Turkey Bacon,$3.85,,,12 oz,[],Many in stock,"https://www.instacart.com/image-server/197x197/filters:fill(FFF,true):format(jpg)/d2lnr5mha7bycj.cloudfront.net/product-image/file/large_44ec8981-0ae2-4f1f-8c79-4c81c206d384.jpg,"
Sam's Club,Kirkwood Fresh Chicken Breasts,$6.11,/pkg (est.),$3.49 / lb,About 1.75 lb / package,['Breast'],,"https://www.instacart.com/image-server/197x197/filters:fill(FFF,true):format(jpg)/d2lnr5mha7bycj.cloudfront.net/product-image/file/large_fd698d69-2cf1-4a7d-b55d-c576781102a2.jpg,"
Sam's Club,Kirkwood Fresh Thin Sliced Chicken Breasts,$5.59,/pkg (est.),$3.99 / lb,About 1.4 lb / package,['Breast'],,"https://www.instacart.com/image-server/197x197/filters:fill(FFF,true):format(jpg)/d2lnr5mha7bycj.cloudfront.net/product-image/file/large_1e59c817-baf4-4fd3-8db1-e3f8c0294ee3.jpg,"
Sam's Club,Kirkwood Fresh Family Pack Chicken Thighs,$8.19,/pkg (est.),$1.59 / lb,About 5.15 lb / package,['Thigh'],,"https://www.instacart.com/image-server/197x197/filters:fill(FFF,true):format(jpg)/d2lnr5mha7bycj.cloudfront.net/product-image/file/large_a68ad447-8cdd-4fb2-865a-c4bf1ac96d8f.jpg,"
Sam's Club,Kirkwood Fresh Family Pack Chicken Wings,$10.60,/pkg (est.),$2.65 / lb,About 4.0 lb / package,['Wing'],,"https://www.instacart.com/image-server/197x197/filters:fill(FFF,true):format(jpg)/d2lnr5mha7bycj.cloudfront.net/product-image/file/large_3b14d13c-99a9-4ef3-85c1-d35bee39f11b.jpg,"
Sam's Club,Kirkwood 85/15 Fresh Ground Turkey,$7.69,,,36 oz,[],Many in stock,"https://www.instacart.com/image-server/197x197/filters:fill(FFF,true):format(jpg)/d2lnr5mha7bycj.cloudfront.net/product-image/file/large_6ccf04bf-44fd-4e39-82dc-97518f9a887a.jpg,"
Sam's Club,Kirkwood Fresh Chicken Tenderloins,$7.98,each (est.),$3.99 / lb,About 2.0 lb each,['Breast'],,"https://www.instacart.com/image-server/197x197/filters:fill(FFF,true):format(jpg)/d2lnr5mha7bycj.cloudfront.net/product-image/file/large_8475b460-c37d-49b0-84b1-81434961e580.jpg,"
Sam's Club,Perdue Fresh Antibiotic Free ChickenTenderloin,$5.85,/pkg (est.),$5.85 / lb,About 1.0 lb / package,['Breast'],,"https://www.instacart.com/image-server/197x197/filters:fill(FFF,true):format(jpg)/d2lnr5mha7bycj.cloudfront.net/product-image/file/large_540900be-e2c7-4457-872f-50f6a9479fcd.jpg,"
Sam's Club,Kirkwood Fresh Chicken Thighs,$6.96,/pkg (est.),$1.99 / lb,About 3.5 lb / package,['Thigh'],,"https://www.instacart.com/image-server/197x197/filters:fill(FFF,true):format(jpg)/d2lnr5mha7bycj.cloudfront.net/product-image/file/large_03008c7a-3014-4a6e-9f48-fe9ddb787e27.jpg,"
Sam's Club,Kirkwood 99% Lean Ground Turkey,$5.49,,,16 oz,[],,"https://www.instacart.com/image-server/197x197/filters:fill(FFF,true):format(jpg)/d2lnr5mha7bycj.cloudfront.net/product-image/file/large_8d2bea6b-4536-4adc-a32c-05d368cd518a.jpg,"
Sam's Club,Family Pack Antibiotic Free Boneless Skinless Chicken Breasts,$10.82,/pkg (est.),$3.49 / lb,About 3.1 lb / package,['Breast'],,"https://www.instacart.com/image-server/197x197/filters:fill(FFF,true):format(jpg)/d2lnr5mha7bycj.cloudfront.net/product-image/file/large_d9dcb804-0e9c-43f9-a1f7-2854313565f2.jpg,"
Sam's Club,Perdue Fresh Antibiotic Free Boneless Skinless Chicken Thighs,$7.36,each (est.),$4.09 / lb,About 1.8 lb each,['Thigh'],,"https://www.instacart.com/image-server/197x197/filters:fill(FFF,true):format(jpg)/d2lnr5mha7bycj.cloudfront.net/product-image/file/large_b2311e16-5af8-471f-8dcc-62e4306a164c.jpg,"
Sam's Club,Perdue No Antibiotics Ever Whole Young Chicken,$6.89,,,3.75 lb,['Whole'],,"https://www.instacart.com/image-server/197x197/filters:fill(FFF,true):format(jpg)/d2lnr5mha7bycj.cloudfront.net/product-image/file/large_c88c23ba-2fb6-4ab0-855c-fd0e1b718340.jpg,"
Sam's Club,Kirkwood Frozen Bone-In Turkey Breast,$15.58,/pkg (est.),$1.99 / lb,About 7.83 lb / package,['Breast'],,"https://www.instacart.com/image-server/197x197/filters:fill(FFF,true):format(jpg)/d2lnr5mha7bycj.cloudfront.net/product-image/file/large_1c0304d5-8eb4-4e08-87af-f0d0e000b779.jpg,"
Sam's Club,Kirkwood Fresh Chicken Drumsticks,$6.24,/pkg (est.),$1.89 / lb,About 3.3 lb / package,[],,"https://www.instacart.com/image-server/197x197/filters:fill(FFF,true):format(jpg)/d2lnr5mha7bycj.cloudfront.net/product-image/file/large_98a034b0-d435-4be9-9d2b-aec825926399.jpg,"
Sam's Club,Perdue Fresh Antibiotic Free Thin Sliced Chicken Breasts,$6.84,/pkg (est.),$6.05 / lb,About 1.13 lb / package,['Breast'],,"https://www.instacart.com/image-server/197x197/filters:fill(FFF,true):format(jpg)/d2lnr5mha7bycj.cloudfront.net/product-image/file/large_36c473eb-3240-4399-9588-5d38b2ebe5c6.jpg,"
Sam's Club,Kirkwood Fresh Family Pack Chicken Drumsticks,$5.36,/pkg (est.),$1.19 / lb,About 4.5 lb / package,[],,"https://www.instacart.com/image-server/197x197/filters:fill(FFF,true):format(jpg)/d2lnr5mha7bycj.cloudfront.net/product-image/file/large_146641c2-586e-4161-b5e4-ff0fce713b35.jpg,"
Sam's Club,Fresh Family Pack Boneless Skinless Chicken Thighs,$8.22,each (est.),$2.99 / lb,About 2.75 lb each,['Thigh'],,"https://www.instacart.com/image-server/197x197/filters:fill(FFF,true):format(jpg)/d2lnr5mha7bycj.cloudfront.net/product-image/file/large_7cdc07f1-6150-4f86-870d-4e4993ced102.png,"
Sam's Club,Perdue Fresh Ground Chicken,$3.79,,,1 lb,[],,"https://www.instacart.com/image-server/197x197/filters:fill(FFF,true):format(jpg)/d2lnr5mha7bycj.cloudfront.net/product-image/file/large_01f0fa0c-d60a-4610-b1b9-452c8978c4ee.jpg,"
Sam's Club,Pilgrimâ€™s Chicken Breast,$6.41,each (est.),$2.29 / lb,About 2.8 lb each,['Breast'],,"https://www.instacart.com/image-server/197x197/filters:fill(FFF,true):format(jpg)/d1s8987jlndkbs.cloudfront.net/assets/missing-item-4bbe82b8555e4d1c12626fd482cb2409713e8e30835645ff3650ef66a725d03c.png,"
Sam's Club,Simply Nature Fresh Organic Chicken Breasts,$6.39,/pkg (est.),$6.39 / lb,About 1.0 lb / package,"['Organic', 'Breast']",,"https://www.instacart.com/image-server/197x197/filters:fill(FFF,true):format(jpg)/d2lnr5mha7bycj.cloudfront.net/product-image/file/large_ae74dab8-993a-47fb-9ee0-3a89ac7b1b12.jpg,"
Sam's Club,Perdue Fresh Antibiotic Free Boneless Skinless Chicken Breasts,$7.60,each (est.),$4.75 / lb,About 1.6 lb each,['Breast'],,"https://www.instacart.com/image-server/197x197/filters:fill(FFF,true):format(jpg)/d2lnr5mha7bycj.cloudfront.net/product-image/file/large_38e87b52-03af-45ef-a3b7-4d8b4aa92e96.jpg,"
Sam's Club,Kirkwood Cracked Pepper Turkey Tenderloin,$7.69,,,30 oz,[],,"https://www.instacart.com/image-server/197x197/filters:fill(FFF,true):format(jpg)/d2lnr5mha7bycj.cloudfront.net/product-image/file/large_199202dc-19dc-4dc8-8951-9babcdf40bbd.jpg,"
Sam's Club,Kirkwood Fresh Split Chicken Breasts,$5.10,/pkg (est.),$1.89 / lb,About 2.7 lb / package,['Breast'],,"https://www.instacart.com/image-server/197x197/filters:fill(FFF,true):format(jpg)/d2lnr5mha7bycj.cloudfront.net/product-image/file/large_d78c764c-8843-41b2-bca7-895d0ae9fe7c.jpg,"
Sam's Club,Kirkwood Fresh Chicken Leg Quarters,$5.95,/pkg (est.),$1.19 / lb,About 5.0 lb / package,['Leg'],,"https://www.instacart.com/image-server/197x197/filters:fill(FFF,true):format(jpg)/d2lnr5mha7bycj.cloudfront.net/product-image/file/large_a05d1eaf-9ea9-40cc-9dda-5982fbb4be45.jpg,"
Sam's Club,Simply Nature Organic Thin Sliced Chicken Breasts,$8.94,each (est.),$7.15 / lb,About 1.25 lb each,"['Organic', 'Breast']",,"https://www.instacart.com/image-server/197x197/filters:fill(FFF,true):format(jpg)/d2lnr5mha7bycj.cloudfront.net/product-image/file/large_a0c3411c-4f31-47f7-a8e6-e5bf2ec0ed1a.jpg,"
Sam's Club,Fresh Sounthwest Seasoned Chicken,$8.68,each (est.),$5.79 / lb,About 1.5 lb each,['Breast'],,"https://www.instacart.com/image-server/197x197/filters:fill(FFF,true):format(jpg)/d2lnr5mha7bycj.cloudfront.net/product-image/file/large_460f60f7-15c4-4b96-b5ae-d9029ed1ae15.png,"
Sam's Club,Fresh Teriyaki Seasoned Chicken,$8.68,each (est.),$5.79 / lb,About 1.5 lb each,['Thigh'],,"https://www.instacart.com/image-server/197x197/filters:fill(FFF,true):format(jpg)/d2lnr5mha7bycj.cloudfront.net/product-image/file/large_7cdc07f1-6150-4f86-870d-4e4993ced102.png,"
Sam's Club,Simply Nature Fresh Organic Young Bird,$14.51,/pkg (est.),$2.79 / lb,About 5.2 lb / package,"['Organic', 'Whole']",,"https://www.instacart.com/image-server/197x197/filters:fill(FFF,true):format(jpg)/d2lnr5mha7bycj.cloudfront.net/product-image/file/large_19221bcd-6a46-484d-83d4-29c7355ba069.jpg,"
Sam's Club,"Millville Fruit Rounds Cereal, Sweetened Mulit-Grain Cereal",$1.85,,,12.2 oz,[],Many in stock,"https://www.instacart.com/image-server/197x197/filters:fill(FFF,true):format(jpg)/d2lnr5mha7bycj.cloudfront.net/product-image/file/large_794cdeb7-7bc1-43c7-903e-485d3f864156.jpg,"
Sam's Club,Millville Buttermilk Pancake Mix,$2.15,,,32 oz,[],Many in stock,"https://www.instacart.com/image-server/197x197/filters:fill(FFF,true):format(jpg)/d2lnr5mha7bycj.cloudfront.net/product-image/file/large_80faa41b-3861-441d-a9df-8de63494b170.jpg,"
Sam's Club,Cinnamon Toast Crunch Breakfast Cereal,$4.85,,,16.8 oz,['Whole Grain'],Many in stock,"https://www.instacart.com/image-server/197x197/filters:fill(FFF,true):format(jpg)/d2lnr5mha7bycj.cloudfront.net/product-image/file/large_d0b1f918-3bd9-4f0a-ac55-0e5f3da9ce86.jpg,"
Sam's Club,Honey Nut Cheerios Heart Healthy Cereal With Happy Heart Shapes,$5.19,,,15.4 oz,"['Gluten-Free', 'Whole Grain']",Many in stock,"https://www.instacart.com/image-server/197x197/filters:fill(FFF,true):format(jpg)/d2lnr5mha7bycj.cloudfront.net/product-image/file/large_4ffcbc4c-d3e5-4fb8-ab4e-79cee0fe0c44.jpg,"
Sam's Club,Millville Frosted Bite Size Shredded Wheat,$2.35,,,18 oz,[],Many in stock,"https://www.instacart.com/image-server/197x197/filters:fill(FFF,true):format(jpg)/d2lnr5mha7bycj.cloudfront.net/product-image/file/large_85cbe3af-cefa-4774-af61-797f3bb704c1.jpg,"
Sam's Club,Millville Frosted Strawberry Toaster Tarts,$2.15,,,12 ct,[],,"https://www.instacart.com/image-server/197x197/filters:fill(FFF,true):format(jpg)/d2lnr5mha7bycj.cloudfront.net/product-image/file/large_37f80b01-8b80-4266-8dd1-4d28b73afa0b.jpg,"
Sam's Club,"Post Fruity Pebbles Fruity Pebbles Sweetened Rice Cereal Box, Large Size",$4.55,,,15 oz,['Gluten-Free'],Many in stock,"https://www.instacart.com/image-server/197x197/filters:fill(FFF,true):format(jpg)/d2lnr5mha7bycj.cloudfront.net/product-image/file/large_894dc547-96b6-41b2-bfe0-aa19407cf26e.jpg,"
Sam's Club,Millville Honey Graham Squares,$2.49,,,12 oz,[],Many in stock,"https://www.instacart.com/image-server/197x197/filters:fill(FFF,true):format(jpg)/d2lnr5mha7bycj.cloudfront.net/product-image/file/large_4220bb46-4a4f-481c-99a7-e192caaf2796.jpg,"
Sam's Club,"Pop-Tarts Toaster Pastries, Breakfast Foods, Kids Snacks, Frosted Strawberry",$4.35,,,12 ct,[],Many in stock,"https://www.instacart.com/image-server/197x197/filters:fill(FFF,true):format(jpg)/d2lnr5mha7bycj.cloudfront.net/product-image/file/large_8618bc35-7504-45b1-b1b2-90075ae9247b.jpg,"
Sam's Club,"Post Cocoa Pebbles Breakfast Cereal Box, Large Size",$4.55,,,15 oz,['Gluten-Free'],Many in stock,"https://www.instacart.com/image-server/197x197/filters:fill(FFF,true):format(jpg)/d2lnr5mha7bycj.cloudfront.net/product-image/file/large_dd9983b4-4a54-4029-83f5-b5c25097436b.jpg,"
Sam's Club,Millville Cinnamon Crunch Squares,$3.09,,,19.3 oz,[],Many in stock,"https://www.instacart.com/image-server/197x197/filters:fill(FFF,true):format(jpg)/d2lnr5mha7bycj.cloudfront.net/product-image/file/large_72ed585a-1fcf-4cca-a45f-f2087e416209.jpg,"
Sam's Club,Millville Old Fashioned Oats,$4.35,,,42 oz,[],Many in stock,"https://www.instacart.com/image-server/197x197/filters:fill(FFF,true):format(jpg)/d2lnr5mha7bycj.cloudfront.net/product-image/file/large_2d13b9ed-373e-4c68-94a9-2b3938ded6b6.jpg,"
Sam's Club,"Millville Berry Kids Krunch, Sweetened Corn & Oat Cereal",$3.55,,,13 oz,[],Many in stock,"https://www.instacart.com/image-server/197x197/filters:fill(FFF,true):format(jpg)/d2lnr5mha7bycj.cloudfront.net/product-image/file/large_95ad5a2e-385a-4ae0-b047-594a383ac4c2.jpg,"
Sam's Club,Millville Instant Oatmeal Variety Pack,$1.95,,,10 ct,[],Many in stock,"https://www.instacart.com/image-server/197x197/filters:fill(FFF,true):format(jpg)/d2lnr5mha7bycj.cloudfront.net/product-image/file/large_7ac91dbb-f83e-4026-b519-0969dc12b38f.jpg,"
Sam's Club,Millville Quick Oats,$4.35,,,42 oz,[],Many in stock,"https://www.instacart.com/image-server/197x197/filters:fill(FFF,true):format(jpg)/d2lnr5mha7bycj.cloudfront.net/product-image/file/large_2da52fba-2198-47ae-a383-eb9fcace802a.jpg,"
Sam's Club,Millville Crunchy Granola Raisin Bran Crunch,$2.99,,,18.2 oz,[],Many in stock,"https://www.instacart.com/image-server/197x197/filters:fill(FFF,true):format(jpg)/d2lnr5mha7bycj.cloudfront.net/product-image/file/large_3af4abe9-d9ce-4e92-9de4-b961ac83c310.jpg,"
Sam's Club,"Millville Honey Nut Flavored Crispy Oats, Family Size",$2.95,,,19.5 oz,[],Many in stock,"https://www.instacart.com/image-server/197x197/filters:fill(FFF,true):format(jpg)/d2lnr5mha7bycj.cloudfront.net/product-image/file/large_e55bdd02-6470-4f10-a5f4-6a97e7d3bef0.jpg,"
Sam's Club,Simply Nature Organic Oats & Honey Granola,$3.29,,,12 oz,['Organic'],,"https://www.instacart.com/image-server/197x197/filters:fill(FFF,true):format(jpg)/d2lnr5mha7bycj.cloudfront.net/product-image/file/large_d57155ba-9d43-46f6-944b-f02f6e502340.jpg,"
Sam's Club,Millville Cinnamon Brown Sugar Toaster Toarts,$2.15,,,12 ct,[],,"https://www.instacart.com/image-server/197x197/filters:fill(FFF,true):format(jpg)/d2lnr5mha7bycj.cloudfront.net/product-image/file/large_0ea417e4-5d85-4e38-9875-4321d974cada.jpg,"
Sam's Club,Millville Maple and Brown Sugar Instant Oatmeal,$1.95,,,15.1 oz,[],Many in stock,"https://www.instacart.com/image-server/197x197/filters:fill(FFF,true):format(jpg)/d2lnr5mha7bycj.cloudfront.net/product-image/file/large_0d857b99-b119-48cd-be1d-c6ce209f7743.jpg,"
Sam's Club,Millville Marshmallow and Stars,$2.15,,,11.5 oz,[],,"https://www.instacart.com/image-server/197x197/filters:fill(FFF,true):format(jpg)/d2lnr5mha7bycj.cloudfront.net/product-image/file/large_4e134c24-348e-4656-8f77-f98d02e15fe0.jpg,"
Sam's Club,Millville Family Size Frosted Flakes,$3.85,,,26.8 oz,[],Many in stock,"https://www.instacart.com/image-server/197x197/filters:fill(FFF,true):format(jpg)/d2lnr5mha7bycj.cloudfront.net/product-image/file/large_f1d9c267-57fd-4a64-a9c9-9f782a381ed2.jpg,"
Sam's Club,Millville Protein Pancake Mix,$4.39,,,18.5 oz,[],Many in stock,"https://www.instacart.com/image-server/197x197/filters:fill(FFF,true):format(jpg)/d2lnr5mha7bycj.cloudfront.net/product-image/file/large_3fee657f-ea98-4480-a801-b9d5ef0ae9f1.jpg,"
Sam's Club,Millville Crispy Rice Cereal,$2.15,,,12 oz,['Gluten-Free'],Many in stock,"https://www.instacart.com/image-server/197x197/filters:fill(FFF,true):format(jpg)/d2lnr5mha7bycj.cloudfront.net/product-image/file/large_89d50895-f347-4c36-bbfb-06150e3c3d9f.jpg,"
Sam's Club,Millville Oats & Honey Protein Crunchy Granola,$2.95,,,11 oz,[],,"https://www.instacart.com/image-server/197x197/filters:fill(FFF,true):format(jpg)/d2lnr5mha7bycj.cloudfront.net/product-image/file/large_d10b33d3-2700-4591-a4bc-0089e0f022e0.jpg,"
Sam's Club,Millville Cocoa Peanut Butter Puffs,$3.15,,,13 oz,[],Many in stock,"https://www.instacart.com/image-server/197x197/filters:fill(FFF,true):format(jpg)/d2lnr5mha7bycj.cloudfront.net/product-image/file/large_5145d8c8-ad67-4bb7-93f1-753f272c92a6.jpg,"
Sam's Club,Millville Toaster Tarts Frosted Chocolate Fudge Flavored Pastries,$2.15,,,22 oz,[],,"https://www.instacart.com/image-server/197x197/filters:fill(FFF,true):format(jpg)/d2lnr5mha7bycj.cloudfront.net/product-image/file/large_d5572afb-85ea-4d31-b89b-257fb8080a63.jpg,"
Sam's Club,Millville Honey Wheat Puffs,$2.35,,,15.3 oz,[],Many in stock,"https://www.instacart.com/image-server/197x197/filters:fill(FFF,true):format(jpg)/d2lnr5mha7bycj.cloudfront.net/product-image/file/large_3ca8b655-1e29-477f-8ae7-a7da9d445949.jpg,"
Sam's Club,Millville Chocolate Puffs,$2.15,,,11.8 oz,[],Many in stock,"https://www.instacart.com/image-server/197x197/filters:fill(FFF,true):format(jpg)/d2lnr5mha7bycj.cloudfront.net/product-image/file/large_f56f6396-3fed-4cad-a6dd-5caae0828d34.jpg,"
Sam's Club,"Pop-Tarts Toaster Pastries, Breakfast Foods, Kids Snacks, Frosted Chocolate Fudge",$4.35,,,12 ct,[],Many in stock,"https://www.instacart.com/image-server/197x197/filters:fill(FFF,true):format(jpg)/d2lnr5mha7bycj.cloudfront.net/product-image/file/large_11c012da-7350-4124-8bd4-dee0055d6ebb.jpg,"
Sam's Club,Millville Honey Crunch 'n Oats Original,$2.85,,,14.5 oz,[],Many in stock,"https://www.instacart.com/image-server/197x197/filters:fill(FFF,true):format(jpg)/d2lnr5mha7bycj.cloudfront.net/product-image/file/large_61faa1b3-34ed-4d4f-a614-e1afdbbe659d.jpg,"
Sam's Club,Millville Balance Multigrain Squares Cinnamon Flavor,$2.39,,,13 oz,['Multigrain'],,"https://www.instacart.com/image-server/197x197/filters:fill(FFF,true):format(jpg)/d2lnr5mha7bycj.cloudfront.net/product-image/file/large_ffd583c7-bf89-42fc-bc17-7aeaeac73dce.jpg,"
Sam's Club,"Pop-Tarts Toaster Pastries, Frosted Brown Sugar Cinnamon",$4.35,,,12 ct,[],,"https://www.instacart.com/image-server/197x197/filters:fill(FFF,true):format(jpg)/d2lnr5mha7bycj.cloudfront.net/product-image/file/large_22425f6d-5129-48d8-a467-6d4596b5be5b.jpg,"
Sam's Club,Millville Crispy Oats,$1.85,,,12 oz,[],Many in stock,"https://www.instacart.com/image-server/197x197/filters:fill(FFF,true):format(jpg)/d2lnr5mha7bycj.cloudfront.net/product-image/file/large_2c3467f7-b743-4e95-873d-16a5cafd3691.jpg,"
Sam's Club,Fit & Active Vitality with Red Berries,$2.85,,,11.2 oz,[],Many in stock,"https://www.instacart.com/image-server/197x197/filters:fill(FFF,true):format(jpg)/d2lnr5mha7bycj.cloudfront.net/product-image/file/large_0f15178b-3b80-4ff9-979b-a2f84239e42b.jpg,"
Sam's Club,"Pop-Tarts Toaster Pastries, Frosted S'Mores",$4.35,,,12 ct,[],,"https://www.instacart.com/image-server/197x197/filters:fill(FFF,true):format(jpg)/d2lnr5mha7bycj.cloudfront.net/product-image/file/large_f28338a5-3f09-40a5-a373-dabcbed3d334.jpg,"
Sam's Club,Millville Honey Crunch 'n Oats Almond,$2.85,,,14.5 oz,[],Many in stock,"https://www.instacart.com/image-server/197x197/filters:fill(FFF,true):format(jpg)/d2lnr5mha7bycj.cloudfront.net/product-image/file/large_830a4302-2a44-4b97-b355-405177f5192a.jpg,"
Sam's Club,Millville Raisin Bran,$2.45,,,16.6 oz,[],Many in stock,"https://www.instacart.com/image-server/197x197/filters:fill(FFF,true):format(jpg)/d2lnr5mha7bycj.cloudfront.net/product-image/file/large_b98c8570-f663-4256-a98c-bdd0d289da64.jpg,"
Sam's Club,"Millville Oats, Honey & Raisin Granola",$2.55,,,14 oz,[],Many in stock,"https://www.instacart.com/image-server/197x197/filters:fill(FFF,true):format(jpg)/d2lnr5mha7bycj.cloudfront.net/product-image/file/large_f09d27cb-06a8-4e3c-89f8-b392a885e220.jpg,"
Sam's Club,Simply Nature Coconut Cacao Super Food Granola,$4.05,,,11 oz,[],,"https://www.instacart.com/image-server/197x197/filters:fill(FFF,true):format(jpg)/d2lnr5mha7bycj.cloudfront.net/product-image/file/large_665e14c3-096d-4da0-b204-21a9e2ec1467.jpg,"
Sam's Club,Friendly Farms 2% Milk,$2.89,,,1 gal,[],Many in stock,"https://www.instacart.com/image-server/197x197/filters:fill(FFF,true):format(jpg)/d2lnr5mha7bycj.cloudfront.net/product-image/file/large_8cab9ae7-24e7-450a-869e-ea1e47acb593.jpg,"
Sam's Club,Friendly Farms 2% Milk,$1.75,,,0.5 gal,[],Many in stock,"https://www.instacart.com/image-server/197x197/filters:fill(FFF,true):format(jpg)/d2lnr5mha7bycj.cloudfront.net/product-image/file/large_eb4145ad-1160-4c3e-aca2-944750d6eead.jpg,"
Sam's Club,"fairlife 2% Reduced Fat Ultra-Filtered Milk, Lactose Free",$4.95,,,52 fl oz,[],Many in stock,"https://www.instacart.com/image-server/197x197/filters:fill(FFF,true):format(jpg)/d2lnr5mha7bycj.cloudfront.net/product-image/file/large_4ec4e45e-4dce-4854-878e-d1369b46cff4.jpg,"
Sam's Club,Friendly Farms Chocolate Milk,$1.65,,,0.5 gal,[],Many in stock,"https://www.instacart.com/image-server/197x197/filters:fill(FFF,true):format(jpg)/d2lnr5mha7bycj.cloudfront.net/product-image/file/large_c26ddd44-3619-4bf2-a23b-cf5fba93d167.jpg,"
Sam's Club,Friendly Farms Whole Milk,$1.75,,,0.5 gal,[],Many in stock,"https://www.instacart.com/image-server/197x197/filters:fill(FFF,true):format(jpg)/d2lnr5mha7bycj.cloudfront.net/product-image/file/large_8ac0e7b7-9611-473a-9149-0761be8edf88.jpg,"
Sam's Club,Friendly Farms Original Unsweetened Almondmilk,$2.59,,,64 fl oz,[],Many in stock,"https://www.instacart.com/image-server/197x197/filters:fill(FFF,true):format(jpg)/d2lnr5mha7bycj.cloudfront.net/product-image/file/large_df755474-1356-4ea6-9fc8-bdbe67492024.jpg,"
Sam's Club,Friendly Farms 1% Milk,$2.89,,,1 gal,[],Many in stock,"https://www.instacart.com/image-server/197x197/filters:fill(FFF,true):format(jpg)/d2lnr5mha7bycj.cloudfront.net/product-image/file/large_ad55b9ef-d830-49c8-a827-27962e32f99f.jpg,"
Sam's Club,Friendly Farms Vanilla Unsweetened Almondmilk,$2.59,,,64 fl oz,[],Many in stock,"https://www.instacart.com/image-server/197x197/filters:fill(FFF,true):format(jpg)/d2lnr5mha7bycj.cloudfront.net/product-image/file/large_3aae4ec3-8f77-45d6-8775-628431b0c0ef.jpg,"
Sam's Club,Friendly Farms Vanilla Sweetened Almondmilk,$2.59,,,64 fl oz,[],,"https://www.instacart.com/image-server/197x197/filters:fill(FFF,true):format(jpg)/d2lnr5mha7bycj.cloudfront.net/product-image/file/large_448bb5c9-4517-4fce-950b-1091a47d4f24.jpg,"
Sam's Club,Friendly Farms Original Oatmmilk,$3.85,,,64 fl oz,[],Many in stock,"https://www.instacart.com/image-server/197x197/filters:fill(FFF,true):format(jpg)/d2lnr5mha7bycj.cloudfront.net/product-image/file/large_5730971d-27c4-4540-a42b-d5bd2326b452.jpg,"
Sam's Club,Simply Nature Organic Whole Milk,$4.19,,,64 fl oz,['Organic'],Many in stock,"https://www.instacart.com/image-server/197x197/filters:fill(FFF,true):format(jpg)/d2lnr5mha7bycj.cloudfront.net/product-image/file/large_b01db7ff-a935-4b55-b6a8-5c947cfd457b.jpg,"
Sam's Club,Friendly Farms Skim Milk,$1.75,,,0.5 gal,[],Many in stock,"https://www.instacart.com/image-server/197x197/filters:fill(FFF,true):format(jpg)/d2lnr5mha7bycj.cloudfront.net/product-image/file/large_0a0dc61e-8933-477f-88f8-e75c752f235e.jpg,"
Sam's Club,Friendly Farms Original Coconutmilk,$3.29,,,64 fl oz,[],Many in stock,"https://www.instacart.com/image-server/197x197/filters:fill(FFF,true):format(jpg)/d2lnr5mha7bycj.cloudfront.net/product-image/file/large_a6a02216-5c1f-4851-a072-b2f722029f4e.jpg,"
Sam's Club,Friendly Farms Chocolate Almondmilk,$2.59,,,64 fl oz,[],Many in stock,"https://www.instacart.com/image-server/197x197/filters:fill(FFF,true):format(jpg)/d2lnr5mha7bycj.cloudfront.net/product-image/file/large_1de83e16-787c-4c70-980f-7fe530cd00f6.jpg,"
Sam's Club,Simply Nature Organic 2% Milk,$4.19,,,64 fl oz,['Organic'],Many in stock,"https://www.instacart.com/image-server/197x197/filters:fill(FFF,true):format(jpg)/d2lnr5mha7bycj.cloudfront.net/product-image/file/large_aeb26f49-0a3e-4958-bf81-dbe931e97c64.jpg,"
Sam's Club,Friendly Farms Original Sweetened Almondmilk,$2.59,,,64 fl oz,[],Many in stock,"https://www.instacart.com/image-server/197x197/filters:fill(FFF,true):format(jpg)/d2lnr5mha7bycj.cloudfront.net/product-image/file/large_227880ba-9f62-45ac-bb22-a8a4dbe99037.jpg,"
Sam's Club,Friendly Farms 1% Milk,$1.75,,,0.5 gal,[],,"https://www.instacart.com/image-server/197x197/filters:fill(FFF,true):format(jpg)/d2lnr5mha7bycj.cloudfront.net/product-image/file/large_12465fe5-9647-481e-a08b-e1f7500a5484.jpg,"
Sam's Club,Friendly Farms 2% Lactose Free Milk,$3.55,,,64 fl oz,[],Many in stock,"https://www.instacart.com/image-server/197x197/filters:fill(FFF,true):format(jpg)/d2lnr5mha7bycj.cloudfront.net/product-image/file/large_d52b854a-b3f1-4faa-a00b-57e40e30737a.jpg,"
Sam's Club,Simply Nature Organic Original Unsweetened Almondmilk,$3.55,,,64 fl oz,['Organic'],Many in stock,"https://www.instacart.com/image-server/197x197/filters:fill(FFF,true):format(jpg)/d2lnr5mha7bycj.cloudfront.net/product-image/file/large_2cd953f6-b0e2-406e-839f-1012d7e8bb6c.jpg,"
Sam's Club,Simply Nature Organic Original Soymilk,$2.75,,,64 fl oz,['Organic'],Many in stock,"https://www.instacart.com/image-server/197x197/filters:fill(FFF,true):format(jpg)/d2lnr5mha7bycj.cloudfront.net/product-image/file/large_2bb1f5ba-5ee7-412c-9b43-f59f790ef4a3.jpg,"
Sam's Club,Simply Nature 2% Omega-3 Milk,$4.29,,,64 fl oz,['Organic'],Many in stock,"https://www.instacart.com/image-server/197x197/filters:fill(FFF,true):format(jpg)/d2lnr5mha7bycj.cloudfront.net/product-image/file/large_88dfd44d-b22a-4d7e-890b-5ea5b2675407.jpg,"
Sam's Club,Simply Nature Whole Omega-3 Milk,$4.29,,,64 fl oz,['Organic'],,"https://www.instacart.com/image-server/197x197/filters:fill(FFF,true):format(jpg)/d2lnr5mha7bycj.cloudfront.net/product-image/file/large_6164a9ce-c25e-4da9-a89e-4c573b81984a.jpg,"
Sam's Club,Friendly Farms Lactose Free Whole Milk,$3.55,,,64 fl oz,[],,"https://www.instacart.com/image-server/197x197/filters:fill(FFF,true):format(jpg)/d2lnr5mha7bycj.cloudfront.net/product-image/file/large_b92ddd2c-afe1-40bf-86cc-c4455b2a013c.jpg,"
Sam's Club,Friendly Farms Lactose Free Fat Free Milk,$3.55,,,64 fl oz,[],,"https://www.instacart.com/image-server/197x197/filters:fill(FFF,true):format(jpg)/d2lnr5mha7bycj.cloudfront.net/product-image/file/large_66dc2a93-c331-4be5-b641-760fb39b49d7.jpg,"
Sam's Club,Mama Cozzi's Pizza Kitchen Sliced Pepperoni Pizza,$2.75,,,6 oz,[],Many in stock,"https://www.instacart.com/image-server/197x197/filters:fill(FFF,true):format(jpg)/d2lnr5mha7bycj.cloudfront.net/product-image/file/large_03ebb35c-06fa-4a46-bf34-2fbf0117a4e4.jpg,"
Sam's Club,Lunch Mate Hard Salami,$4.35,,,8 oz,[],,"https://www.instacart.com/image-server/197x197/filters:fill(FFF,true):format(jpg)/d2lnr5mha7bycj.cloudfront.net/product-image/file/large_703bcc6a-7073-4952-8039-35c7f2bd6624.jpg,"
Sam's Club,Lunch Mate Bologna,$1.75,,,16 oz,[],Many in stock,"https://www.instacart.com/image-server/197x197/filters:fill(FFF,true):format(jpg)/d2lnr5mha7bycj.cloudfront.net/product-image/file/large_94c632c9-9280-4ed7-8717-17d2fbef2f49.jpg,"
Sam's Club,Lunch Mate Family Size Lower Sodium Oven Roasted Turkey in Lunch Meat Tub,$6.05,,,15 oz,[],,"https://www.instacart.com/image-server/197x197/filters:fill(FFF,true):format(jpg)/d2lnr5mha7bycj.cloudfront.net/product-image/file/large_96dfb1f5-5949-4426-ab24-d6359d37244e.jpg,"
Sam's Club,Lunch Mate Oven Roasted Turkey in Lunch Meat Tub,$6.05,,,16 oz,[],Many in stock,"https://www.instacart.com/image-server/197x197/filters:fill(FFF,true):format(jpg)/d2lnr5mha7bycj.cloudfront.net/product-image/file/large_eb4adb64-19ba-420a-ba9d-45745c0e1a61.jpg,"
Sam's Club,Lunch Mate Oven Roasted Turkey Breast,$3.85,,,9 oz,[],,"https://www.instacart.com/image-server/197x197/filters:fill(FFF,true):format(jpg)/d2lnr5mha7bycj.cloudfront.net/product-image/file/large_18b46e94-bc68-4046-b06e-a7b9dee713b0.jpg,"
Sam's Club,Deli Sliced Honey Ham,$3.09,,,8 oz,[],Many in stock,"https://www.instacart.com/image-server/197x197/filters:fill(FFF,true):format(jpg)/d2lnr5mha7bycj.cloudfront.net/product-image/file/large_dbe2c5d8-a0dd-49a4-bfd0-c7c1f0cc01a4.jpg,"
Sam's Club,Lunch Mate 1lb Honey Ham,$5.25,,,16 oz,[],,"https://www.instacart.com/image-server/197x197/filters:fill(FFF,true):format(jpg)/d2lnr5mha7bycj.cloudfront.net/product-image/file/large_d834782d-29b3-4db0-9f0c-134d5a1cdc7e.jpg,"
Sam's Club,Lunch Mate Black Forest Ham,$3.85,,,16 oz,[],Many in stock,"https://www.instacart.com/image-server/197x197/filters:fill(FFF,true):format(jpg)/d2lnr5mha7bycj.cloudfront.net/product-image/file/large_1487f964-3344-45dd-8bf5-4c2b41a78297.jpg,"
Sam's Club,Lunch Mate Rotisserie Chicken Breast,$3.85,,,9 oz,[],Many in stock,"https://www.instacart.com/image-server/197x197/filters:fill(FFF,true):format(jpg)/d2lnr5mha7bycj.cloudfront.net/product-image/file/large_eaf4ac9b-270a-4bdc-b5a9-ef9dec6cde51.jpg,"
Sam's Club,Aldi Oven Roasted Classic Turkey,$3.55,,,8 oz,[],,"https://www.instacart.com/image-server/197x197/filters:fill(FFF,true):format(jpg)/d2lnr5mha7bycj.cloudfront.net/product-image/file/large_ef231d8a-5029-4de6-9c73-36f9b9e187e8.jpg,"
Sam's Club,Deli Sliced Buffalo Chicken,$3.55,,,8 oz,[],Many in stock,"https://www.instacart.com/image-server/197x197/filters:fill(FFF,true):format(jpg)/d2lnr5mha7bycj.cloudfront.net/product-image/file/large_d170ba96-0142-453e-bf70-52d7d970d27c.jpg,"
Sam's Club,Mama Cozzi's Pizza Kitchen Sliced Turkey Pepperoni,$2.75,,,5 oz,[],Many in stock,"https://www.instacart.com/image-server/197x197/filters:fill(FFF,true):format(jpg)/d2lnr5mha7bycj.cloudfront.net/product-image/file/large_c29a93cc-4cde-45f2-b244-adc986d39478.jpg,"
Sam's Club,Lunch Mate Uncured Smoked Ham,$3.85,,,9 oz,[],Many in stock,"https://www.instacart.com/image-server/197x197/filters:fill(FFF,true):format(jpg)/d2lnr5mha7bycj.cloudfront.net/product-image/file/large_d3cac6c2-f79c-472d-a2e1-0360ff1e66ed.jpg,"
Sam's Club,Lunch Mate Honey Smoked Turkey Breast,$3.85,,,9 oz,[],,"https://www.instacart.com/image-server/197x197/filters:fill(FFF,true):format(jpg)/d2lnr5mha7bycj.cloudfront.net/product-image/file/large_d3ba7a8e-7345-4260-80fe-c373fede395d.jpg,"
Sam's Club,Appleton Farms Boneless Spiral Sliced Ham,$14.92,each (est.),$3.99 / lb,About 3.74 lb each,[],,"https://www.instacart.com/image-server/197x197/filters:fill(FFF,true):format(jpg)/d2lnr5mha7bycj.cloudfront.net/product-image/file/large_2f939c6b-7b63-40bc-988b-73596de2fbed.jpg,"
Sam's Club,Simply Nature Organic Oven Roasted Turkey,$5.65,,,6 oz,[],Many in stock,"https://www.instacart.com/image-server/197x197/filters:fill(FFF,true):format(jpg)/d2lnr5mha7bycj.cloudfront.net/product-image/file/large_b886e095-0543-432c-95d7-626bb2f1a602.jpg,"
Sam's Club,Lunch Mate Family Size Roast Beef,$5.75,,,14 oz,[],Many in stock,"https://www.instacart.com/image-server/197x197/filters:fill(FFF,true):format(jpg)/d2lnr5mha7bycj.cloudfront.net/product-image/file/large_f062cd24-f614-4429-b33b-573ec71da97d.jpg,"
Sam's Club,Lunch Mate Honey Smoked Turkey Breast in Pillow Pack,$5.29,,,16 oz,[],,"https://www.instacart.com/image-server/197x197/filters:fill(FFF,true):format(jpg)/d2lnr5mha7bycj.cloudfront.net/product-image/file/large_eb1b68ff-9661-403d-b965-7ac6c5eef0d4.jpg,"
Sam's Club,Deutsche KÃ¼che Braunschweiger,$2.75,,,16 oz,[],Many in stock,"https://www.instacart.com/image-server/197x197/filters:fill(FFF,true):format(jpg)/d2lnr5mha7bycj.cloudfront.net/product-image/file/large_8dd2ac46-be20-4dc1-bcba-908f22029ea1.jpg,"
Sam's Club,Appleton Farms Biscuit Ham Slices,$3.75,,,12 oz,[],,"https://www.instacart.com/image-server/197x197/filters:fill(FFF,true):format(jpg)/d2lnr5mha7bycj.cloudfront.net/product-image/file/large_3835c13e-fac8-47d9-ba65-8fa851fdc94b.jpg,"
Sam's Club,Lunch Mate Honey Ham,$5.29,,,16 oz,[],Many in stock,"https://www.instacart.com/image-server/197x197/filters:fill(FFF,true):format(jpg)/d2lnr5mha7bycj.cloudfront.net/product-image/file/large_5921c146-2be7-4fd7-ac8b-5f2544512771.jpg,"
Sam's Club,Appleton Farms Prosciutto,$4.19,,,4 oz,[],Many in stock,"https://www.instacart.com/image-server/197x197/filters:fill(FFF,true):format(jpg)/d2lnr5mha7bycj.cloudfront.net/product-image/file/large_6f3f64cd-4ed8-4513-b8ef-0b601f8a79cd.jpg,"
Sam's Club,Simply Nature Organic Smoked Turkey,$5.65,,,6 oz,[],Many in stock,"https://www.instacart.com/image-server/197x197/filters:fill(FFF,true):format(jpg)/d2lnr5mha7bycj.cloudfront.net/product-image/file/large_099e5179-8f17-49d4-b718-4b45cffe1f0d.jpg,"
Sam's Club,Lunch Mate Oven Roasted Turkey Breast in Pillow Pack,$5.29,,,16 oz,[],Many in stock,"https://www.instacart.com/image-server/197x197/filters:fill(FFF,true):format(jpg)/d2lnr5mha7bycj.cloudfront.net/product-image/file/large_a6a33176-187c-422e-a062-4728c18ddb39.jpg,"
Sam's Club,Priano Prosciutto Italiano,$3.85,,,3 oz,[],Many in stock,"https://www.instacart.com/image-server/197x197/filters:fill(FFF,true):format(jpg)/d2lnr5mha7bycj.cloudfront.net/product-image/file/large_cd5fe240-7a52-41ef-bcd0-4f56a51e640b.jpg,"
Sam's Club,Lunch Mate Mesquite Turkey Breast,$3.85,,,9 oz,[],Many in stock,"https://www.instacart.com/image-server/197x197/filters:fill(FFF,true):format(jpg)/d2lnr5mha7bycj.cloudfront.net/product-image/file/large_200a890b-a1ad-49b8-b53b-35003958918c.jpg,"
Sam's Club,Lunch Mate Oven Roasted Chicken Breast,$5.29,,,16 oz,[],,"https://www.instacart.com/image-server/197x197/filters:fill(FFF,true):format(jpg)/d2lnr5mha7bycj.cloudfront.net/product-image/file/large_6ce82850-657e-412b-b7dd-0e1ae072c17f.jpg,"
Sam's Club,Priano Parma Salami and Smoked Provolne Tray,$3.09,,,2.5 oz,[],,"https://www.instacart.com/image-server/197x197/filters:fill(FFF,true):format(jpg)/d2lnr5mha7bycj.cloudfront.net/product-image/file/large_d1a73838-d05f-4a62-a7b5-92142d4dc086.jpg,"
Sam's Club,Never Any! Antibiotic Free Sliced Honey Smoked Uncured Ham,$9.43,each (est.),$4.49 / lb,About 2.1 lb each,[],,"https://www.instacart.com/image-server/197x197/filters:fill(FFF,true):format(jpg)/d2lnr5mha7bycj.cloudfront.net/product-image/file/large_29d13f34-2752-449e-9a37-babf9bb3de42.jpg,"
Sam's Club,Lunch Mate 1lb Smoked Ham,$5.25,,,16 oz,[],Many in stock,"https://www.instacart.com/image-server/197x197/filters:fill(FFF,true):format(jpg)/d2lnr5mha7bycj.cloudfront.net/product-image/file/large_21649d12-ee6e-4a5a-9b69-005424a25a0d.jpg,"
Sam's Club,Lunch Mate Uncured Honey Ham,$3.85,,,9 oz,[],Many in stock,"https://www.instacart.com/image-server/197x197/filters:fill(FFF,true):format(jpg)/d2lnr5mha7bycj.cloudfront.net/product-image/file/large_836d9925-8ae2-4664-8a11-52bc56eb8d3f.jpg,"
Sam's Club,Lunch Mate Family Size Lower Sodium Smoked Honey Ham in Lunch Meat Tub,$6.05,,,16 oz,[],,"https://www.instacart.com/image-server/197x197/filters:fill(FFF,true):format(jpg)/d2lnr5mha7bycj.cloudfront.net/product-image/file/large_2fc51b58-5c32-4996-952a-147aacd06e61.jpg,"
Sam's Club,Simply Nature Organic Black Forest Ham,$4.65,,,6 oz,[],Many in stock,"https://www.instacart.com/image-server/197x197/filters:fill(FFF,true):format(jpg)/d2lnr5mha7bycj.cloudfront.net/product-image/file/large_43acdb37-9db8-459d-a024-7e32d180081d.jpg,"
Sam's Club,Priano Salalme Italiano,$3.85,,,3 oz,[],,"https://www.instacart.com/image-server/197x197/filters:fill(FFF,true):format(jpg)/d2lnr5mha7bycj.cloudfront.net/product-image/file/large_d3471592-0ec7-4428-8cb7-c23294fc2318.jpg,"
Sam's Club,Lunch Mate Smoked Ham,$5.29,,,16 oz,[],,"https://www.instacart.com/image-server/197x197/filters:fill(FFF,true):format(jpg)/d2lnr5mha7bycj.cloudfront.net/product-image/file/large_4c05d8c9-9fad-44e4-84a9-365a8669ce9f.jpg,"
Sam's Club,Specially Selected Panino Tray,$12.09,,,18 oz,[],Many in stock,"https://www.instacart.com/image-server/197x197/filters:fill(FFF,true):format(jpg)/d2lnr5mha7bycj.cloudfront.net/product-image/file/large_c6fd936d-196b-4576-9e04-c358e71d851e.jpg,"
Sam's Club,Appleton Farms Bite Size Original Salami,$7.15,,,8 oz,[],,"https://www.instacart.com/image-server/197x197/filters:fill(FFF,true):format(jpg)/d2lnr5mha7bycj.cloudfront.net/product-image/file/large_de27bce7-2460-4c1c-a122-924d14fabf2e.jpg,"
Sam's Club,Simply Nature Organic Honey Ham,$4.65,,,6 oz,[],Many in stock,"https://www.instacart.com/image-server/197x197/filters:fill(FFF,true):format(jpg)/d1s8987jlndkbs.cloudfront.net/assets/missing-item-4bbe82b8555e4d1c12626fd482cb2409713e8e30835645ff3650ef66a725d03c.png,"
Sam's Club,Appleton Farms Bite Size Spicy Salami,$7.15,,,8 oz,[],,"https://www.instacart.com/image-server/197x197/filters:fill(FFF,true):format(jpg)/d2lnr5mha7bycj.cloudfront.net/product-image/file/large_ed6d3189-ae91-4c00-a0e1-43d47bf679f0.jpg,"
