Store,Item Name,Price,Units,Unit Price,Amount,Tags,In Stock,Image
Sam's Club,"Bananas, 3 lbs",$1.85,,,,[],,"https://www.instacart.com/image-server/197x197/filters:fill(FFF,true):format(jpg)/d2lnr5mha7bycj.cloudfront.net/product-image/file/large_ca678f73-584f-4716-814d-4cd0602b4adb.jpeg,"
Sam's Club,"Kirkland Signature Purified Drinking Water, 16.9 fl oz, 40-count",$4.96,,,40 ct,[],Many in stock,"https://www.instacart.com/image-server/197x197/filters:fill(FFF,true):format(jpg)/d2lnr5mha7bycj.cloudfront.net/product-image/file/large_952fb0b5-0ca2-4433-b5ad-b86d71b209e7.jpeg,"
Sam's Club,Kirkland Signature Rotisserie Chicken,$6.21,,,1 each,[],,"https://www.instacart.com/image-server/197x197/filters:fill(FFF,true):format(jpg)/d2lnr5mha7bycj.cloudfront.net/product-image/file/large_bf53764f-5a52-435e-8491-49adc1c6bab4.jpeg,"
Sam's Club,"Liquid I.V. Sugar-Free Hydration Multiplier, Lemon Lime, 24-count",$36.06,,,,['Zero Sugar'],Many in stock,"https://www.instacart.com/image-server/197x197/filters:fill(FFF,true):format(jpg)/d2lnr5mha7bycj.cloudfront.net/product-image/file/large_250d6968-ae0d-4318-9795-ee91e75f958e.jpeg,"
Sam's Club,"Tide Pods with Ultra Oxi HE Laundry Detergent Pods, 104-count",$33.08,,,"★★★★★
★★★★★
(188)",[],Many in stock,"https://www.instacart.com/image-server/197x197/filters:fill(FFF,true):format(jpg)/d2lnr5mha7bycj.cloudfront.net/product-image/file/large_f3077e05-1faf-42a4-9a9d-5171fb792d15.jpeg,"
Sam's Club,"Kirkland Signature Bath Tissue, 2-Ply, 380 Sheets, 30 Rolls",$24.25,,,,[],Many in stock,"https://www.instacart.com/image-server/197x197/filters:fill(FFF,true):format(jpg)/d2lnr5mha7bycj.cloudfront.net/product-image/file/large_7ce9b522-ac6f-41e2-b417-09797c609a58.jpeg,"
Sam's Club,"Kirkland Signature Eggs, Large, 24-count",$5.96,,,,['Cage-Free'],Many in stock,"https://www.instacart.com/image-server/197x197/filters:fill(FFF,true):format(jpg)/d2lnr5mha7bycj.cloudfront.net/product-image/file/large_2fee8b61-6f4d-47b3-bed7-c4728c5c8309.jpeg,"
Sam's Club,"Kirkland Signature Butter Croissants, 12-count",$7.45,,,,[],Many in stock,"https://www.instacart.com/image-server/197x197/filters:fill(FFF,true):format(jpg)/d2lnr5mha7bycj.cloudfront.net/product-image/file/large_4ce482c1-5509-4122-9dcf-5c70f6b702e2.jpeg,"
Sam's Club,"Celsius Sparkling Energy Drink, Variety Pack, 12 fl oz, 18-count",$29.72,,,,[],Many in stock,"https://www.instacart.com/image-server/197x197/filters:fill(FFF,true):format(jpg)/d2lnr5mha7bycj.cloudfront.net/product-image/file/large_126c4673-914f-4bb4-94a0-f7d61be167bd.jpeg,"
Sam's Club,"Post, Honey Bunches of Oats with Almonds Cereal, 50 oz",$9.38,,,,[],Many in stock,"https://www.instacart.com/image-server/197x197/filters:fill(FFF,true):format(jpg)/d2lnr5mha7bycj.cloudfront.net/product-image/file/large_355680b1-23a6-4f80-9224-b4b88ce4cf24.jpeg,"
Sam's Club,"Kirkland Signature Whole Mlik, 1 gal",$3.97,,,,[],Many in stock,"https://www.instacart.com/image-server/197x197/filters:fill(FFF,true):format(jpg)/d2lnr5mha7bycj.cloudfront.net/product-image/file/large_b6cf9738-5d6b-4896-ae18-5d75d6fd3f30.jpeg,"
Sam's Club,"Organic Baby Spinach, 1 lb",$5.34,,,1 each,['Organic'],Many in stock,"https://www.instacart.com/image-server/197x197/filters:fill(FFF,true):format(jpg)/d2lnr5mha7bycj.cloudfront.net/product-image/file/large_b937ac32-0a90-4ab7-a03d-901d5382e5f3.jpeg,"
Sam's Club,"Kirkland Signature Organic Greek Yogurt, 48 oz",$7.45,,,,['Organic'],Many in stock,"https://www.instacart.com/image-server/197x197/filters:fill(FFF,true):format(jpg)/d2lnr5mha7bycj.cloudfront.net/product-image/file/large_999918cc-5d71-4b48-9bc9-f0fd5725bf1d.jpeg,"
Sam's Club,"Kodiak Cakes Power Cakes Flapjack and Waffle Mix, 72 oz",$15.91,,,,['Whole Grain'],Many in stock,"https://www.instacart.com/image-server/197x197/filters:fill(FFF,true):format(jpg)/d2lnr5mha7bycj.cloudfront.net/product-image/file/large_dcd4b1f5-54ce-404b-ab60-f9ff8f6236bb.jpg,"
Sam's Club,"Kellogg's Eggo Waffles, Homestyle, 72-count",$14.79,,,6 ct,[],,"https://www.instacart.com/image-server/197x197/filters:fill(FFF,true):format(jpg)/d2lnr5mha7bycj.cloudfront.net/product-image/file/large_b3f116a7-8c09-4997-985a-04f2191d09eb.jpeg,"
Sam's Club,"Kirkland Signature Mini Chocolate Chip Cookies, 60-count",$12.43,,,,[],Many in stock,"https://www.instacart.com/image-server/197x197/filters:fill(FFF,true):format(jpg)/d2lnr5mha7bycj.cloudfront.net/product-image/file/large_9849d9f8-b25f-40fb-b554-ee820e95ffef.jpeg,"
Sam's Club,"Sabatasso's Pizza Singles, Variety Pack, 12-count",$15.54,,,12 ct,[],Many in stock,"https://www.instacart.com/image-server/197x197/filters:fill(FFF,true):format(jpg)/d2lnr5mha7bycj.cloudfront.net/product-image/file/large_dbff28f0-5277-40ad-8c34-d2c626159523.jpeg,"
Sam's Club,"Kirkland Signature Organic Broccoli Florets, 1 lb, 4-count",$11.18,,,4 ct,['Organic'],Many in stock,"https://www.instacart.com/image-server/197x197/filters:fill(FFF,true):format(jpg)/d2lnr5mha7bycj.cloudfront.net/product-image/file/large_c9dcb130-b27e-46f3-966f-048b2d3ed440.jpeg,"
Sam's Club,"Kellogg's Nutri-Grain Bars, 1.3 oz, 64-count",$21.14,,,64 ct,[],Many in stock,"https://www.instacart.com/image-server/197x197/filters:fill(FFF,true):format(jpg)/d2lnr5mha7bycj.cloudfront.net/product-image/file/large_0b9f20d4-74ae-4651-b143-f9b5df214917.jpeg,"
Sam's Club,"Bounty Advanced Paper Towels, 2-Ply, 101 Sheets, 12-count",$31.09,,,"★★★★★
★★★★★
(7.56K)",[],Many in stock,"https://www.instacart.com/image-server/197x197/filters:fill(FFF,true):format(jpg)/d2lnr5mha7bycj.cloudfront.net/product-image/file/large_f25fa8ea-8f5a-4d8b-bb49-cefef7e89fb8.jpeg,"
Sam's Club,"Kirkland Signature Flex-Tech 13-Gallon Kitchen Trash Bag, 200-count",$20.89,,,200 ct,[],Many in stock,"https://www.instacart.com/image-server/197x197/filters:fill(FFF,true):format(jpg)/d2lnr5mha7bycj.cloudfront.net/product-image/file/large_e83604e3-a2fc-477b-b01c-8df84d66bff1.jpeg,"
Sam's Club,"Frito Lay Classic Mix, 1 oz, Variety Pack, 54-count",$24.74,,,,[],Many in stock,"https://www.instacart.com/image-server/197x197/filters:fill(FFF,true):format(jpg)/d2lnr5mha7bycj.cloudfront.net/product-image/file/large_228db2f3-2d02-4531-9996-5c2186a10c26.jpeg,"
Sam's Club,"Dixie Ultra Ultra Paper Plate, ""10 1/16"", 186 ct",$24.87,,,"★★★★★
★★★★★
(898)",[],Many in stock,"https://www.instacart.com/image-server/197x197/filters:fill(FFF,true):format(jpg)/d2lnr5mha7bycj.cloudfront.net/product-image/file/large_3896998a-a075-4ac1-8a34-4fa7f0350c6d.jpeg,"
Sam's Club,"Downy Ultra Concentrated HE Fabric Softener, April Fresh, 251 Loads, 170 fl oz",$16.42,,,170 fl oz,['Fresh'],,"https://www.instacart.com/image-server/197x197/filters:fill(FFF,true):format(jpg)/d2lnr5mha7bycj.cloudfront.net/product-image/file/large_68597bcf-c08a-46d2-9007-b7c8934e6dd8.jpeg,"
Sam's Club,"S&W, Organic Black Beans, 15 oz, 8-Count",$10.56,,,8 ct,['Organic'],Many in stock,"https://www.instacart.com/image-server/197x197/filters:fill(FFF,true):format(jpg)/d2lnr5mha7bycj.cloudfront.net/product-image/file/large_25320162-aa06-4cb6-970b-94c5ecf99c8d.jpeg,"
Sam's Club,"Kirkland Signature Lightly Breaded Chicken Breast Chunks, 4 lbs",$17.40,,,,[],Many in stock,"https://www.instacart.com/image-server/197x197/filters:fill(FFF,true):format(jpg)/d2lnr5mha7bycj.cloudfront.net/product-image/file/large_0be14333-6261-4ae6-be63-7daa41769c24.jpeg,"
Sam's Club,"Rao's Marinara Sauce, 28 oz, 2-count",$14.92,,,2 ct,[],Many in stock,"https://www.instacart.com/image-server/197x197/filters:fill(FFF,true):format(jpg)/d2lnr5mha7bycj.cloudfront.net/product-image/file/large_815eacc9-4c11-47c3-a3dc-ae877d5b2480.jpeg,"
Sam's Club,"Kirkland Signature Sparkling Water, Variety Pack, 12 fl oz, 35-count",$13.67,,,12 fl oz,[],Many in stock,"https://www.instacart.com/image-server/197x197/filters:fill(FFF,true):format(jpg)/d2lnr5mha7bycj.cloudfront.net/product-image/file/large_3bf8a46e-1aff-42e0-91ec-49867072fb2e.jpeg,"
Sam's Club,"Pure Organic Layered Fruit Bars, Variety Pack, 0.63 oz, 28-count",$16.16,,,"★★★★★
★★★★★
(12)",['Organic'],Many in stock,"https://www.instacart.com/image-server/197x197/filters:fill(FFF,true):format(jpg)/d2lnr5mha7bycj.cloudfront.net/product-image/file/large_03f646f4-348e-4068-b18e-048843ff2163.jpeg,"
Sam's Club,"Krusteaz, Complete Buttermilk Pancake Mix, 10 lbs",$9.94,,,"★★★★★
★★★★★
(56)",[],Many in stock,"https://www.instacart.com/image-server/197x197/filters:fill(FFF,true):format(jpg)/d2lnr5mha7bycj.cloudfront.net/product-image/file/large_5d0847b5-9a98-47f6-8fc5-810975b8a91b.jpeg,"
Sam's Club,"Kirkland Signature Organic Blueberries, 3 lbs",$9.69,,,,[],Many in stock,"https://www.instacart.com/image-server/197x197/filters:fill(FFF,true):format(jpg)/d2lnr5mha7bycj.cloudfront.net/product-image/file/large_67ff9c3e-8794-4260-9bd8-1e36f322190d.jpeg,"
Sam's Club,"Kirkland Signature Grass-Fed Butter, 8 oz, 4-count",$12.43,,,4 ct,[],Many in stock,"https://www.instacart.com/image-server/197x197/filters:fill(FFF,true):format(jpg)/d2lnr5mha7bycj.cloudfront.net/product-image/file/large_a6ee0093-0175-4d19-987b-520ce06c67d7.jpeg,"
Sam's Club,"Liquid I.V. Hydration Multiplier 30 Individual Serving Stick Packs in Resealable Pouch, Golden",$36.06,,,,[],Many in stock,"https://www.instacart.com/image-server/197x197/filters:fill(FFF,true):format(jpg)/d2lnr5mha7bycj.cloudfront.net/product-image/file/large_4981a992-826c-43ff-9ac8-57ea587ae2c8.jpeg,"
Sam's Club,"Downy Fresh Protect In-Wash Odor Defense Scent Beads, April Fresh, 34 oz",$22.01,,,"★★★★★
★★★★★
(1.83K)",[],Many in stock,"https://www.instacart.com/image-server/197x197/filters:fill(FFF,true):format(jpg)/d2lnr5mha7bycj.cloudfront.net/product-image/file/large_abfb8f53-a5d2-4c2b-b8cb-1a067e18b8ff.jpeg,"
Sam's Club,"Kirkland Signature, Organic Extra Virgin Olive Oil, 2 L",$27.36,,,,['Organic'],Many in stock,"https://www.instacart.com/image-server/197x197/filters:fill(FFF,true):format(jpg)/d2lnr5mha7bycj.cloudfront.net/product-image/file/large_350df0bd-ee66-492a-8f71-2a5d84f16fa1.jpeg,"
Sam's Club,"Kirkland Signature, Organic Coconut Water, 11.1 fl oz, 12-count",$13.67,,,11.1 fl oz,['Organic'],Many in stock,"https://www.instacart.com/image-server/197x197/filters:fill(FFF,true):format(jpg)/d2lnr5mha7bycj.cloudfront.net/product-image/file/large_044be793-9071-4fb6-97e5-639ecc67c689.jpeg,"
Sam's Club,"Kirkland Signature, Organic Applesauce, 3.17 oz, 24-Count",$12.43,,,24 ct,['Organic'],Many in stock,"https://www.instacart.com/image-server/197x197/filters:fill(FFF,true):format(jpg)/d2lnr5mha7bycj.cloudfront.net/product-image/file/large_0500ff28-c23f-4f8a-8b00-536316413a05.jpeg,"
Sam's Club,"Neutrogena Makeup Remover & Hydro Boost Ultra-Soft Cleansing Towelettes, 139-count",$27.36,,,,[],Many in stock,"https://www.instacart.com/image-server/197x197/filters:fill(FFF,true):format(jpg)/d2lnr5mha7bycj.cloudfront.net/product-image/file/large_7983ae88-735b-49fb-b332-aa4879b78887.jpeg,"
Sam's Club,"Tru Fru Milk Chocolate Strawberries, 20 oz",$13.67,,,,['Gluten-Free'],Many in stock,"https://www.instacart.com/image-server/197x197/filters:fill(FFF,true):format(jpg)/d2lnr5mha7bycj.cloudfront.net/product-image/file/large_fb3c300c-b352-4d5c-8b35-d94e03ee1de3.jpeg,"
Sam's Club,"Kirkland Signature Organic Peanut Butter, 28 oz, 2-count",$13.67,,,2 ct,['Organic'],Many in stock,"https://www.instacart.com/image-server/197x197/filters:fill(FFF,true):format(jpg)/d2lnr5mha7bycj.cloudfront.net/product-image/file/large_10a64634-0bc8-4750-9466-7e58110450a8.jpeg,"
Sam's Club,"King's Hawaiian, Hawaiian Sweet Rolls, 2 Pack, 16-count",$8.07,,,,[],Many in stock,"https://www.instacart.com/image-server/197x197/filters:fill(FFF,true):format(jpg)/d2lnr5mha7bycj.cloudfront.net/product-image/file/large_64a245a4-58a1-4ecd-b12a-0be605853856.jpeg,"
Sam's Club,"Kirkland Signature Chicken Street Tacos, 12-count",$17.88,/pkg (est.),$6.21 / lb,About 2.88 lb / package,[],,"https://www.instacart.com/image-server/197x197/filters:fill(FFF,true):format(jpg)/d2lnr5mha7bycj.cloudfront.net/product-image/file/large_cb949295-3be5-4112-b26c-72120f61b20f.jpeg,"
Sam's Club,"Always Ultra Thin Advanced Overnight Pads, 76-count",$19.27,,,"★★★★★
★★★★★
(887)","['Maximum Absorbency', 'Thin']",Many in stock,"https://www.instacart.com/image-server/197x197/filters:fill(FFF,true):format(jpg)/d2lnr5mha7bycj.cloudfront.net/product-image/file/large_75322cd3-a6e6-4ceb-b197-7bbbf918a26d.jpeg,"
Sam's Club,"Kirkland Signature, Organic Chicken Stock, 32 fl oz, 6-Count",$12.43,,,6 ct,['Organic'],Many in stock,"https://www.instacart.com/image-server/197x197/filters:fill(FFF,true):format(jpg)/d2lnr5mha7bycj.cloudfront.net/product-image/file/large_e7da2921-ff7e-4745-96c0-acb7a02e08af.jpeg,"
Sam's Club,"Starbucks Bacon & Cheese Egg Bites, 21 oz",$18.40,,,,[],Many in stock,"https://www.instacart.com/image-server/197x197/filters:fill(FFF,true):format(jpg)/d2lnr5mha7bycj.cloudfront.net/product-image/file/large_ab332fea-54a0-42d2-845f-10d24c7c3312.jpeg,"
Sam's Club,"Kirkland Signature Shredded Mexican Style Blend Cheese, 2.5 lbs, 2-count",$16.78,,,2 ct,['Keto'],Many in stock,"https://www.instacart.com/image-server/197x197/filters:fill(FFF,true):format(jpg)/d2lnr5mha7bycj.cloudfront.net/product-image/file/large_bf0d8c4d-4f83-4e1d-8a9b-02c7c860376b.jpeg,"
Sam's Club,"Dave's Killer Bread Organic 21 Whole Grain, 27 oz, 2-count",$10.56,,,2 ct,['Organic'],Many in stock,"https://www.instacart.com/image-server/197x197/filters:fill(FFF,true):format(jpg)/d2lnr5mha7bycj.cloudfront.net/product-image/file/large_1dfdb391-56e9-4a1d-bb96-f2ca1f4a55ce.jpeg,"
Sam's Club,"Vital Proteins Collagen Peptides, Unflavored, 1.5 lbs",$39.80,,,"★★★★★
★★★★★
(7.56K)",[],Many in stock,"https://www.instacart.com/image-server/197x197/filters:fill(FFF,true):format(jpg)/d2lnr5mha7bycj.cloudfront.net/product-image/file/large_4a7c9101-1e3d-4111-b841-bd4b6e6adfd8.jpeg,"
Sam's Club,"Thomas' Original Nooks and Crannies English Muffin, 18 ct",$8.70,,,2 ct,[],Many in stock,"https://www.instacart.com/image-server/197x197/filters:fill(FFF,true):format(jpg)/d2lnr5mha7bycj.cloudfront.net/product-image/file/large_0e6b9178-f6af-4a73-95d1-32030f703a4a.jpeg,"
Sam's Club,"Chosen Foods Avocado Oil Classic Mayo, 32 fl oz",$11.07,,,,[],Many in stock,"https://www.instacart.com/image-server/197x197/filters:fill(FFF,true):format(jpg)/d2lnr5mha7bycj.cloudfront.net/product-image/file/large_96909e1f-9123-4cdf-ab95-33158624376a.jpeg,"
Sam's Club,"La Boulangere French Brioche Sliced Bread, 15.87 oz, 2-count",$13.05,,,2 ct,[],Many in stock,"https://www.instacart.com/image-server/197x197/filters:fill(FFF,true):format(jpg)/d2lnr5mha7bycj.cloudfront.net/product-image/file/large_11d70002-5dab-4b80-952a-346c1eb34cfd.jpeg,"
Sam's Club,"Air Wick Scented Oils, 1 Warmer + 9 Refills",$22.38,,,1 Set,[],Many in stock,"https://www.instacart.com/image-server/197x197/filters:fill(FFF,true):format(jpg)/d2lnr5mha7bycj.cloudfront.net/product-image/file/large_80efee43-d20e-4841-8f90-336c0ee9b9c0.jpeg,"
Sam's Club,"Oral-B Glide Complete with Scope Outlast Dental Floss Picks, Mint",$11.94,,,300 ct,[],,"https://www.instacart.com/image-server/197x197/filters:fill(FFF,true):format(jpg)/d2lnr5mha7bycj.cloudfront.net/product-image/file/large_ae33764a-b27a-4eab-a83d-9faca515bc2b.jpeg,"
Sam's Club,"La Boulangere Chocolate Croissants, 25.4 oz",$10.93,,,,[],Many in stock,"https://www.instacart.com/image-server/197x197/filters:fill(FFF,true):format(jpg)/d2lnr5mha7bycj.cloudfront.net/product-image/file/large_c8248d58-3f4e-4bd9-afde-86973827fe1c.jpeg,"
Sam's Club,Pantene Multi-Tasker 10 Shampoo 38.2 fl oz,$17.40,,,,[],Many in stock,"https://www.instacart.com/image-server/197x197/filters:fill(FFF,true):format(jpg)/d2lnr5mha7bycj.cloudfront.net/product-image/file/large_e2324011-4387-4c5b-befc-30a1585443e6.jpeg,"
Sam's Club,"Clf Kid Organic Zbar Variety, 36 x 1.27 oz",$27.23,,,36 ct,['Organic'],Many in stock,"https://www.instacart.com/image-server/197x197/filters:fill(FFF,true):format(jpg)/d2lnr5mha7bycj.cloudfront.net/product-image/file/large_460d481e-6e32-47e4-a1f6-7b7857c7b50a.jpeg,"
Sam's Club,"Lysol HE Laundry Sanitizer, Crisp Linen, 150 fl oz",$21.01,,,,['Linen'],Many in stock,"https://www.instacart.com/image-server/197x197/filters:fill(FFF,true):format(jpg)/d2lnr5mha7bycj.cloudfront.net/product-image/file/large_370c6bcb-7794-4ce8-84fa-52331215febc.jpeg,"
Sam's Club,"Febreze Air Refresher, Variety Pack, 8.8 oz, 4-count",$11.94,,,,[],Many in stock,"https://www.instacart.com/image-server/197x197/filters:fill(FFF,true):format(jpg)/d2lnr5mha7bycj.cloudfront.net/product-image/file/large_086e3379-a70a-4ebf-b448-8199d19f5b3b.jpeg,"
Sam's Club,"Gatorade Thirst Quencher, Fruit Punch + Berry/Glacier Freeze/Blue Cherry",$19.52,,,12 fl oz,[],Many in stock,"https://www.instacart.com/image-server/197x197/filters:fill(FFF,true):format(jpg)/d2lnr5mha7bycj.cloudfront.net/product-image/file/large_e6444f4e-c801-4dd4-b5d0-42edb4f68e3a.jpeg,"
Sam's Club,Amara Organic Yogurt Smoothie Melts 4 (1 oz.) Bags Per Box,$17.40,,,4 ct,['Organic'],Many in stock,"https://www.instacart.com/image-server/197x197/filters:fill(FFF,true):format(jpg)/d2lnr5mha7bycj.cloudfront.net/product-image/file/large_d289f945-7591-4133-a051-a4334721b43a.jpeg,"
Sam's Club,"Capri Sun, Fruit Flavored Juice Drink Blend, Variety Pack, 6 fl oz, 40-Count",$12.30,,,40 ct,[],,"https://www.instacart.com/image-server/197x197/filters:fill(FFF,true):format(jpg)/d2lnr5mha7bycj.cloudfront.net/product-image/file/large_d38d5b4d-2d08-47f4-b1cb-c3a9d910bba5.jpeg,"
Sam's Club,"Tampax Pearl Advanced Grip Tampons Regular, 96-count",$20.51,,,"★★★★★
★★★★★
(4.84K)","['Regular Absorbency', 'FSA/HSA']",Many in stock,"https://www.instacart.com/image-server/197x197/filters:fill(FFF,true):format(jpg)/d2lnr5mha7bycj.cloudfront.net/product-image/file/large_e78a155a-1832-41dc-8ed6-4e64993a5fd9.jpeg,"
Sam's Club,"Vanity Fair Everyday Napkin, 2-Ply, 110-count, 6-pack",$13.98,,,"★★★★★
★★★★★
(124)",[],Many in stock,"https://www.instacart.com/image-server/197x197/filters:fill(FFF,true):format(jpg)/d2lnr5mha7bycj.cloudfront.net/product-image/file/large_64a56f6a-cd4e-4188-b86e-8b2b0c490ab2.jpeg,"
Sam's Club,"Nescafé Taster's Choice Instant Coffee, House Blend, 14 oz",$18.55,,,"★★★★★
★★★★★
(141)",[],Many in stock,"https://www.instacart.com/image-server/197x197/filters:fill(FFF,true):format(jpg)/d2lnr5mha7bycj.cloudfront.net/product-image/file/large_ec84f643-7127-4c40-9dcf-1ab8050b3407.jpeg,"
Sam's Club,"Lubriderm Daily Moisture Lotion, Fragrance Free 24 fl oz, 2-count + 6 fl oz Travel Size",$20.04,,,24 fl oz,[],Many in stock,"https://www.instacart.com/image-server/197x197/filters:fill(FFF,true):format(jpg)/d2lnr5mha7bycj.cloudfront.net/product-image/file/large_541aa0da-3a06-4016-9d1c-c75e7508f3fa.jpeg,"
Sam's Club,"Reynolds Wrap Aluminum Foil, 2 x 250 sq ft",$28.48,,,,[],Many in stock,"https://www.instacart.com/image-server/197x197/filters:fill(FFF,true):format(jpg)/d2lnr5mha7bycj.cloudfront.net/product-image/file/large_1d9912a6-def3-4dac-8057-19bd5882c9fb.jpeg,"
Sam's Club,"OxiClean HE Powder Versatile Stain Remover, Max Efficiency, 9.28 lbs",$23.38,,,,[],Many in stock,"https://www.instacart.com/image-server/197x197/filters:fill(FFF,true):format(jpg)/d2lnr5mha7bycj.cloudfront.net/product-image/file/large_5112774d-486a-42ad-b70b-b9dbf65eb5a2.jpeg,"
Sam's Club,"Children's Motrin Dye-Free Berry Flavor Suspension, 12 Ounces",$16.16,,,"★★★★★
★★★★★
(492)",['FSA/HSA'],Many in stock,"https://www.instacart.com/image-server/197x197/filters:fill(FFF,true):format(jpg)/d2lnr5mha7bycj.cloudfront.net/product-image/file/large_00456126-04aa-42af-9ed0-55c67a06c64d.jpeg,"
Sam's Club,"Listerine UltraClean Coolmint Mouthwash, 1.5 Liter, 2-count",$18.03,,,2 ct,['Whitening'],,"https://www.instacart.com/image-server/197x197/filters:fill(FFF,true):format(jpg)/d2lnr5mha7bycj.cloudfront.net/product-image/file/large_7f865250-f3e5-4289-8ef0-e260c2391a05.jpeg,"
Sam's Club,"Strawberries, 2 lbs",$6.08,,,,[],Many in stock,"https://www.instacart.com/image-server/197x197/filters:fill(FFF,true):format(jpg)/d2lnr5mha7bycj.cloudfront.net/product-image/file/large_3ee55aaf-cf54-45d8-be5a-3cf6625211f0.jpeg,"
Sam's Club,"Organic Bananas, 3 lbs",$2.48,,,,"['Organic', 'Non-GMO']",,"https://www.instacart.com/image-server/197x197/filters:fill(FFF,true):format(jpg)/d2lnr5mha7bycj.cloudfront.net/product-image/file/large_5d61e1f1-9bfb-4bdd-8d54-8f585933ea66.jpeg,"
Sam's Club,"D'Anjou Pears, 4 lbs",$6.21,,,,[],Many in stock,"https://www.instacart.com/image-server/197x197/filters:fill(FFF,true):format(jpg)/d2lnr5mha7bycj.cloudfront.net/product-image/file/large_d6c37a88-c0dc-46d9-b5a2-a319ec7534d9.jpeg,"
Sam's Club,"Avocado Hass Variety, 6-count",$8.20,,,,[],Many in stock,"https://www.instacart.com/image-server/197x197/filters:fill(FFF,true):format(jpg)/d2lnr5mha7bycj.cloudfront.net/product-image/file/large_b231c1a8-f653-4bdc-a84f-52e80f1b8dd8.jpeg,"
Sam's Club,"Blueberries, 18 oz",$6.71,,,,[],Many in stock,"https://www.instacart.com/image-server/197x197/filters:fill(FFF,true):format(jpg)/d2lnr5mha7bycj.cloudfront.net/product-image/file/large_e719e25d-d7aa-4511-a4a6-53cf669c2a94.jpeg,"
Sam's Club,"Clementines, 5 lbs",$8.70,,,3 each,['Non-GMO'],Many in stock,"https://www.instacart.com/image-server/197x197/filters:fill(FFF,true):format(jpg)/d2lnr5mha7bycj.cloudfront.net/product-image/file/large_7ef170af-17a5-453b-a27d-0b8b1379d206.jpeg,"
Sam's Club,"Tru Fru Strawberries and Cream, 16 oz",$12.43,,,,[],,"https://www.instacart.com/image-server/197x197/filters:fill(FFF,true):format(jpg)/d2lnr5mha7bycj.cloudfront.net/product-image/file/large_f1525367-f891-4118-a545-e42e7abc10a7.jpeg,"
Sam's Club,"Disney Organic Apples Galas, 3 lbs",$5.59,,,,"['Non-GMO', 'Organic']",Many in stock,"https://www.instacart.com/image-server/197x197/filters:fill(FFF,true):format(jpg)/d2lnr5mha7bycj.cloudfront.net/product-image/file/large_ca1dfc1d-de00-4664-944a-e9677b988c40.jpeg,"
Sam's Club,"Honey Crisp Apples, 4 lbs",$7.95,,,,"['Non-GMO', 'Organic']",Many in stock,"https://www.instacart.com/image-server/197x197/filters:fill(FFF,true):format(jpg)/d2lnr5mha7bycj.cloudfront.net/product-image/file/large_f4bbadd5-55ab-4a14-ac2c-8799980befe7.jpeg,"
Sam's Club,"Organic Blueberries, 18 oz",$11.18,,,,"['Organic', 'Non-GMO']",Many in stock,"https://www.instacart.com/image-server/197x197/filters:fill(FFF,true):format(jpg)/d2lnr5mha7bycj.cloudfront.net/product-image/file/large_60dc7617-2c51-41f0-baed-eb4fcd9155cb.jpeg,"
Sam's Club,"Raspberries, 12 oz",$6.95,,,,[],Many in stock,"https://www.instacart.com/image-server/197x197/filters:fill(FFF,true):format(jpg)/d2lnr5mha7bycj.cloudfront.net/product-image/file/large_5e14d88e-f91d-4df9-baf2-eb1dd468d6f0.jpeg,"
Sam's Club,"Plums, 3 lbs",$7.20,,,"★★★★★
★★★★★
(583)",[],Many in stock,"https://www.instacart.com/image-server/197x197/filters:fill(FFF,true):format(jpg)/d2lnr5mha7bycj.cloudfront.net/product-image/file/large_488f7dad-277f-41bd-8aa6-09a2410816f0.jpeg,"
Sam's Club,"Yellow Nectarines, 3 lbs",$8.70,,,,[],Many in stock,"https://www.instacart.com/image-server/197x197/filters:fill(FFF,true):format(jpg)/d2lnr5mha7bycj.cloudfront.net/product-image/file/large_1b3e8953-626d-446b-bb83-ccf60120382d.jpeg,"
Sam's Club,"Blackberries, 12 oz",$3.72,,,,[],,"https://www.instacart.com/image-server/197x197/filters:fill(FFF,true):format(jpg)/d2lnr5mha7bycj.cloudfront.net/product-image/file/large_97e3ca32-739e-46be-9465-074e40598be2.jpeg,"
Sam's Club,Golden Pineapple,$2.48,,,,[],Many in stock,"https://www.instacart.com/image-server/197x197/filters:fill(FFF,true):format(jpg)/d2lnr5mha7bycj.cloudfront.net/product-image/file/large_5fd92fe5-eddf-4610-b2cb-649636f6e926.jpeg,"
Sam's Club,"Seedless Lemons, 5 lbs",$11.18,,,,['Non-GMO'],Many in stock,"https://www.instacart.com/image-server/197x197/filters:fill(FFF,true):format(jpg)/d2lnr5mha7bycj.cloudfront.net/product-image/file/large_e3d1ebb9-243b-4848-9081-3db04f84e900.jpeg,"
Sam's Club,"Fresh Cut Fruit Bowl, 3 lbs",$14.92,,,,[],Many in stock,"https://www.instacart.com/image-server/197x197/filters:fill(FFF,true):format(jpg)/d2lnr5mha7bycj.cloudfront.net/product-image/file/large_9b86ffb4-da27-4c70-920a-ebbd3b0363cb.jpeg,"
Sam's Club,"Cantaloupe, 2-count",$6.95,,,,[],Many in stock,"https://www.instacart.com/image-server/197x197/filters:fill(FFF,true):format(jpg)/d2lnr5mha7bycj.cloudfront.net/product-image/file/large_0903c89e-88a7-4557-add1-0e6fd1812717.jpeg,"
Sam's Club,"Cara cara Oranges, 5 lbs",$7.45,,,,[],Many in stock,"https://www.instacart.com/image-server/197x197/filters:fill(FFF,true):format(jpg)/d2lnr5mha7bycj.cloudfront.net/product-image/file/large_878b97b9-3bf8-4b46-91d1-12b732bbb784.jpeg,"
Sam's Club,"Envy Apples, 4 lbs",$7.45,,,,[],Many in stock,"https://www.instacart.com/image-server/197x197/filters:fill(FFF,true):format(jpg)/d2lnr5mha7bycj.cloudfront.net/product-image/file/large_b2b91181-f828-445e-87f3-2f4061b1a519.jpeg,"
Sam's Club,"Imported Naval Oranges, 8 lbs",$11.18,,,,[],Many in stock,"https://www.instacart.com/image-server/197x197/filters:fill(FFF,true):format(jpg)/d2lnr5mha7bycj.cloudfront.net/product-image/file/large_5a59aaf9-e469-492d-8613-65c00dbcf3dc.jpeg,"
Sam's Club,"Organic Green Kiwi, 4 lbs",$13.67,,,,['Organic'],Many in stock,"https://www.instacart.com/image-server/197x197/filters:fill(FFF,true):format(jpg)/d2lnr5mha7bycj.cloudfront.net/product-image/file/large_f7be1a5e-87bf-4690-b52e-6a6bd2c28c5f.jpeg,"
Sam's Club,"Wildtwist Apples, 4 lbs",$7.33,,,,[],Many in stock,"https://www.instacart.com/image-server/197x197/filters:fill(FFF,true):format(jpg)/d2lnr5mha7bycj.cloudfront.net/product-image/file/large_81efcc99-088b-4d62-9083-293761e8e4fb.jpeg,"
Sam's Club,"Hothouse Grown Strawberries, 1.75 lbs",$11.18,,,,[],,"https://www.instacart.com/image-server/197x197/filters:fill(FFF,true):format(jpg)/d2lnr5mha7bycj.cloudfront.net/product-image/file/large_201ebceb-173a-4a79-a888-96aa0d3f219b.jpeg,"
Sam's Club,"Organic Raspberries, 12 oz",$9.94,,,,"['Organic', 'Non-GMO']",,"https://www.instacart.com/image-server/197x197/filters:fill(FFF,true):format(jpg)/d2lnr5mha7bycj.cloudfront.net/product-image/file/large_703ea397-0335-4e89-b7d6-7d884926cee1.jpeg,"
Sam's Club,"Organic Fuji Apples, 4 lbs",$7.95,,,,"['Non-GMO', 'Organic']",Many in stock,"https://www.instacart.com/image-server/197x197/filters:fill(FFF,true):format(jpg)/d2lnr5mha7bycj.cloudfront.net/product-image/file/large_c44b1bea-503c-45a5-8054-731b9ea8dab9.jpeg,"
Sam's Club,"Mini Watermelon Seedless, 2-count",$9.94,,,,[],Many in stock,"https://www.instacart.com/image-server/197x197/filters:fill(FFF,true):format(jpg)/d2lnr5mha7bycj.cloudfront.net/product-image/file/large_0ebeb793-8e5c-41f2-aceb-056855c31d05.jpeg,"
Sam's Club,"Grapefruit, 5 lbs",$6.83,,,,[],Many in stock,"https://www.instacart.com/image-server/197x197/filters:fill(FFF,true):format(jpg)/d2lnr5mha7bycj.cloudfront.net/product-image/file/large_d9bdf06f-75c7-478b-8df0-4e6b461d3b68.jpeg,"
Sam's Club,"Black Seedless Grapes, 3 lbs",$9.94,,,,[],,"https://www.instacart.com/image-server/197x197/filters:fill(FFF,true):format(jpg)/d2lnr5mha7bycj.cloudfront.net/product-image/file/large_7ad8a3cb-1ea8-4649-88cc-c7e3f2b3ef04.jpeg,"
Sam's Club,"Organic Limes, 3 lbs",$8.70,,,,"['Organic', 'Non-GMO']",Many in stock,"https://www.instacart.com/image-server/197x197/filters:fill(FFF,true):format(jpg)/d2lnr5mha7bycj.cloudfront.net/product-image/file/large_101f1dc2-df3d-4a2d-b2a9-d2f09f4f3ab0.jpeg,"
Sam's Club,Golden Hami Melon,$7.45,,,,[],,"https://www.instacart.com/image-server/197x197/filters:fill(FFF,true):format(jpg)/d2lnr5mha7bycj.cloudfront.net/product-image/file/large_5762d7bf-6d73-4010-ab46-59e353bc369f.jpeg,"
Sam's Club,"Organic English Cucumbers, Greenhouse Grown, 3-count",$7.45,,,,"['Organic', 'Non-GMO']",Many in stock,"https://www.instacart.com/image-server/197x197/filters:fill(FFF,true):format(jpg)/d2lnr5mha7bycj.cloudfront.net/product-image/file/large_a65fc013-8bb8-493f-a092-fe5b502f79c3.jpeg,"
Sam's Club,"Mixed Bell Peppers, 6-count",$7.33,,,6 ct,[],Many in stock,"https://www.instacart.com/image-server/197x197/filters:fill(FFF,true):format(jpg)/d2lnr5mha7bycj.cloudfront.net/product-image/file/large_99f05da7-1610-415c-8a57-931bce3649bf.jpeg,"
Sam's Club,"Cocktail Cucumber, Greenhouse Grown, 1.5 lbs",$7.45,,,,[],Many in stock,"https://www.instacart.com/image-server/197x197/filters:fill(FFF,true):format(jpg)/d2lnr5mha7bycj.cloudfront.net/product-image/file/large_252308da-ded8-4b3f-a251-53d87b471e7e.jpeg,"
Sam's Club,"Grape Tomatoes, 2 lbs",$7.08,,,,[],Many in stock,"https://www.instacart.com/image-server/197x197/filters:fill(FFF,true):format(jpg)/d2lnr5mha7bycj.cloudfront.net/product-image/file/large_943ea196-3c1b-4a07-8c44-5773f42c9c31.jpeg,"
Sam's Club,"Organic Spring Mix, 1 lb",$5.34,,,,"['Organic', 'Non-GMO']",Many in stock,"https://www.instacart.com/image-server/197x197/filters:fill(FFF,true):format(jpg)/d2lnr5mha7bycj.cloudfront.net/product-image/file/large_38257820-1d5c-45bd-b327-78b3c6e00165.jpeg,"
Sam's Club,"Tomatoes on the Vine, Greenhouse Grown, 4 lbs",$8.57,,,,[],Many in stock,"https://www.instacart.com/image-server/197x197/filters:fill(FFF,true):format(jpg)/d2lnr5mha7bycj.cloudfront.net/product-image/file/large_7c7a9cb4-9442-4114-8e50-18e07450a07e.jpeg,"
Sam's Club,"Organic Peeled Carrots, 2 lbs, 2-count",$6.83,,,2 ct,"['In season', 'Non-GMO']",Many in stock,"https://www.instacart.com/image-server/197x197/filters:fill(FFF,true):format(jpg)/d2lnr5mha7bycj.cloudfront.net/product-image/file/large_bfd4bed1-8de0-42dd-b9c2-c8d3be92852d.jpeg,"
Sam's Club,"Organic Broccoli Florets, 2 lbs",$7.45,,,,['Organic'],Many in stock,"https://www.instacart.com/image-server/197x197/filters:fill(FFF,true):format(jpg)/d2lnr5mha7bycj.cloudfront.net/product-image/file/large_4d84a794-f39b-4bd2-9959-57a2d56902e8.jpeg,"
Sam's Club,"Artisan Romaine Hearts, 5-count",$6.83,,,,[],Many in stock,"https://www.instacart.com/image-server/197x197/filters:fill(FFF,true):format(jpg)/d2lnr5mha7bycj.cloudfront.net/product-image/file/large_c3ed4964-ee85-4908-a454-e234d0eaedeb.jpeg,"
Sam's Club,"Mini Peppers, 1.5 lbs",$5.59,,,,[],Many in stock,"https://www.instacart.com/image-server/197x197/filters:fill(FFF,true):format(jpg)/d2lnr5mha7bycj.cloudfront.net/product-image/file/large_308d96db-f596-4984-82b1-0ea18b45c79d.jpeg,"
Sam's Club,"Gold Potatoes, 10 lbs",$6.21,,,,[],Many in stock,"https://www.instacart.com/image-server/197x197/filters:fill(FFF,true):format(jpg)/d2lnr5mha7bycj.cloudfront.net/product-image/file/large_ec93887a-a47b-4311-aee5-ef1d5b0b28b7.jpeg,"
Sam's Club,"Romaine Hearts, 6-count",$5.46,,,2 each,[],,"https://www.instacart.com/image-server/197x197/filters:fill(FFF,true):format(jpg)/d2lnr5mha7bycj.cloudfront.net/product-image/file/large_7b4df74a-41c8-4afc-a428-bbc6777fa2b9.jpeg,"
Sam's Club,"Organic Celery Sticks, 2.5 lbs",$7.45,,,,"['Organic', 'Non-GMO']",Many in stock,"https://www.instacart.com/image-server/197x197/filters:fill(FFF,true):format(jpg)/d2lnr5mha7bycj.cloudfront.net/product-image/file/large_02a446cf-8b17-49af-ae11-f7db4fbf1d86.jpeg,"
Sam's Club,"Organic Crimini Mushrooms, 24 oz",$6.21,,,24 oz,['Organic'],Many in stock,"https://www.instacart.com/image-server/197x197/filters:fill(FFF,true):format(jpg)/d2lnr5mha7bycj.cloudfront.net/product-image/file/large_651374de-7cf7-4c51-98f4-46c32fa4814a.jpeg,"
Sam's Club,"Gourmet Tomato Medley, Greenhouse Grown, 2 lbs",$8.20,,,,[],Many in stock,"https://www.instacart.com/image-server/197x197/filters:fill(FFF,true):format(jpg)/d2lnr5mha7bycj.cloudfront.net/product-image/file/large_5e1c7a51-94c2-462e-9d27-264467bc554f.jpeg,"
Sam's Club,"Organic Carrots, 6 lbs",$5.83,,,,"['In season', 'Non-GMO']",Many in stock,"https://www.instacart.com/image-server/197x197/filters:fill(FFF,true):format(jpg)/d2lnr5mha7bycj.cloudfront.net/product-image/file/large_d44abd38-c83b-4924-860e-3202452bcb20.jpeg,"
Sam's Club,"Campari Tomatoes, 2 lbs",$6.08,,,,[],Many in stock,"https://www.instacart.com/image-server/197x197/filters:fill(FFF,true):format(jpg)/d2lnr5mha7bycj.cloudfront.net/product-image/file/large_cb93598d-4fb8-47fb-9744-93444ca14565.jpeg,"
Sam's Club,"Organic Green Beans, 2 lbs",$7.45,,,,"['Organic', 'Non-GMO']",Many in stock,"https://www.instacart.com/image-server/197x197/filters:fill(FFF,true):format(jpg)/d2lnr5mha7bycj.cloudfront.net/product-image/file/large_f604e43d-cb08-4d39-b825-66c5af41892f.jpeg,"
Sam's Club,"Organic Squash, 3.5 lbs",$11.18,,,,"['Organic', 'Non-GMO']",Many in stock,"https://www.instacart.com/image-server/197x197/filters:fill(FFF,true):format(jpg)/d2lnr5mha7bycj.cloudfront.net/product-image/file/large_2862423e-b7a4-47e7-90fe-5dbf526b39bb.jpeg,"
Sam's Club,"Asparagus, 2.25 lbs",$5.96,,,,[],Many in stock,"https://www.instacart.com/image-server/197x197/filters:fill(FFF,true):format(jpg)/d2lnr5mha7bycj.cloudfront.net/product-image/file/large_bc2cd48d-1a6b-4fdb-8aa6-f8127262d7ec.jpeg,"
Sam's Club,"Organic Brussels Sprouts, 2 lbs",$8.07,,,,"['Organic', 'Non-GMO']",Many in stock,"https://www.instacart.com/image-server/197x197/filters:fill(FFF,true):format(jpg)/d2lnr5mha7bycj.cloudfront.net/product-image/file/large_7082863d-39ee-4aab-acad-6d254c97337d.jpeg,"
Sam's Club,"Baking Potatoes, 10 lbs",$5.83,,,,[],Many in stock,"https://www.instacart.com/image-server/197x197/filters:fill(FFF,true):format(jpg)/d2lnr5mha7bycj.cloudfront.net/product-image/file/large_5c6041c7-aa27-4a16-8329-f719afc4a1f8.jpeg,"
Sam's Club,"Super Sweet Corn, 8-count",$8.07,,,,[],,"https://www.instacart.com/image-server/197x197/filters:fill(FFF,true):format(jpg)/d2lnr5mha7bycj.cloudfront.net/product-image/file/large_955dbbc8-d857-48a9-ba80-6e585c0aacec.jpeg,"
Sam's Club,"Yellow Jumbo Onions, 10 lbs",$10.31,,,,[],Many in stock,"https://www.instacart.com/image-server/197x197/filters:fill(FFF,true):format(jpg)/d2lnr5mha7bycj.cloudfront.net/product-image/file/large_4f1eee5d-b0ae-44d2-bd1e-11d715ce1344.jpeg,"
Sam's Club,"Eat Smart Sweet Kale Chopped Salad Kit, 14 oz, 2-count",$8.70,,,,[],Many in stock,"https://www.instacart.com/image-server/197x197/filters:fill(FFF,true):format(jpg)/d2lnr5mha7bycj.cloudfront.net/product-image/file/large_aa0fb81c-637c-4475-a44d-00321cc94834.jpeg,"
Sam's Club,"Sweet Onions, 5 lbs",$6.21,,,,[],Many in stock,"https://www.instacart.com/image-server/197x197/filters:fill(FFF,true):format(jpg)/d2lnr5mha7bycj.cloudfront.net/product-image/file/large_19093efe-8e36-46cc-8758-924800cd28da.jpeg,"
Sam's Club,"Sweet Potatoes, 6.5 lbs",$6.21,,,,[],Many in stock,"https://www.instacart.com/image-server/197x197/filters:fill(FFF,true):format(jpg)/d2lnr5mha7bycj.cloudfront.net/product-image/file/large_c25cd607-e9f6-42cc-8395-0c37977b2ca0.jpeg,"
Sam's Club,"Organic White Mushrooms, 24 oz",$4.71,,,,"['Organic', 'Non-GMO']",Many in stock,"https://www.instacart.com/image-server/197x197/filters:fill(FFF,true):format(jpg)/d2lnr5mha7bycj.cloudfront.net/product-image/file/large_876ebd75-3b8f-4dd5-b43d-e218c4ac309d.jpeg,"
Sam's Club,"Gourmet Creamer Potato, 5 lbs",$8.07,,,,[],Many in stock,"https://www.instacart.com/image-server/197x197/filters:fill(FFF,true):format(jpg)/d2lnr5mha7bycj.cloudfront.net/product-image/file/large_6c67c487-b925-475b-9ec4-676cf6845316.jpeg,"
Sam's Club,"Southwest Sweet onions, 5 lbs",$7.45,,,,[],Many in stock,"https://www.instacart.com/image-server/197x197/filters:fill(FFF,true):format(jpg)/d2lnr5mha7bycj.cloudfront.net/product-image/file/large_57046b54-6702-4ad9-8e1b-41194840277f.jpeg,"
Sam's Club,"Organic Power Greens, 1.5 lbs",$8.70,,,,"['Organic', 'Non-GMO']",Many in stock,"https://www.instacart.com/image-server/197x197/filters:fill(FFF,true):format(jpg)/d2lnr5mha7bycj.cloudfront.net/product-image/file/large_7d61aec1-8119-4dff-b8a7-f1e1f11ec52b.jpeg,"
Sam's Club,"Colossal Garlic, 2 lbs",$7.08,,,,[],Many in stock,"https://www.instacart.com/image-server/197x197/filters:fill(FFF,true):format(jpg)/d2lnr5mha7bycj.cloudfront.net/product-image/file/large_2196f25a-fee4-4691-9926-5dd467825b9b.jpeg,"
Sam's Club,"Organic Specialty Mushroom Blend, 16 oz",$13.67,,,,['Organic'],Many in stock,"https://www.instacart.com/image-server/197x197/filters:fill(FFF,true):format(jpg)/d2lnr5mha7bycj.cloudfront.net/product-image/file/large_a7f3d407-0c68-47f0-a364-046b2c0c8c79.jpeg,"
Sam's Club,"Small Red Potatoes, 10 lbs",$4.96,,,,[],Many in stock,"https://www.instacart.com/image-server/197x197/filters:fill(FFF,true):format(jpg)/d2lnr5mha7bycj.cloudfront.net/product-image/file/large_fd420ca9-36ef-46db-8975-5678a40249f1.jpeg,"
Sam's Club,"Cherry on the Vine Tomatoes, 1.5 lbs",$9.57,,,,[],,"https://www.instacart.com/image-server/197x197/filters:fill(FFF,true):format(jpg)/d2lnr5mha7bycj.cloudfront.net/product-image/file/large_dd11138b-dd12-461d-baa8-5dd4812ce33d.jpeg,"
Sam's Club,"Polar Foods Organic Black Garlic, 20 oz",$21.14,,,,"['Organic', 'Non-GMO']",Many in stock,"https://www.instacart.com/image-server/197x197/filters:fill(FFF,true):format(jpg)/d2lnr5mha7bycj.cloudfront.net/product-image/file/large_5eb39b4a-7f20-4c3a-ac6e-7e49f99e1d20.jpeg,"
Sam's Club,"Vegetable Tri-Pack, 14 oz, 3-count",$12.43,,,,[],,"https://www.instacart.com/image-server/197x197/filters:fill(FFF,true):format(jpg)/d2lnr5mha7bycj.cloudfront.net/product-image/file/large_513d48fd-928f-4152-b0a7-c3bb5c839ac8.jpeg,"
Sam's Club,"Kirkland Signature Organic Tortilla Chips, 40 oz",$7.45,,,,"['Gluten-Free', 'Organic']",Many in stock,"https://www.instacart.com/image-server/197x197/filters:fill(FFF,true):format(jpg)/d2lnr5mha7bycj.cloudfront.net/product-image/file/large_ce97c589-38bd-4af4-bbd3-f0b3af1f8e1b.jpeg,"
Sam's Club,"Chomps Original Beef Sticks, Mild, 12 Individually Wrapped Sticks",$21.14,,,12 ct,"['Gluten-Free', 'Keto']",Many in stock,"https://www.instacart.com/image-server/197x197/filters:fill(FFF,true):format(jpg)/d2lnr5mha7bycj.cloudfront.net/product-image/file/large_2b3915ba-7643-415d-8c59-81c12f1bfa6c.jpeg,"
Sam's Club,"Kind Bar, Variety Pack, 1.4 oz, 20 count",$12.40,,,20 ct,[],Many in stock,"https://www.instacart.com/image-server/197x197/filters:fill(FFF,true):format(jpg)/d2lnr5mha7bycj.cloudfront.net/product-image/file/large_8bf544ab-5f53-4fcb-ba6d-c606bdbd34df.jpeg,"
Sam's Club,"Kirkland Signature Soft & Chewy Granola Bars, 0.85 oz, 64-count",$11.81,,,64 ct,[],Many in stock,"https://www.instacart.com/image-server/197x197/filters:fill(FFF,true):format(jpg)/d2lnr5mha7bycj.cloudfront.net/product-image/file/large_7191c6d0-9383-4068-aa9b-85b5419cb5f4.jpeg,"
Sam's Club,"E&C's Heavenly Hunks Organic Oatmeal Dark Chocolate Cookies, 22 oz",$11.70,,,22 ct,"['Organic', 'Gluten-Free']",Many in stock,"https://www.instacart.com/image-server/197x197/filters:fill(FFF,true):format(jpg)/d2lnr5mha7bycj.cloudfront.net/product-image/file/large_bb551430-49b2-467e-b159-d401713fff20.jpeg,"
Sam's Club,"Pepperidge Farm Goldfish Crackers, Cheddar, 1 oz, 45-count",$14.92,,,45 ct,[],,"https://www.instacart.com/image-server/197x197/filters:fill(FFF,true):format(jpg)/d2lnr5mha7bycj.cloudfront.net/product-image/file/large_3180fa8a-7928-41a0-84fd-18be438d6db5.jpeg,"
Sam's Club,"OREO Chocolate Sandwich Cookies, Stay Fresh Packs, 12-Count",$13.30,,,14.76 each,[],,"https://www.instacart.com/image-server/197x197/filters:fill(FFF,true):format(jpg)/d2lnr5mha7bycj.cloudfront.net/product-image/file/large_d9b9b185-8d08-4009-8879-8eb6866f62cd.jpeg,"
Sam's Club,"Kirkland Signature, Organic Fruit and Vegetable Pouches, Variety Pack, 3.17 oz, 24-count",$14.92,,,,"['Gluten-Free', 'Organic']",Many in stock,"https://www.instacart.com/image-server/197x197/filters:fill(FFF,true):format(jpg)/d2lnr5mha7bycj.cloudfront.net/product-image/file/large_d485d0e5-3e79-43a5-ab62-7d0aed47077e.jpeg,"
Sam's Club,"Nature's Bakery Fig Bar, Variety Pack, 2 oz, 40-count",$19.89,,,,[],Many in stock,"https://www.instacart.com/image-server/197x197/filters:fill(FFF,true):format(jpg)/d2lnr5mha7bycj.cloudfront.net/product-image/file/large_f428b76b-34d8-4300-a05e-663330de4890.jpeg,"
Sam's Club,"Kirkland Signature Tortilla Strips, 3 lbs",$7.45,,,,[],Many in stock,"https://www.instacart.com/image-server/197x197/filters:fill(FFF,true):format(jpg)/d2lnr5mha7bycj.cloudfront.net/product-image/file/large_6a9ce4de-55f6-4282-8ad4-8e38f519a86b.jpeg,"
Sam's Club,"Kellogg's Rice Krispies Treats, 0.78 oz, 60-count",$16.16,,,60 ct,[],,"https://www.instacart.com/image-server/197x197/filters:fill(FFF,true):format(jpg)/d2lnr5mha7bycj.cloudfront.net/product-image/file/large_9e4b187e-039c-4613-b619-dbba241dbd30.jpeg,"
Sam's Club,"SunChips Whole Grain, Variety, 1.5 oz, 30-count",$22.38,,,30 ct,[],Many in stock,"https://www.instacart.com/image-server/197x197/filters:fill(FFF,true):format(jpg)/d2lnr5mha7bycj.cloudfront.net/product-image/file/large_fdb9c224-c722-4266-bcc0-646ac19f6653.jpeg,"
Sam's Club,"Snack Factory Organic Original Pretzel Crisps, 28 oz",$11.18,,,"★★★★★
★★★★★
(1.1K)","['Organic', 'Vegan']",Many in stock,"https://www.instacart.com/image-server/197x197/filters:fill(FFF,true):format(jpg)/d2lnr5mha7bycj.cloudfront.net/product-image/file/large_758baf40-ed05-4863-b782-49857a7a0a38.jpeg,"
Sam's Club,Nabisco Ritz Original Crackers,$12.30,,,"★★★★★
★★★★★
(105)",[],Many in stock,"https://www.instacart.com/image-server/197x197/filters:fill(FFF,true):format(jpg)/d2lnr5mha7bycj.cloudfront.net/product-image/file/large_1840922b-098d-4b69-a28b-342aa5f85247.jpeg,"
Sam's Club,"Nabisco Cookie & Cracker, Variety Pack, 1 oz, 40 count",$16.04,,,,[],Many in stock,"https://www.instacart.com/image-server/197x197/filters:fill(FFF,true):format(jpg)/d2lnr5mha7bycj.cloudfront.net/product-image/file/large_467bdb7b-b5ff-434e-a1de-549f5b1c85ee.jpeg,"
Sam's Club,"Kirkland Signature Kettle Himalayan Salt Potato Chips, 32 oz",$7.45,,,,['Gluten-Free'],Many in stock,"https://www.instacart.com/image-server/197x197/filters:fill(FFF,true):format(jpg)/d2lnr5mha7bycj.cloudfront.net/product-image/file/large_2ba13555-75f2-4926-a11b-d0e2f7ad7fbf.jpeg,"
Sam's Club,"That's it Mini Fruit Bars, 24-count",$17.40,,,,[],Many in stock,"https://www.instacart.com/image-server/197x197/filters:fill(FFF,true):format(jpg)/d2lnr5mha7bycj.cloudfront.net/product-image/file/large_7d68bbbd-a899-48f4-b011-2d457cf240b5.jpeg,"
Sam's Club,"Ritz Crackers Handi-Snacks, Crackers 'N Cheese Dip, 0.95 oz, 30-Count",$15.66,,,30 ct,[],,"https://www.instacart.com/image-server/197x197/filters:fill(FFF,true):format(jpg)/d2lnr5mha7bycj.cloudfront.net/product-image/file/large_60242a94-c68d-4458-84a6-6e7999bdd013.jpeg,"
Sam's Club,Entenmann's Little Bites Chocolate Chip Muffins,$14.54,,,20 each,[],Many in stock,"https://www.instacart.com/image-server/197x197/filters:fill(FFF,true):format(jpg)/d2lnr5mha7bycj.cloudfront.net/product-image/file/large_03b0da9b-5d73-4b3e-b451-3c2c5a1d3f11.jpeg,"
Sam's Club,"Kirkland Signature Peanut Butter Filled Pretzel Nuggets, 55 oz",$12.43,,,,[],Many in stock,"https://www.instacart.com/image-server/197x197/filters:fill(FFF,true):format(jpg)/d2lnr5mha7bycj.cloudfront.net/product-image/file/large_ade8112b-9ca4-42dc-9256-fe6c5b7fb68a.jpeg,"
Sam's Club,"Kirkland Signature All Chocolate Bag Variety, 5.6 lbs",$24.87,,,,[],Many in stock,"https://www.instacart.com/image-server/197x197/filters:fill(FFF,true):format(jpg)/d2lnr5mha7bycj.cloudfront.net/product-image/file/large_1e58983c-9bd5-4186-8557-538ceec31831.jpeg,"
Sam's Club,"Tate's Bake Shop Chocolate Chip Cookies, 21 oz",$13.67,,,,[],Many in stock,"https://www.instacart.com/image-server/197x197/filters:fill(FFF,true):format(jpg)/d2lnr5mha7bycj.cloudfront.net/product-image/file/large_53e35f0a-0e7e-43bd-a595-644bf8b6b610.jpeg,"
Sam's Club,Simple Mills Fine Ground Sea Salt Almond Flour Crackers,$12.30,,,,"['Gluten-Free', 'Vegan']",Many in stock,"https://www.instacart.com/image-server/197x197/filters:fill(FFF,true):format(jpg)/d2lnr5mha7bycj.cloudfront.net/product-image/file/large_01744fac-779e-423a-b8e3-93916e8d1328.jpeg,"
Sam's Club,"Skinny Pop Popcorn, 0.65 oz, 28-count",$19.52,,,28 ct,"['Gluten-Free', 'Vegan']",,"https://www.instacart.com/image-server/197x197/filters:fill(FFF,true):format(jpg)/d2lnr5mha7bycj.cloudfront.net/product-image/file/large_24f653b6-390a-44a2-9d38-041ba2fa85f4.jpeg,"
Sam's Club,"Doritos Nacho Cheese Chips, 30 oz",$8.70,,,"★★★★★
★★★★★
(6.32K)",[],Many in stock,"https://www.instacart.com/image-server/197x197/filters:fill(FFF,true):format(jpg)/d2lnr5mha7bycj.cloudfront.net/product-image/file/large_8a86d7b4-2bc0-4c8b-9bb6-e61dc2b3dc1f.jpeg,"
Sam's Club,"Utz Pub Crunchy Snack Mix, 44 oz",$11.06,,,,[],Many in stock,"https://www.instacart.com/image-server/197x197/filters:fill(FFF,true):format(jpg)/d2lnr5mha7bycj.cloudfront.net/product-image/file/large_65330ae5-98fe-488c-9bd2-598d9d5c9f33.jpeg,"
Sam's Club,"PopCorners Popped Corn Snacks Variety Pack, 1 oz, 30-Count",$17.28,,,,[],Many in stock,"https://www.instacart.com/image-server/197x197/filters:fill(FFF,true):format(jpg)/d2lnr5mha7bycj.cloudfront.net/product-image/file/large_759c267c-5f67-4bcd-b9d9-492bc90313af.jpeg,"
Sam's Club,Country Archer Jerky & Meat Snacks Country Archer Minis,$20.64,,,"★★★★★
★★★★★
(1.25K)","['Gluten-Free', 'Grass-Fed']",Many in stock,"https://www.instacart.com/image-server/197x197/filters:fill(FFF,true):format(jpg)/d2lnr5mha7bycj.cloudfront.net/product-image/file/large_b0203d52-6449-4e75-80d4-53f8fa8a3cb8.jpeg,"
Sam's Club,"Pirate's Booty Aged White Cheddar Snack, 0.5 oz, 40 count",$16.04,,,40 ct,['Gluten-Free'],,"https://www.instacart.com/image-server/197x197/filters:fill(FFF,true):format(jpg)/d2lnr5mha7bycj.cloudfront.net/product-image/file/large_abf83d7d-fc4b-454b-a187-a1ead83bf8d1.jpeg,"
Sam's Club,Universal Bakery Organic Aussie Bites,$13.67,,,,['Organic'],Many in stock,"https://www.instacart.com/image-server/197x197/filters:fill(FFF,true):format(jpg)/d2lnr5mha7bycj.cloudfront.net/product-image/file/large_8782f3c4-bcea-4b1b-87ec-807c756304d9.jpeg,"
Sam's Club,"Mott's Fruit Snacks, Assorted Fruit, 0.8 oz, 90-count",$14.92,,,"★★★★★
★★★★★
(2.14K)",['Gluten-Free'],Many in stock,"https://www.instacart.com/image-server/197x197/filters:fill(FFF,true):format(jpg)/d2lnr5mha7bycj.cloudfront.net/product-image/file/large_e0e09ac9-862d-4b3f-9e03-b2d77ff4fae7.jpeg,"
Sam's Club,"Welch’s Fruit Snacks, .8 oz, 90 count",$17.03,,,"★★★★★
★★★★★
(1.06K)",[],Many in stock,"https://www.instacart.com/image-server/197x197/filters:fill(FFF,true):format(jpg)/d2lnr5mha7bycj.cloudfront.net/product-image/file/large_4d056f44-fb5e-42e6-a70d-3e0f3181d0c9.jpeg,"
Sam's Club,"Cheez-It Crackers, Cheddar, 1.5 oz, 45-count",$18.40,,,"★★★★★
★★★★★
(824)",['Light Sodium'],Many in stock,"https://www.instacart.com/image-server/197x197/filters:fill(FFF,true):format(jpg)/d2lnr5mha7bycj.cloudfront.net/product-image/file/large_ffe96ec9-a93b-4f94-9ac5-00f20231940d.jpeg,"
Sam's Club,"Honey Maid Graham Crackers, 14.4 oz, 4-count",$11.06,,,4 ct,[],,"https://www.instacart.com/image-server/197x197/filters:fill(FFF,true):format(jpg)/d2lnr5mha7bycj.cloudfront.net/product-image/file/large_31bce301-5ff0-4116-a182-52c553aa6e38.jpeg,"
Sam's Club,"Edward Marc Girl Scouts Thin Mints Bites, 20 oz",$14.66,,,,[],Many in stock,"https://www.instacart.com/image-server/197x197/filters:fill(FFF,true):format(jpg)/d2lnr5mha7bycj.cloudfront.net/product-image/file/large_6050da56-b64f-4011-9fbd-4ad374e7d927.jpeg,"
Sam's Club,"Pringles Grab & Go Potato Crisps, Variety, 36-count",$27.23,,,36 ct,[],,"https://www.instacart.com/image-server/197x197/filters:fill(FFF,true):format(jpg)/d2lnr5mha7bycj.cloudfront.net/product-image/file/large_47761554-b61b-4d73-81a2-b4f7d4653dbb.jpeg,"
Sam's Club,"Wheat Thins Original Whole Grain Wheat Crackers, 40 oz",$11.06,,,2 ct,['Whole Grain'],Many in stock,"https://www.instacart.com/image-server/197x197/filters:fill(FFF,true):format(jpg)/d2lnr5mha7bycj.cloudfront.net/product-image/file/large_f7123ca7-db68-4982-831b-d68131d413f1.jpeg,"
Sam's Club,"Skinny Pop Organic Popcorn, 14 oz",$8.70,,,,"['Organic', 'Gluten-Free']",,"https://www.instacart.com/image-server/197x197/filters:fill(FFF,true):format(jpg)/d2lnr5mha7bycj.cloudfront.net/product-image/file/large_c1ffd9a6-0033-4d9c-8c66-4e6aa1b41b3b.jpeg,"
Sam's Club,"Kirkland Signature Microwave Popcorn, 3.3 oz, 44-count",$18.65,,,44 ct,['Gluten-Free'],Many in stock,"https://www.instacart.com/image-server/197x197/filters:fill(FFF,true):format(jpg)/d2lnr5mha7bycj.cloudfront.net/product-image/file/large_63380f5f-039c-4e5a-a246-dec2402506ec.jpeg,"
Sam's Club,"Unreal Dark Chocolate Coconut Minis, 15.3 oz",$12.43,,,,"['Gluten-Free', 'Vegan']",Many in stock,"https://www.instacart.com/image-server/197x197/filters:fill(FFF,true):format(jpg)/d2lnr5mha7bycj.cloudfront.net/product-image/file/large_6d162026-e5b0-4846-b5e8-65c402bb08c2.jpeg,"
Sam's Club,"Greenridge Farm Beef Snack Stick, 36 oz",$18.65,,,,[],,"https://www.instacart.com/image-server/197x197/filters:fill(FFF,true):format(jpg)/d2lnr5mha7bycj.cloudfront.net/product-image/file/large_e4b89a95-448a-4e84-a130-17cdc53be05e.jpeg,"
Sam's Club,"Stacy's Organic Simply Naked Pita Chips, 28 oz",$9.94,,,,['Organic'],Many in stock,"https://www.instacart.com/image-server/197x197/filters:fill(FFF,true):format(jpg)/d2lnr5mha7bycj.cloudfront.net/product-image/file/large_49c41955-b7fc-4952-ac0b-f7bd478581cb.jpeg,"
Sam's Club,"Ruffles Potato Chips, Original, 28 oz",$9.94,,,,"['Gluten-Free', 'Vegan']",Many in stock,"https://www.instacart.com/image-server/197x197/filters:fill(FFF,true):format(jpg)/d2lnr5mha7bycj.cloudfront.net/product-image/file/large_61e3e9b5-a7db-4c1e-b51e-ed3926a434cf.jpeg,"
Sam's Club,"Anthony Thomas Buckeyes, 40-count",$13.67,,,,[],Many in stock,"https://www.instacart.com/image-server/197x197/filters:fill(FFF,true):format(jpg)/d2lnr5mha7bycj.cloudfront.net/product-image/file/large_a2947ea9-a686-4f37-a241-8c6d55c9f35c.jpeg,"
Sam's Club,"Undercover Chocolate Dark Chocolate Quinoa Crisps, 15.3 oz",$11.18,,,,[],Many in stock,"https://www.instacart.com/image-server/197x197/filters:fill(FFF,true):format(jpg)/d2lnr5mha7bycj.cloudfront.net/product-image/file/large_2042391c-e25d-417c-bf5c-9449b14714a2.jpeg,"
Sam's Club,"Cheetos Cheese Flavored Snacks, Crunchy, 28.8 oz",$8.70,,,"★★★★★
★★★★★
(1.66K)",['Gluten-Free'],Many in stock,"https://www.instacart.com/image-server/197x197/filters:fill(FFF,true):format(jpg)/d2lnr5mha7bycj.cloudfront.net/product-image/file/large_3eef5e89-236a-41a5-8553-3e730044b3d6.jpeg,"
Sam's Club,"Kellog's Cracker Collection, Variety Pack, 13 Stacks",$15.06,,,4 ct,[],Many in stock,"https://www.instacart.com/image-server/197x197/filters:fill(FFF,true):format(jpg)/d2lnr5mha7bycj.cloudfront.net/product-image/file/large_c9720c83-4312-45fc-9512-4196e0e7ce35.jpeg,"
Sam's Club,"Hippeas Vegan White Cheddar Organic Chickpea Puffs, 18 oz",$9.94,,,,"['Gluten-Free', 'Organic']",Many in stock,"https://www.instacart.com/image-server/197x197/filters:fill(FFF,true):format(jpg)/d2lnr5mha7bycj.cloudfront.net/product-image/file/large_e62aebdf-6944-46b3-97fc-bbc09d161718.jpeg,"
Sam's Club,"Munchies Cheese Fix Snack Mix, 38 oz",$12.43,,,,[],Many in stock,"https://www.instacart.com/image-server/197x197/filters:fill(FFF,true):format(jpg)/d2lnr5mha7bycj.cloudfront.net/product-image/file/large_c4238573-d920-4dd6-a4eb-4b20a14c141e.jpeg,"
Sam's Club,"Kellogg's Club Crackers, Original, 13.7 oz, 4 Count",$11.18,,,4 ct,[],,"https://www.instacart.com/image-server/197x197/filters:fill(FFF,true):format(jpg)/d2lnr5mha7bycj.cloudfront.net/product-image/file/large_d6bf59bd-fe99-4d0f-bc27-d327a2a8f993.jpeg,"
Sam's Club,"Country Archer Mango Habanero Beef Jerky, 16 oz",$22.38,,,"★★★★★
★★★★★
(178)","['Gluten-Free', 'Grass-Fed']",,"https://www.instacart.com/image-server/197x197/filters:fill(FFF,true):format(jpg)/d2lnr5mha7bycj.cloudfront.net/product-image/file/large_39a85b51-d259-4daa-b31b-9c444c00e870.jpeg,"
Sam's Club,"Charmin Ultra Soft Bath Tissue, 2-Ply, 213 Sheets, 30 Rolls",$37.31,,,"★★★★★
★★★★★
(7.28K)",[],Many in stock,"https://www.instacart.com/image-server/197x197/filters:fill(FFF,true):format(jpg)/d2lnr5mha7bycj.cloudfront.net/product-image/file/large_51259b4d-8809-4b10-a30a-87991db44147.jpeg,"
Sam's Club,"Charmin Ultra Strong Bath Tissue, 2-Ply, 220 Sheets, 30 Rolls",$33.33,,,,[],Many in stock,"https://www.instacart.com/image-server/197x197/filters:fill(FFF,true):format(jpg)/d2lnr5mha7bycj.cloudfront.net/product-image/file/large_3155cb34-9a9a-4573-8268-891a774f7feb.jpeg,"
Sam's Club,"2 Dozen Premium Roses Rainforest Alliance Certified, Assorted Colors",$23.62,,,,[],Many in stock,"https://www.instacart.com/image-server/197x197/filters:fill(FFF,true):format(jpg)/d2lnr5mha7bycj.cloudfront.net/product-image/file/large_0ef6526f-a3a2-4c9b-81fb-389ccc37700a.jpeg,"
Sam's Club,Premium Floral Bouquet,$21.14,,,1 each,[],Many in stock,"https://www.instacart.com/image-server/197x197/filters:fill(FFF,true):format(jpg)/d2lnr5mha7bycj.cloudfront.net/product-image/file/large_afb23777-3ffa-40d4-9d99-95bd6f26fc3b.jpeg,"
Sam's Club,"Downy Unstopables In-Wash Scent Booster Beads, Fresh, 34 oz",$21.38,,,"★★★★★
★★★★★
(432)",[],Many in stock,"https://www.instacart.com/image-server/197x197/filters:fill(FFF,true):format(jpg)/d2lnr5mha7bycj.cloudfront.net/product-image/file/large_e9c5cfb1-b208-428a-9c33-539cbca21540.jpeg,"
Sam's Club,"Cottonelle Fresh Care Flushable Wipes, 560 Wipes",$19.04,,,10 ct,[],,"https://www.instacart.com/image-server/197x197/filters:fill(FFF,true):format(jpg)/d2lnr5mha7bycj.cloudfront.net/product-image/file/large_e7cbf08f-ec28-4eae-9559-5f4fd4936c6a.jpeg,"
Sam's Club,"Tropicana 100% Orange Juice, 52 fl oz, 3-count",$12.43,,,3 ct,[],Many in stock,"https://www.instacart.com/image-server/197x197/filters:fill(FFF,true):format(jpg)/d2lnr5mha7bycj.cloudfront.net/product-image/file/large_55df8c85-ede1-4ecc-9bcb-e069da347ec1.jpeg,"
Sam's Club,"Glad Take-Aways 38 oz Storage Container with Lids, 25 Containers",$9.94,,,,[],Many in stock,"https://www.instacart.com/image-server/197x197/filters:fill(FFF,true):format(jpg)/d2lnr5mha7bycj.cloudfront.net/product-image/file/large_decea353-4f19-4a15-a8d9-4bc30c0aa0bd.jpeg,"
Sam's Club,"Organic Mediterranean Salad, 12 oz, 2-count",$11.18,,,,[],Many in stock,"https://www.instacart.com/image-server/197x197/filters:fill(FFF,true):format(jpg)/d2lnr5mha7bycj.cloudfront.net/product-image/file/large_dd3ce90d-e68f-4906-a64a-a737ad60b552.jpeg,"
Sam's Club,"Milton's Cauliflower Crust Pizza, Roasted Vegetable, 35.6 oz, 2-count",$16.45,,,,['Gluten-Free'],Many in stock,"https://www.instacart.com/image-server/197x197/filters:fill(FFF,true):format(jpg)/d2lnr5mha7bycj.cloudfront.net/product-image/file/large_25981c56-88db-42f5-aed8-071377c0b7dc.jpeg,"
Sam's Club,"Kirkland Signature Baby Wipes Fragrance Free, 900-count",$24.87,,,,[],Many in stock,"https://www.instacart.com/image-server/197x197/filters:fill(FFF,true):format(jpg)/d2lnr5mha7bycj.cloudfront.net/product-image/file/large_3a5f1c83-7659-4112-b6b6-fee8e5558cb6.jpeg,"
Sam's Club,"Greenmade Storage Bin with Lid, 27 Gallon, Black and Yellow",$10.94,,,,[],Many in stock,"https://www.instacart.com/image-server/197x197/filters:fill(FFF,true):format(jpg)/d2lnr5mha7bycj.cloudfront.net/product-image/file/large_d9d15dd6-7c66-4c50-8e42-4a0e3c5a5cd5.jpeg,"
Sam's Club,"Kirkland Signature Breakfast Sandwich, 4.82 oz, 8-count",$19.89,,,,[],Many in stock,"https://www.instacart.com/image-server/197x197/filters:fill(FFF,true):format(jpg)/d2lnr5mha7bycj.cloudfront.net/product-image/file/large_361efab1-86bd-46cf-afe3-8cd530d6f291.jpeg,"
Sam's Club,"Eco-Foil Half Size Deep Steam Table Pan, 30-count",$11.18,,,,[],Many in stock,"https://www.instacart.com/image-server/197x197/filters:fill(FFF,true):format(jpg)/d2lnr5mha7bycj.cloudfront.net/product-image/file/large_28fcedec-1a7e-40c3-b527-c38e9cb69600.jpeg,"
Sam's Club,"Scoop Away Complete Performance Plus, Clumping Cat Litter, Fresh Scent, 10.5 lbs, 4-count",$19.51,,,,[],Many in stock,"https://www.instacart.com/image-server/197x197/filters:fill(FFF,true):format(jpg)/d2lnr5mha7bycj.cloudfront.net/product-image/file/large_9a27c5bb-71e2-4e5a-806c-b207736541a2.jpeg,"
Sam's Club,"Dr. Teal's Epsom Salt, 6 lbs, 2-count",$11.18,,,2 ct,['FSA/HSA'],Many in stock,"https://www.instacart.com/image-server/197x197/filters:fill(FFF,true):format(jpg)/d2lnr5mha7bycj.cloudfront.net/product-image/file/large_6c552b74-b3ad-4692-88e2-cf955afd11ac.jpeg,"
Sam's Club,Siete Tortillas Almond Flour,$14.79,,,,['Gluten-Free'],Many in stock,"https://www.instacart.com/image-server/197x197/filters:fill(FFF,true):format(jpg)/d2lnr5mha7bycj.cloudfront.net/product-image/file/large_e775d66f-c59c-43c2-a1b3-fa453dd2cea9.jpeg,"
Sam's Club,"Kirkland Signature Nitrile Exam Gloves, 400-count , Size Medium",$23.62,,,2 ct,[],Many in stock,"https://www.instacart.com/image-server/197x197/filters:fill(FFF,true):format(jpg)/d2lnr5mha7bycj.cloudfront.net/product-image/file/large_009a4092-c180-4aef-ba19-7a5c4377a11d.jpeg,"
Sam's Club,"Arm & Hammer Plus OxiClean Max HE Liquid Laundry Detergent, Fresh, 200 Loads, 200 fl oz",$18.52,,,,[],Many in stock,"https://www.instacart.com/image-server/197x197/filters:fill(FFF,true):format(jpg)/d2lnr5mha7bycj.cloudfront.net/product-image/file/large_ddb05e19-e945-43cc-b6fa-d79abf3bcf27.jpeg,"
Sam's Club,"Peet's Organic French Roast Coffee, 32 oz",$21.14,,,,[],Many in stock,"https://www.instacart.com/image-server/197x197/filters:fill(FFF,true):format(jpg)/d2lnr5mha7bycj.cloudfront.net/product-image/file/large_6c785b37-5b7a-4a08-ba8d-748395961a04.jpeg,"
Sam's Club,"Pepsi, 12 fl oz, 36-count",$18.65,,,"★★★★★
★★★★★
(45)",[],Many in stock,"https://www.instacart.com/image-server/197x197/filters:fill(FFF,true):format(jpg)/d2lnr5mha7bycj.cloudfront.net/product-image/file/large_694a5471-19eb-422d-a90e-865729743254.jpeg,"
Sam's Club,"Coke Zero Sugar, 12 fl oz, 35-count",$22.26,,,35 ct,"['Zero Calories', 'Zero Sugar']",,"https://www.instacart.com/image-server/197x197/filters:fill(FFF,true):format(jpg)/d2lnr5mha7bycj.cloudfront.net/product-image/file/large_6e500234-d8e0-4b54-898c-5c1b842ef1c5.jpeg,"
Sam's Club,"Kirkland Signature Fully-Cooked Bacon, Hickory Wood Smoked, 1 lb",$16.78,,,,[],Many in stock,"https://www.instacart.com/image-server/197x197/filters:fill(FFF,true):format(jpg)/d2lnr5mha7bycj.cloudfront.net/product-image/file/large_717dbc88-a693-4b39-b778-ce9a518433e3.jpeg,"
Sam's Club,"Kirkland Signature Nature's Domain Salmon & Sweet Potato Formula Dog Food, 35 lbs",$48.50,,,,[],Many in stock,"https://www.instacart.com/image-server/197x197/filters:fill(FFF,true):format(jpg)/d2lnr5mha7bycj.cloudfront.net/product-image/file/large_8cd45dc2-bbdf-41cd-97df-01cf7def6cef.jpeg,"
Sam's Club,"Pepsi-Cola Diet Pepsi, 12 fl oz, 36-count",$18.65,,,36 ct,"['Zero Calories', 'Zero Sugar']",Many in stock,"https://www.instacart.com/image-server/197x197/filters:fill(FFF,true):format(jpg)/d2lnr5mha7bycj.cloudfront.net/product-image/file/large_59f03e74-82a0-4012-b0f6-d2b5f695e973.jpeg,"
Sam's Club,"Scott Bath Tissue, 1-Ply, 1100 Sheets, 36 Rolls",$33.08,,,36 ct,[],Many in stock,"https://www.instacart.com/image-server/197x197/filters:fill(FFF,true):format(jpg)/d2lnr5mha7bycj.cloudfront.net/product-image/file/large_45cf2d05-595c-421e-8564-343bd7f4700c.jpeg,"
Sam's Club,"The Original Donut Shop Coffee K-Cup Pod, 100-count",$58.46,,,"★★★★★
★★★★★
(2.6K)",[],Many in stock,"https://www.instacart.com/image-server/197x197/filters:fill(FFF,true):format(jpg)/d2lnr5mha7bycj.cloudfront.net/product-image/file/large_4f822e4e-09ca-4b80-91a0-563b9d36dd9f.jpeg,"
Sam's Club,"Hefty Super Weight 8 7/8-inch Foam Plate, 220-count",$16.16,,,,[],Many in stock,"https://www.instacart.com/image-server/197x197/filters:fill(FFF,true):format(jpg)/d2lnr5mha7bycj.cloudfront.net/product-image/file/large_f349aca1-c4d7-4c44-a9ca-64045ae09f5a.jpeg,"
Sam's Club,"Starbucks Frappuccino, Mocha Chilled Coffee, 9.5 fl oz, 15-count",$27.23,,,15 ct,[],Many in stock,"https://www.instacart.com/image-server/197x197/filters:fill(FFF,true):format(jpg)/d2lnr5mha7bycj.cloudfront.net/product-image/file/large_66467280-f1c4-4573-a9cb-3beecccd6071.jpeg,"
Sam's Club,"Dixie Ultra 8-1/2"" Paper Plate, 240-count",$21.40,,,,[],Many in stock,"https://www.instacart.com/image-server/197x197/filters:fill(FFF,true):format(jpg)/d2lnr5mha7bycj.cloudfront.net/product-image/file/large_9129817f-faa6-4b13-9032-5aa64c082aae.jpeg,"
Sam's Club,"Muscle Milk Genuine Protein Shake Chocolate, 11 fl oz, 18-pack",$31.09,,,,[],Many in stock,"https://www.instacart.com/image-server/197x197/filters:fill(FFF,true):format(jpg)/d2lnr5mha7bycj.cloudfront.net/product-image/file/large_f8b0029f-3189-468c-85e6-ae822760efc5.jpeg,"
Sam's Club,"Kirkland Signature Organic Eggs, Large, 24 count",$9.32,,,,"['Cage-Free', 'Organic']",Many in stock,"https://www.instacart.com/image-server/197x197/filters:fill(FFF,true):format(jpg)/d2lnr5mha7bycj.cloudfront.net/product-image/file/large_b7650e12-ee0a-43fe-8250-7d71912f43ea.jpeg,"
Sam's Club,"Kirkland Signature Liquid Egg Whites, Cage Free, 16 oz, 6-count",$12.43,,,6 ct,[],Many in stock,"https://www.instacart.com/image-server/197x197/filters:fill(FFF,true):format(jpg)/d2lnr5mha7bycj.cloudfront.net/product-image/file/large_b2111193-79f9-49a7-bb2b-a943993449a5.jpeg,"
Sam's Club,"Kirkland Signature Large Eggs, USDA Grade AA, 5 Dozen",$12.43,,,,[],,"https://www.instacart.com/image-server/197x197/filters:fill(FFF,true):format(jpg)/d2lnr5mha7bycj.cloudfront.net/product-image/file/large_f4924b87-d899-41ee-b1b9-447ecdd829b9.jpeg,"
Sam's Club,"Sargento Baklanced Breaks Balanced Breaks Cheese & Crackers, 12 x 1.5 oz",$13.42,,,12 ct,[],Many in stock,"https://www.instacart.com/image-server/197x197/filters:fill(FFF,true):format(jpg)/d2lnr5mha7bycj.cloudfront.net/product-image/file/large_67a24eea-13ff-4518-bb3a-214ba84b619c.jpeg,"
Sam's Club,Kirkland Signature Mac and Cheese,$14.02,/pkg (est.),$3.72 / lb,About 3.77 lb / package,[],,"https://www.instacart.com/image-server/197x197/filters:fill(FFF,true):format(jpg)/d2lnr5mha7bycj.cloudfront.net/product-image/file/large_35016175-483e-4f2c-8164-4d66b48f2815.jpeg,"
Sam's Club,"Lily's Toaster Grills Grilled Cheese, 8-count",$12.43,,,8 ct,[],Many in stock,"https://www.instacart.com/image-server/197x197/filters:fill(FFF,true):format(jpg)/d2lnr5mha7bycj.cloudfront.net/product-image/file/large_864852d0-defe-40fe-9966-81a559191deb.jpeg,"
Sam's Club,Kirkland Signature Chicken Alfredo with Penne Pasta,$22.92,/pkg (est.),$5.59 / lb,About 4.1 lb / package,[],,"https://www.instacart.com/image-server/197x197/filters:fill(FFF,true):format(jpg)/d2lnr5mha7bycj.cloudfront.net/product-image/file/large_7faec6c5-2d73-4f65-8c43-a8d28d26d8de.jpeg,"
Sam's Club,"Kirkland Signature Cheese, Fruit & Nut Snack Packs, Variety, 1.5 oz, 16-count",$14.92,,,16 ct,[],Many in stock,"https://www.instacart.com/image-server/197x197/filters:fill(FFF,true):format(jpg)/d2lnr5mha7bycj.cloudfront.net/product-image/file/large_5b19b8eb-4445-4d15-8759-c532659f8657.jpeg,"
Sam's Club,"Organic Caesar Salad Kit, 24 oz",$11.18,,,,[],Many in stock,"https://www.instacart.com/image-server/197x197/filters:fill(FFF,true):format(jpg)/d2lnr5mha7bycj.cloudfront.net/product-image/file/large_8e75a3b2-843f-40e6-ad1b-99fc8f59af83.jpeg,"
Sam's Club,"Vegetable Tray with Ranch Dip, 4 lbs",$14.92,,,,[],Many in stock,"https://www.instacart.com/image-server/197x197/filters:fill(FFF,true):format(jpg)/d2lnr5mha7bycj.cloudfront.net/product-image/file/large_c3318119-4394-44e1-8773-af46d5e8187f.jpeg,"
Sam's Club,Kirkland Signature Caesar Salad with Caesar Dressing & Croutons,$10.90,/pkg (est.),$5.59 / lb,About 1.95 lb / package,[],,"https://www.instacart.com/image-server/197x197/filters:fill(FFF,true):format(jpg)/d2lnr5mha7bycj.cloudfront.net/product-image/file/large_10c68e97-32cd-4156-a2e3-07efa3672ba6.jpeg,"
Sam's Club,"Kirkland Signature Five Cheese Tortelloni, 24 oz, 2-count",$13.67,,,2 ct,[],Many in stock,"https://www.instacart.com/image-server/197x197/filters:fill(FFF,true):format(jpg)/d2lnr5mha7bycj.cloudfront.net/product-image/file/large_bd1865a5-700d-4cbe-9fc6-a700359b877d.jpeg,"
Sam's Club,Kirkland Signature Meatloaf with Yukon Gold Mashed Potatoes,$20.48,/pkg (est.),$4.96 / lb,About 4.13 lb / package,[],,"https://www.instacart.com/image-server/197x197/filters:fill(FFF,true):format(jpg)/d2lnr5mha7bycj.cloudfront.net/product-image/file/large_78733a0b-b3f3-4a19-a1bc-d3ea5825ac0d.jpeg,"
Sam's Club,Kirkland Signature Stuffed Bell Peppers with Ground Beef & Rice,$23.47,/pkg (est.),$6.21 / lb,About 3.78 lb / package,[],,"https://www.instacart.com/image-server/197x197/filters:fill(FFF,true):format(jpg)/d2lnr5mha7bycj.cloudfront.net/product-image/file/large_8b60e5a2-cc01-4c29-b936-8ca680a29175.jpeg,"
Sam's Club,"Green Goddess Salad Kit, 2-count",$9.94,,,,[],Many in stock,"https://www.instacart.com/image-server/197x197/filters:fill(FFF,true):format(jpg)/d2lnr5mha7bycj.cloudfront.net/product-image/file/large_bf00876c-1530-4682-87c3-0530c1232a3f.jpeg,"
Sam's Club,"Real Good Food Chicken & Pepperjack Burritos, 32 oz, 4-count",$14.79,,,,[],Many in stock,"https://www.instacart.com/image-server/197x197/filters:fill(FFF,true):format(jpg)/d2lnr5mha7bycj.cloudfront.net/product-image/file/large_2e24b558-cb22-4dd9-bb55-1742ac902570.jpeg,"
Sam's Club,"Main Street Bistro Scalloped Potatoes, 40 oz",$9.69,,,,[],Many in stock,"https://www.instacart.com/image-server/197x197/filters:fill(FFF,true):format(jpg)/d2lnr5mha7bycj.cloudfront.net/product-image/file/large_396cd056-4389-4715-a920-9c97d01cb323.jpeg,"
Sam's Club,"Mush Overnight Oats Variety, 5 fl oz, 8-count",$11.70,,,,[],Many in stock,"https://www.instacart.com/image-server/197x197/filters:fill(FFF,true):format(jpg)/d2lnr5mha7bycj.cloudfront.net/product-image/file/large_52a1269b-b4f5-4f1b-ae55-456a95f88e9c.jpeg,"
Sam's Club,Kirkland Signature Yakisoba Stir Fry,$25.55,/pkg (est.),$7.45 / lb,About 3.43 lb / package,[],,"https://www.instacart.com/image-server/197x197/filters:fill(FFF,true):format(jpg)/d2lnr5mha7bycj.cloudfront.net/product-image/file/large_3e255bd1-c828-42f3-9df3-225fd41b2bd8.jpeg,"
Sam's Club,"Kirkland Signature Roasted Chicken & Swiss Roller Tray, 12-count",$16.53,/pkg (est.),$8.70 / lb,About 1.9 lb / package,[],,"https://www.instacart.com/image-server/197x197/filters:fill(FFF,true):format(jpg)/d2lnr5mha7bycj.cloudfront.net/product-image/file/large_97a3026f-5270-460e-90bd-920089f8d7cd.jpeg,"
Sam's Club,Kirkland Signature Ravioli Lasagna with Beef & Pork Bolognese Sauce,$21.98,/pkg (est.),$6.21 / lb,About 3.54 lb / package,[],,"https://www.instacart.com/image-server/197x197/filters:fill(FFF,true):format(jpg)/d2lnr5mha7bycj.cloudfront.net/product-image/file/large_04752050-1aba-4ac4-87c2-029a7e585be8.jpeg,"
Sam's Club,"Busseto California Snackin' Bite Size Salami & Provolne Cheese, 8-count",$14.79,,,8 ct,[],Many in stock,"https://www.instacart.com/image-server/197x197/filters:fill(FFF,true):format(jpg)/d2lnr5mha7bycj.cloudfront.net/product-image/file/large_a4e738ea-efdb-451d-a870-8cfc8d323964.jpeg,"
Sam's Club,"Kirkland Signature Organic Hard-Boiled Eggs, Cage Free, Peeled, 16-count, 2-pack",$16.78,,,2 ct,[],Many in stock,"https://www.instacart.com/image-server/197x197/filters:fill(FFF,true):format(jpg)/d2lnr5mha7bycj.cloudfront.net/product-image/file/large_858b5444-5d1b-4208-912c-2fb3ade6cca3.jpeg,"
Sam's Club,"Kirkland Signature Chicken Tortilla Soup, 2 lbs, 2-count",$10.93,,,2 ct,[],Many in stock,"https://www.instacart.com/image-server/197x197/filters:fill(FFF,true):format(jpg)/d2lnr5mha7bycj.cloudfront.net/product-image/file/large_131c8a18-36bf-494e-976f-c6d6cd888431.jpeg,"
Sam's Club,"Reser's Fine Foods Main St. Bistro All Natural Mashed Potatoes, 32 oz, 2-count",$9.82,,,2 ct,[],Many in stock,"https://www.instacart.com/image-server/197x197/filters:fill(FFF,true):format(jpg)/d2lnr5mha7bycj.cloudfront.net/product-image/file/large_3df8cf2a-f2f8-4582-8863-7c11d5dc9649.jpeg,"
Sam's Club,Kirkland Signature Rotisserie Chicken Enchilada,$28.61,/pkg (est.),$7.45 / lb,About 3.84 lb / package,[],,"https://www.instacart.com/image-server/197x197/filters:fill(FFF,true):format(jpg)/d2lnr5mha7bycj.cloudfront.net/product-image/file/large_d0830c5b-1b54-48be-8727-5513867920a5.jpeg,"
Sam's Club,"Kirkland Signature Chicken Pot Pie, All White Meat, Ready To Bake",$28.92,/pkg (est.),$4.96 / lb,About 5.83 lb / package,[],,"https://www.instacart.com/image-server/197x197/filters:fill(FFF,true):format(jpg)/d2lnr5mha7bycj.cloudfront.net/product-image/file/large_bd819f6e-b44d-439e-80aa-4a4effc5cbc7.jpeg,"
Sam's Club,"Panera Bread at Home Mac & Cheese, 2 pack, 48 oz",$13.67,,,,[],Many in stock,"https://www.instacart.com/image-server/197x197/filters:fill(FFF,true):format(jpg)/d2lnr5mha7bycj.cloudfront.net/product-image/file/large_115214bf-31da-4cb9-bf0a-16f94e0943bb.jpeg,"
Sam's Club,Kirkland Signature Rotisserie Chicken Noodle Soup,$17.23,/pkg (est.),$4.34 / lb,About 3.97 lb / package,[],,"https://www.instacart.com/image-server/197x197/filters:fill(FFF,true):format(jpg)/d2lnr5mha7bycj.cloudfront.net/product-image/file/large_e8886712-de89-4b60-8a19-230ad567ef5f.jpeg,"
Sam's Club,"Kirkland Signature Gyro Kit, 6-count",$25.50,/pkg (est.),$8.07 / lb,About 3.16 lb / package,[],,"https://www.instacart.com/image-server/197x197/filters:fill(FFF,true):format(jpg)/d2lnr5mha7bycj.cloudfront.net/product-image/file/large_6a91766a-276d-408e-be3b-7cefaac3d05e.jpeg,"
Sam's Club,"Starbucks Sous Vide Egg Bites, Egg White and Roasted Red Pepper, 10-count",$18.40,,,,[],Many in stock,"https://www.instacart.com/image-server/197x197/filters:fill(FFF,true):format(jpg)/d2lnr5mha7bycj.cloudfront.net/product-image/file/large_836c9a18-2881-4fde-976a-0046968570f0.jpeg,"
Sam's Club,Kirkland Signature Beef Chili,$19.84,/pkg (est.),$4.96 / lb,About 4.0 lb / package,[],,"https://www.instacart.com/image-server/197x197/filters:fill(FFF,true):format(jpg)/d2lnr5mha7bycj.cloudfront.net/product-image/file/large_376a1796-eefd-4415-8a82-fbd6b55f8a7a.jpeg,"
Sam's Club,"Del Real Birria & Cheese Pupusas, 51 oz",$19.77,,,,[],Many in stock,"https://www.instacart.com/image-server/197x197/filters:fill(FFF,true):format(jpg)/d2lnr5mha7bycj.cloudfront.net/product-image/file/large_57e36787-45f8-4f74-aa72-760b9922f342.jpeg,"
Sam's Club,Kirkland Signature Chicken Sandwich on Sprouted Grain Bread,$17.14,/pkg (est.),$7.45 / lb,About 2.3 lb / package,[],,"https://www.instacart.com/image-server/197x197/filters:fill(FFF,true):format(jpg)/d2lnr5mha7bycj.cloudfront.net/product-image/file/large_980924da-201c-4ac7-a700-01588882407c.jpeg,"
Sam's Club,"Kevin's Chicken Queso Soup with Hatch Chiles, 24 oz, 2-count",$14.92,,,,[],,"https://www.instacart.com/image-server/197x197/filters:fill(FFF,true):format(jpg)/d2lnr5mha7bycj.cloudfront.net/product-image/file/large_5eb4112b-0483-4b47-8f17-b65489e33d6c.jpeg,"
Sam's Club,"Natural & Kosher Sliced Cheese Variety Pack, 24 oz",$12.43,,,,[],Many in stock,"https://www.instacart.com/image-server/197x197/filters:fill(FFF,true):format(jpg)/d2lnr5mha7bycj.cloudfront.net/product-image/file/large_1f1b0d08-f929-49c4-89f1-5636947fbf5f.jpeg,"
Sam's Club,Sukhi's Chicken Coconut Curry with Mango,$18.65,,,,[],Many in stock,"https://www.instacart.com/image-server/197x197/filters:fill(FFF,true):format(jpg)/d2lnr5mha7bycj.cloudfront.net/product-image/file/large_8e7011f4-71f8-4dc1-b435-bd0d77094b01.jpeg,"
Sam's Club,"Sukhi's Chicken Tikka Masala, 36 oz",$18.65,,,2 ct,[],Many in stock,"https://www.instacart.com/image-server/197x197/filters:fill(FFF,true):format(jpg)/d2lnr5mha7bycj.cloudfront.net/product-image/file/large_8b5e519d-d317-4a40-99ba-b3bf97a4412e.jpeg,"
Sam's Club,"Kasia's Pierogi Potato & Cheese, 14 oz, 3 count",$13.67,,,3 ct,[],,"https://www.instacart.com/image-server/197x197/filters:fill(FFF,true):format(jpg)/d2lnr5mha7bycj.cloudfront.net/product-image/file/large_7db63d1e-252d-4025-a10f-52026b1087ab.jpeg,"
Sam's Club,"Blue Hill Bay Smoked Whitefish Salad, 2 lbs",$18.65,,,,[],Many in stock,"https://www.instacart.com/image-server/197x197/filters:fill(FFF,true):format(jpg)/d2lnr5mha7bycj.cloudfront.net/product-image/file/large_b9964622-8c8d-4bb1-bbbe-0e4e393e8929.jpeg,"
Sam's Club,"Kirkland Signature Shepherd's Pie, Ready To Bake",$25.81,/pkg (est.),$4.71 / lb,About 5.48 lb / package,[],,"https://www.instacart.com/image-server/197x197/filters:fill(FFF,true):format(jpg)/d2lnr5mha7bycj.cloudfront.net/product-image/file/large_b0e1c6af-053d-40f9-b01c-8107c5861ff1.jpeg,"
Sam's Club,"Frigo Cheese Heads String Cheese Sticks, 1 oz, 60-count",$13.55,,,60 ct,['Keto'],Many in stock,"https://www.instacart.com/image-server/197x197/filters:fill(FFF,true):format(jpg)/d2lnr5mha7bycj.cloudfront.net/product-image/file/large_ca219cbd-fe0b-46a7-9f26-687877bd598d.jpeg,"
Sam's Club,"Kirkland Signature Aged Parmigiano Reggiano Cheese, Shredded, 1 lb",$17.15,,,,[],Many in stock,"https://www.instacart.com/image-server/197x197/filters:fill(FFF,true):format(jpg)/d2lnr5mha7bycj.cloudfront.net/product-image/file/large_05f3ea2c-e5ad-45ec-a468-5510ee999154.jpeg,"
Sam's Club,"Tillamook Extra Sharp White Cheddar, 2 lbs",$14.79,,,"★★★★★
★★★★★
(179)","['Cow Milk', 'Keto']",Many in stock,"https://www.instacart.com/image-server/197x197/filters:fill(FFF,true):format(jpg)/d2lnr5mha7bycj.cloudfront.net/product-image/file/large_93a3b464-8128-4707-9d59-ed04d34a2946.jpeg,"
Sam's Club,"Cello Variety Pack, Cracker Cut, Premium Sliced Cheeses, 2 lbs",$16.16,,,,[],Many in stock,"https://www.instacart.com/image-server/197x197/filters:fill(FFF,true):format(jpg)/d2lnr5mha7bycj.cloudfront.net/product-image/file/large_cb4e01e1-e1a0-4621-be5c-7e9445df73e7.jpeg,"
Sam's Club,"Kirkland Signature Shredded Mozarella Cheese, 2.5 lbs, 2-count",$14.92,,,2 ct,['Keto'],Many in stock,"https://www.instacart.com/image-server/197x197/filters:fill(FFF,true):format(jpg)/d2lnr5mha7bycj.cloudfront.net/product-image/file/large_9423fdf8-e3e6-4f33-af4d-bec5d1bb54b6.jpeg,"
Sam's Club,"Kirkland Signature Cheddar Jack Cheese, 2.5 lbs, 2-count",$16.16,,,2 ct,[],Many in stock,"https://www.instacart.com/image-server/197x197/filters:fill(FFF,true):format(jpg)/d2lnr5mha7bycj.cloudfront.net/product-image/file/large_17c82579-b5f2-4cde-b91c-d57fe1b7b890.jpeg,"
Sam's Club,"Organic Valley Stringles Organic String Cheese, 28 g, 24-count",$11.81,,,,"['Organic', 'Non-GMO']",Many in stock,"https://www.instacart.com/image-server/197x197/filters:fill(FFF,true):format(jpg)/d2lnr5mha7bycj.cloudfront.net/product-image/file/large_b4f95f41-2c25-4f64-b93f-8e57a488ba75.jpeg,"
Sam's Club,"Queso Mama White Queso, 2 lbs",$11.18,,,,[],Many in stock,"https://www.instacart.com/image-server/197x197/filters:fill(FFF,true):format(jpg)/d2lnr5mha7bycj.cloudfront.net/product-image/file/large_a9d29e66-390d-49ac-b979-f082249030e5.jpeg,"
Sam's Club,"Tillamook Medium Cheddar Cheese, 2.5 lbs",$11.18,,,,"['Cow Milk', 'Keto']",Many in stock,"https://www.instacart.com/image-server/197x197/filters:fill(FFF,true):format(jpg)/d2lnr5mha7bycj.cloudfront.net/product-image/file/large_193cfcd4-8089-4a07-bbc2-0cf46782e7cc.jpeg,"
Sam's Club,"Babybel Mini Snack Cheese, Original, 0.71 oz, 36-count",$17.15,,,,['Cow Milk'],Many in stock,"https://www.instacart.com/image-server/197x197/filters:fill(FFF,true):format(jpg)/d2lnr5mha7bycj.cloudfront.net/product-image/file/large_248ea257-e563-48dc-98ea-ca89a7a6e8ca.jpeg,"
Sam's Club,"Kraft Grated Parmesan Cheese, 24 oz",$9.82,,,"★★★★★
★★★★★
(909)",['Keto'],Many in stock,"https://www.instacart.com/image-server/197x197/filters:fill(FFF,true):format(jpg)/d2lnr5mha7bycj.cloudfront.net/product-image/file/large_c2cce34c-1a72-42dc-a9f0-2fa885e03681.jpeg,"
Sam's Club,"Arla Havarti Cheese Slices, 2 lbs",$10.56,,,,[],Many in stock,"https://www.instacart.com/image-server/197x197/filters:fill(FFF,true):format(jpg)/d2lnr5mha7bycj.cloudfront.net/product-image/file/large_6bb2c92b-e3c2-41da-b08a-d38fe652b9cb.jpeg,"
Sam's Club,"BelGioioso Fresh Mozzarella Snacking Cheese, 1 oz, 24-count",$12.30,,,24 ct,[],Many in stock,"https://www.instacart.com/image-server/197x197/filters:fill(FFF,true):format(jpg)/d2lnr5mha7bycj.cloudfront.net/product-image/file/large_900895e0-e0d5-4de9-8a88-b632020cb1e5.jpeg,"
Sam's Club,"Kirkland Signature French Brie, 1.32 lbs",$12.43,,,,[],Many in stock,"https://www.instacart.com/image-server/197x197/filters:fill(FFF,true):format(jpg)/d2lnr5mha7bycj.cloudfront.net/product-image/file/large_e617f439-6bf5-4249-99b5-228c33758236.jpeg,"
Sam's Club,"Boursin Garlic & Fine Herbs + Shallot & Chive, Gournay Cheese, 5.2 oz, 3-count",$11.70,,,3 ct,[],Many in stock,"https://www.instacart.com/image-server/197x197/filters:fill(FFF,true):format(jpg)/d2lnr5mha7bycj.cloudfront.net/product-image/file/large_88bedde6-86fd-401f-855f-99617673efd1.jpeg,"
Sam's Club,"Adams Reserve Extra Sharp Cheddar Cheese Slices, 32 oz",$9.94,,,,[],Many in stock,"https://www.instacart.com/image-server/197x197/filters:fill(FFF,true):format(jpg)/d2lnr5mha7bycj.cloudfront.net/product-image/file/large_c07a1f10-a1e8-4489-92a0-95a59d99d7ba.jpeg,"
Sam's Club,"Kraft Singles American Cheese, 96 Slices, 4 lbs",$15.54,,,"★★★★★
★★★★★
(947)",[],Many in stock,"https://www.instacart.com/image-server/197x197/filters:fill(FFF,true):format(jpg)/d2lnr5mha7bycj.cloudfront.net/product-image/file/large_e899a2e1-f9bf-4340-80e9-3d35cb12efab.jpeg,"
Sam's Club,"Cello Feta Crumbles, 1.5 lbs",$8.70,,,,[],Many in stock,"https://www.instacart.com/image-server/197x197/filters:fill(FFF,true):format(jpg)/d2lnr5mha7bycj.cloudfront.net/product-image/file/large_9db461a9-209a-4412-a105-ea240e30512d.jpeg,"
Sam's Club,"Good Culture Cottage Cheese, 48 oz",$9.32,,,,[],,"https://www.instacart.com/image-server/197x197/filters:fill(FFF,true):format(jpg)/d2lnr5mha7bycj.cloudfront.net/product-image/file/large_601be56a-ff25-435b-be79-e25d27c81a8a.jpeg,"
Sam's Club,"Cabot Classic Vermont Cheddar Cheese, 2 lbs",$11.18,,,,[],Many in stock,"https://www.instacart.com/image-server/197x197/filters:fill(FFF,true):format(jpg)/d2lnr5mha7bycj.cloudfront.net/product-image/file/large_e5bcd1c3-12e0-45ff-a8b5-c24da2379383.jpeg,"
Sam's Club,"Natural & Kosher Muenster Cheese, Deli Slices, 32 oz",$13.67,,,,['Keto'],Many in stock,"https://www.instacart.com/image-server/197x197/filters:fill(FFF,true):format(jpg)/d2lnr5mha7bycj.cloudfront.net/product-image/file/large_901f6bd6-72c4-4578-9b7a-e9ef07374ac9.jpeg,"
Sam's Club,"Papious Halloumi Cheese, 8.8 oz, 2-count",$8.70,,,,[],Many in stock,"https://www.instacart.com/image-server/197x197/filters:fill(FFF,true):format(jpg)/d2lnr5mha7bycj.cloudfront.net/product-image/file/large_b65fdd04-e861-4772-99ba-297d8c34fb8f.jpeg,"
Sam's Club,"Natural & Kosher Mexican Blend, 2 lbs",$11.81,,,,[],Many in stock,"https://www.instacart.com/image-server/197x197/filters:fill(FFF,true):format(jpg)/d2lnr5mha7bycj.cloudfront.net/product-image/file/large_d0398e64-0b58-4cc5-9f4c-8e170abea1f5.jpeg,"
Sam's Club,"Roth Cheese Slices, Variety Pack, 2 lbs",$11.93,,,,['Cow Milk'],Many in stock,"https://www.instacart.com/image-server/197x197/filters:fill(FFF,true):format(jpg)/d2lnr5mha7bycj.cloudfront.net/product-image/file/large_c9f01229-0305-41e4-bd9e-22622690875f.jpeg,"
Sam's Club,"V&V Supremo Queso Chihuahua, 2.5 lbs",$13.67,,,,[],Many in stock,"https://www.instacart.com/image-server/197x197/filters:fill(FFF,true):format(jpg)/d2lnr5mha7bycj.cloudfront.net/product-image/file/large_6568dbc8-bed2-4d50-b2ef-ddebfff1108c.jpeg,"
Sam's Club,Kerrygold Dubliner Cheese,$16.01,/pkg (est.),$8.70 / lb,About 1.84 lb / package,[],,"https://www.instacart.com/image-server/197x197/filters:fill(FFF,true):format(jpg)/d2lnr5mha7bycj.cloudfront.net/product-image/file/large_b65c897e-8dec-4211-8422-b502151ee5b0.jpeg,"
Sam's Club,"Natural & Kosher Mozzarella Cheese, 32 oz",$11.81,,,,['Keto'],Many in stock,"https://www.instacart.com/image-server/197x197/filters:fill(FFF,true):format(jpg)/d2lnr5mha7bycj.cloudfront.net/product-image/file/large_cd293e5f-3ac6-4aa8-9656-5f14722daad9.jpeg,"
Sam's Club,"Kirkland Signature Italian Parmigiano Reggiano, 1 lb",$20.40,/pkg (est.),$13.42 / lb,About 1.52 lb / package,[],,"https://www.instacart.com/image-server/197x197/filters:fill(FFF,true):format(jpg)/d2lnr5mha7bycj.cloudfront.net/product-image/file/large_a57fe50b-51d5-48ad-9b89-b9e60b82a2fa.jpeg,"
Sam's Club,"Kirkland Signature Fresh Goat Cheese, 10oz, 2-count",$9.57,,,2 ct,['Goat Milk'],Many in stock,"https://www.instacart.com/image-server/197x197/filters:fill(FFF,true):format(jpg)/d2lnr5mha7bycj.cloudfront.net/product-image/file/large_cde2dc2c-2f9c-4a48-9c22-8f8dfa04ace0.jpeg,"
Sam's Club,"Belgioioso Burrata, 2 oz Minis, 8-count",$9.32,,,,['Keto'],Many in stock,"https://www.instacart.com/image-server/197x197/filters:fill(FFF,true):format(jpg)/d2lnr5mha7bycj.cloudfront.net/product-image/file/large_d30f65c4-ceba-494b-a7af-96b455a65849.jpeg,"
Sam's Club,"Kirkland Signature Fresh Mozzarella, 18 oz, 2-count",$9.57,,,2 ct,[],,"https://www.instacart.com/image-server/197x197/filters:fill(FFF,true):format(jpg)/d2lnr5mha7bycj.cloudfront.net/product-image/file/large_7e4a3746-f575-4d7f-99cd-735f66ac7d4a.jpeg,"
Sam's Club,"Cabot Habanero Cheddar Cheese, 32 oz",$12.43,,,,[],Many in stock,"https://www.instacart.com/image-server/197x197/filters:fill(FFF,true):format(jpg)/d2lnr5mha7bycj.cloudfront.net/product-image/file/large_19d6e922-e708-4d98-ac2c-7c69459b752f.jpeg,"
Sam's Club,"Meredith Dairy Marinated Goat Cheese, 550 g",$18.65,,,,[],Many in stock,"https://www.instacart.com/image-server/197x197/filters:fill(FFF,true):format(jpg)/d2lnr5mha7bycj.cloudfront.net/product-image/file/large_9c5dbe05-1150-40d9-9e80-287d015f685a.jpeg,"
Sam's Club,"Verka Paneer Indian Cottage Cheese, 2 lbs",$13.05,,,,[],Many in stock,"https://www.instacart.com/image-server/197x197/filters:fill(FFF,true):format(jpg)/d2lnr5mha7bycj.cloudfront.net/product-image/file/large_dea19687-aa7d-476a-85ca-1ab774df1433.jpeg,"
Sam's Club,"Snowdonia Cheese Company Truffle Trove, 7 oz",$9.69,,,,[],Many in stock,"https://www.instacart.com/image-server/197x197/filters:fill(FFF,true):format(jpg)/d2lnr5mha7bycj.cloudfront.net/product-image/file/large_8cb80e51-ea0e-4f3c-acd3-5dbb2c1618f4.jpeg,"
Sam's Club,"Dodoni Feta Cheese, 3.3 lbs",$17.40,,,,[],Many in stock,"https://www.instacart.com/image-server/197x197/filters:fill(FFF,true):format(jpg)/d2lnr5mha7bycj.cloudfront.net/product-image/file/large_e840bb18-5ed9-4148-b605-ff0b4a557f10.jpeg,"
Sam's Club,"Tnuva Feta Cheese, 2 count",$19.58,/pkg (est.),$9.94 / lb,About 1.97 lb / package,[],,"https://www.instacart.com/image-server/197x197/filters:fill(FFF,true):format(jpg)/d2lnr5mha7bycj.cloudfront.net/product-image/file/large_9c3ba8df-f834-406b-8ca4-c601134472d9.jpeg,"
Sam's Club,"BelGioioso Parmesan Romano, 2 lbs",$14.67,,,,['Cow Milk'],Many in stock,"https://www.instacart.com/image-server/197x197/filters:fill(FFF,true):format(jpg)/d2lnr5mha7bycj.cloudfront.net/product-image/file/large_8e6dcd26-94b1-4f62-98f3-a2a0cfef0897.jpeg,"
Sam's Club,"Farm Rich Breaded Cheddar Cheese Curds, 2.5 lbs",$13.67,,,,[],Many in stock,"https://www.instacart.com/image-server/197x197/filters:fill(FFF,true):format(jpg)/d2lnr5mha7bycj.cloudfront.net/product-image/file/large_0da8f08f-a5c6-4819-bd75-81283d314bda.jpeg,"
Sam's Club,"Kirkland Signature 2% Reduced Fat Milk, 1 gal",$3.55,,,,['Cow Milk'],Many in stock,"https://www.instacart.com/image-server/197x197/filters:fill(FFF,true):format(jpg)/d2lnr5mha7bycj.cloudfront.net/product-image/file/large_787448b1-ff25-4df3-b717-e80fdffb7f61.jpeg,"
Sam's Club,"Kirkland Signature Organic Whole Milk, Half Gallon, 3-count",$14.67,,,64 fl oz,['Organic'],Many in stock,"https://www.instacart.com/image-server/197x197/filters:fill(FFF,true):format(jpg)/d2lnr5mha7bycj.cloudfront.net/product-image/file/large_8b7978cb-3251-49b5-bd42-78974fd5178a.jpeg,"
Sam's Club,"Horizon, Organic Whole Milk, 8 oz, 18-Count",$23.62,,,18 ct,['Organic'],Many in stock,"https://www.instacart.com/image-server/197x197/filters:fill(FFF,true):format(jpg)/d2lnr5mha7bycj.cloudfront.net/product-image/file/large_0c934fa7-c4dd-4ec9-bf79-33d86272dcc8.jpeg,"
Sam's Club,"Kirkland Signature Organic Non-Dairy Beverage, 6 X 32 oz",$12.18,,,32 fl oz,['Organic'],Many in stock,"https://www.instacart.com/image-server/197x197/filters:fill(FFF,true):format(jpg)/d2lnr5mha7bycj.cloudfront.net/product-image/file/large_cac642ab-57e3-412c-ad12-6793ec846e33.jpeg,"
Sam's Club,"Kirkland Signature, Organic Almond Beverage, Vanilla, 32 fl oz, 6-Count",$8.70,,,6 ct,['Organic'],Many in stock,"https://www.instacart.com/image-server/197x197/filters:fill(FFF,true):format(jpg)/d2lnr5mha7bycj.cloudfront.net/product-image/file/large_9082edcc-938e-493f-ba29-6e59ac655228.jpeg,"
Sam's Club,"Kirkland Signature Organic A2 Whole Milk, Half Gallon, 3-count",$17.03,,,3 ct,['Organic'],Many in stock,"https://www.instacart.com/image-server/197x197/filters:fill(FFF,true):format(jpg)/d2lnr5mha7bycj.cloudfront.net/product-image/file/large_bb186f98-c738-43dc-a8da-2453549fec36.jpeg,"
Sam's Club,"Kirkland Signature Fat Free Milk, 1 gal",$2.97,,,,[],Many in stock,"https://www.instacart.com/image-server/197x197/filters:fill(FFF,true):format(jpg)/d2lnr5mha7bycj.cloudfront.net/product-image/file/large_cc61a9cb-ce4d-4182-9e34-39f30fac30f0.jpeg,"
Sam's Club,"Kirkland Signature Organic Lactose Free Milk, 64 fl oz, 3 count",$14.92,,,3 ct,['Organic'],Many in stock,"https://www.instacart.com/image-server/197x197/filters:fill(FFF,true):format(jpg)/d2lnr5mha7bycj.cloudfront.net/product-image/file/large_b237422c-e627-4247-8832-6edd7af11897.jpeg,"
Sam's Club,Silk Original Organic Almond Milk,$13.67,,,3 ct,['Organic'],,"https://www.instacart.com/image-server/197x197/filters:fill(FFF,true):format(jpg)/d2lnr5mha7bycj.cloudfront.net/product-image/file/large_12c96aa3-6139-411c-9597-9ef825b0cd7d.jpeg,"
Sam's Club,"Kirkland Signature Low Fat 1% Milk, 1 gal",$3.30,,,,[],Many in stock,"https://www.instacart.com/image-server/197x197/filters:fill(FFF,true):format(jpg)/d2lnr5mha7bycj.cloudfront.net/product-image/file/large_86e6b1a8-a53b-4f75-b4a8-b24a5cdaa039.jpeg,"
Sam's Club,"Kirkland Signature Organic 2% Reduced Fat Milk, Half Gallon, 3-count",$15.91,,,64 fl oz,['Organic'],Many in stock,"https://www.instacart.com/image-server/197x197/filters:fill(FFF,true):format(jpg)/d2lnr5mha7bycj.cloudfront.net/product-image/file/large_b6b2dac0-8fdc-420b-b6dd-fe3f31c5a77f.jpeg,"
Sam's Club,"Kirkland Signature Organic 1% Low Fat Milk , 64 fl oz, 3-count",$13.67,,,192 fl oz,['Organic'],Many in stock,"https://www.instacart.com/image-server/197x197/filters:fill(FFF,true):format(jpg)/d2lnr5mha7bycj.cloudfront.net/product-image/file/large_23f35c40-4da7-474f-a019-16d2b9c804f6.jpeg,"
Sam's Club,"SO Delicious, Organic Coconut Milk, 32 oz, 6-Count",$14.29,,,32 fl oz,"['Organic', 'Vegan']",,"https://www.instacart.com/image-server/197x197/filters:fill(FFF,true):format(jpg)/d2lnr5mha7bycj.cloudfront.net/product-image/file/large_154bfb90-9d5f-4396-91cb-63dc3bba0afa.jpeg,"
Sam's Club,"Kirkland Signature, Organic Reduced Fat Chocolate Milk, 8.25 fl oz, 24-Count",$22.26,,,24 ct,['Organic'],Many in stock,"https://www.instacart.com/image-server/197x197/filters:fill(FFF,true):format(jpg)/d2lnr5mha7bycj.cloudfront.net/product-image/file/large_5fa7f3f5-e1eb-497b-a972-60de8522f426.jpeg,"
Sam's Club,"Kirkland Signature, Almond Milk, 1 qt, 12-count",$13.67,,,12 ct,['Vegan'],Many in stock,"https://www.instacart.com/image-server/197x197/filters:fill(FFF,true):format(jpg)/d2lnr5mha7bycj.cloudfront.net/product-image/file/large_e4ec71a6-f5a8-4e56-b890-e7b49a029ed4.jpeg,"
Sam's Club,"Kirkland Signature Organic Chocolate Banana Beverage, 11 oz, 18-count",$26.73,,,,['Organic'],Many in stock,"https://www.instacart.com/image-server/197x197/filters:fill(FFF,true):format(jpg)/d2lnr5mha7bycj.cloudfront.net/product-image/file/large_d146316f-fe38-4b13-8abf-fa7c8d104738.jpeg,"
Sam's Club,"KS Organic Whole Milk, 8 fl oz, 18-count",$16.16,,,,['Organic'],,"https://www.instacart.com/image-server/197x197/filters:fill(FFF,true):format(jpg)/d2lnr5mha7bycj.cloudfront.net/product-image/file/large_9a4d2236-07fd-4b9d-bcb6-ea735cb2c855.jpeg,"
Sam's Club,"Kirkland Signature, Organic Soy Beverage, Vanilla, 32 fl oz, 12-Count",$18.03,,,12 ct,['Organic'],Many in stock,"https://www.instacart.com/image-server/197x197/filters:fill(FFF,true):format(jpg)/d2lnr5mha7bycj.cloudfront.net/product-image/file/large_c28c9b5b-ca4e-4ea4-8862-4c4ca9ff672c.jpeg,"
Sam's Club,"Crazy Cuizine Mandarin Orange Chicken, 2-count",$20.51,,,,[],Many in stock,"https://www.instacart.com/image-server/197x197/filters:fill(FFF,true):format(jpg)/d2lnr5mha7bycj.cloudfront.net/product-image/file/large_38bccaed-cdc3-44c3-bc79-052615fbba83.jpeg,"
Sam's Club,"Kirkland Signature Pepperoni Pizza, 19.05 oz, 4-count",$17.15,,,4 ct,[],Many in stock,"https://www.instacart.com/image-server/197x197/filters:fill(FFF,true):format(jpg)/d2lnr5mha7bycj.cloudfront.net/product-image/file/large_22d6c05d-a8a3-4fb5-8055-c5cbad9c96ed.jpeg,"
Sam's Club,"Ajinomoto Yakitori Chicken Fried Rice, 9 oz, 6-count",$18.65,,,,[],Many in stock,"https://www.instacart.com/image-server/197x197/filters:fill(FFF,true):format(jpg)/d2lnr5mha7bycj.cloudfront.net/product-image/file/large_795b241c-c04d-4114-bf44-68cb5ea3a399.jpeg,"
Sam's Club,"Kirkland Signature Cauliflower Crust Pizza, Supreme, 2-count",$14.92,,,,['Gluten-Free'],Many in stock,"https://www.instacart.com/image-server/197x197/filters:fill(FFF,true):format(jpg)/d2lnr5mha7bycj.cloudfront.net/product-image/file/large_025d0425-9ea0-46cd-9511-d7ef8dc95acd.jpeg,"
Sam's Club,"Authentic Motor City Pizza Co Detroit-Style Deep Dish Pizza, Double Pepperoni, 2-count",$15.79,,,2 ct,[],Many in stock,"https://www.instacart.com/image-server/197x197/filters:fill(FFF,true):format(jpg)/d2lnr5mha7bycj.cloudfront.net/product-image/file/large_a8c2d3c7-0a07-4e13-8bbe-3c53732a6725.jpeg,"
Sam's Club,"Kirkland Signature Italian Sausage and Beef Lasagna, 3 lbs, 2-count",$20.76,,,2 ct,[],Many in stock,"https://www.instacart.com/image-server/197x197/filters:fill(FFF,true):format(jpg)/d2lnr5mha7bycj.cloudfront.net/product-image/file/large_5366b28f-0c6e-4895-9423-ef97798922b6.jpeg,"
Sam's Club,"Birds Eye Garlic Chicken, 63 oz",$13.30,,,,[],Many in stock,"https://www.instacart.com/image-server/197x197/filters:fill(FFF,true):format(jpg)/d2lnr5mha7bycj.cloudfront.net/product-image/file/large_1056294a-baa8-4d69-866e-497e3098e0b5.jpeg,"
Sam's Club,"Kirkland Signature Cheese Pizza, 4-count",$13.67,,,,[],Many in stock,"https://www.instacart.com/image-server/197x197/filters:fill(FFF,true):format(jpg)/d2lnr5mha7bycj.cloudfront.net/product-image/file/large_e744e3db-4d97-4c16-8032-b4b43dc3bc5e.jpeg,"
Sam's Club,"Ajinomoto Shoyu Ramen, 268 g, 6-count",$22.38,,,,[],Many in stock,"https://www.instacart.com/image-server/197x197/filters:fill(FFF,true):format(jpg)/d2lnr5mha7bycj.cloudfront.net/product-image/file/large_ec822c75-496e-4bd1-804f-8f404d0e88c3.jpeg,"
Sam's Club,"Ajinomoto Yakisoba with Vegetables, All Natural, 9 oz, 6-count",$18.03,,,6 ct,[],Many in stock,"https://www.instacart.com/image-server/197x197/filters:fill(FFF,true):format(jpg)/d2lnr5mha7bycj.cloudfront.net/product-image/file/large_174aca18-ff62-4e1a-885e-17d1b82c449c.jpeg,"
Sam's Club,"Marie Callender's, Chicken Pot Pies, 10 oz, 8-count",$17.28,,,8 ct,[],,"https://www.instacart.com/image-server/197x197/filters:fill(FFF,true):format(jpg)/d2lnr5mha7bycj.cloudfront.net/product-image/file/large_4bddfa59-667c-4935-9c17-ef7b8e307687.jpeg,"
Sam's Club,"The Falafel Company Beef Kebabs, 24 oz",$14.92,,,,[],Many in stock,"https://www.instacart.com/image-server/197x197/filters:fill(FFF,true):format(jpg)/d2lnr5mha7bycj.cloudfront.net/product-image/file/large_44a83ac9-5485-43bd-887c-4de345f6562f.jpeg,"
Sam's Club,"Don Miguel Egg & Sausage Breakfast Burritos , 7 oz, 6 count",$14.92,,,,[],Many in stock,"https://www.instacart.com/image-server/197x197/filters:fill(FFF,true):format(jpg)/d2lnr5mha7bycj.cloudfront.net/product-image/file/large_abee7079-36bd-4935-bc39-4ebef1c0e1b0.jpeg,"
Sam's Club,Ventera Nashville Style Hot Chicken,$24.98,/pkg (est.),$9.57 / lb,About 2.61 lb / package,[],,"https://www.instacart.com/image-server/197x197/filters:fill(FFF,true):format(jpg)/d2lnr5mha7bycj.cloudfront.net/product-image/file/large_49324deb-6fd2-4ec3-9f8b-5b69809c0342.jpeg,"
Sam's Club,"Pierre Signatures Chicken Sandwiches, 6 oz, 6-count",$16.16,,,,[],Many in stock,"https://www.instacart.com/image-server/197x197/filters:fill(FFF,true):format(jpg)/d2lnr5mha7bycj.cloudfront.net/product-image/file/large_8416c927-6efb-4536-b49c-dc03a66e51cd.jpeg,"
Sam's Club,"Sabatasso's Four Cheese Pizza, 3-pack",$21.01,,,,['Gluten-Free'],Many in stock,"https://www.instacart.com/image-server/197x197/filters:fill(FFF,true):format(jpg)/d2lnr5mha7bycj.cloudfront.net/product-image/file/large_2097f16b-e8d5-4ee6-b3ad-59217378840a.jpeg,"
Sam's Club,"New York Select Amnon's Pizza, 36 oz, 8 count",$24.87,,,,[],Many in stock,"https://www.instacart.com/image-server/197x197/filters:fill(FFF,true):format(jpg)/d2lnr5mha7bycj.cloudfront.net/product-image/file/large_dd4e75a5-2213-4635-ace8-684e659541a6.jpeg,"
Sam's Club,Ruprecht's Irish Stew,$24.37,/pkg (est.),$8.07 / lb,About 3.02 lb / package,[],,"https://www.instacart.com/image-server/197x197/filters:fill(FFF,true):format(jpg)/d2lnr5mha7bycj.cloudfront.net/product-image/file/large_08efdedd-b65a-44ef-b07e-a0a1bdeb64f6.jpeg,"
Sam's Club,"Heggies Pizza Sausage & Pepperoni, 2-count",$18.03,,,,[],Many in stock,"https://www.instacart.com/image-server/197x197/filters:fill(FFF,true):format(jpg)/d2lnr5mha7bycj.cloudfront.net/product-image/file/large_a3bd92b4-1023-448c-b868-9a66a9475959.jpeg,"
Sam's Club,"Kirkland Signature Imported Basil Pesto, 22 oz",$11.81,,,,[],Many in stock,"https://www.instacart.com/image-server/197x197/filters:fill(FFF,true):format(jpg)/d2lnr5mha7bycj.cloudfront.net/product-image/file/large_e0a909d4-41b1-4cf3-bdf3-209007674f14.jpeg,"
Sam's Club,"Don Pancho Cilantro Lime Crema, 16 fl oz, 2-count",$9.94,,,2 ct,[],Many in stock,"https://www.instacart.com/image-server/197x197/filters:fill(FFF,true):format(jpg)/d2lnr5mha7bycj.cloudfront.net/product-image/file/large_8f80c39a-d89a-4bbe-a222-fc050ab659de.jpeg,"
Sam's Club,"Hellmann's Real Mayonnaise, 25 oz, 2-count",$12.30,,,2 ct,[],Many in stock,"https://www.instacart.com/image-server/197x197/filters:fill(FFF,true):format(jpg)/d2lnr5mha7bycj.cloudfront.net/product-image/file/large_785dde41-addc-404a-a56f-94fbd403fdfc.jpeg,"
Sam's Club,"Mateo's Gourmet Salsa Medium, 32 oz",$8.70,,,,[],Many in stock,"https://www.instacart.com/image-server/197x197/filters:fill(FFF,true):format(jpg)/d2lnr5mha7bycj.cloudfront.net/product-image/file/large_c540e1e4-19a6-4219-9553-8575ba64eb73.jpeg,"
Sam's Club,"Heinz Simply Tomato Ketchup, 44 oz, 3-count",$16.16,,,3 ct,[],,"https://www.instacart.com/image-server/197x197/filters:fill(FFF,true):format(jpg)/d2lnr5mha7bycj.cloudfront.net/product-image/file/large_f5ab87ff-7d30-44d8-b7eb-66c2f3ce36b4.jpeg,"
Sam's Club,"Rao's Homemade Alfredo Sauce, 15 oz, 2-count",$13.67,,,2 ct,[],Many in stock,"https://www.instacart.com/image-server/197x197/filters:fill(FFF,true):format(jpg)/d2lnr5mha7bycj.cloudfront.net/product-image/file/large_f6788fb8-a7a7-4e6c-ae3e-f75d69a2d0f6.jpeg,"
Sam's Club,"Japanese Barbecue Sauce, 34 oz",$12.05,,,,['Vegan'],Many in stock,"https://www.instacart.com/image-server/197x197/filters:fill(FFF,true):format(jpg)/d2lnr5mha7bycj.cloudfront.net/product-image/file/large_d94c1817-e592-4ba4-8b9e-f2bc398f0b9c.jpeg,"
Sam's Club,"Safie Sweet Pickled Beets, 35 fl oz",$6.83,,,,[],Many in stock,"https://www.instacart.com/image-server/197x197/filters:fill(FFF,true):format(jpg)/d2lnr5mha7bycj.cloudfront.net/product-image/file/large_f10ae5ca-6b47-43f4-9de7-b8a8ebdd560b.jpeg,"
Sam's Club,"Kewpie Japanese Style Mayonnaise, 24 oz",$8.57,,,,[],Many in stock,"https://www.instacart.com/image-server/197x197/filters:fill(FFF,true):format(jpg)/d2lnr5mha7bycj.cloudfront.net/product-image/file/large_18f20ed1-7322-4cb8-b9f5-753eab595b18.jpeg,"
Sam's Club,"Frank's Red Hot, 25 fl oz, 2 count",$11.18,,,25 fl oz,"['Gluten-Free', 'Vegan']",Many in stock,"https://www.instacart.com/image-server/197x197/filters:fill(FFF,true):format(jpg)/d2lnr5mha7bycj.cloudfront.net/product-image/file/large_da0ff0e5-369c-426a-8b7c-3076d1131324.jpeg,"
Sam's Club,"Sweet Baby Ray's, Barbecue Sauce, 40 oz, 2-Count",$7.33,,,2 ct,['Gluten-Free'],Many in stock,"https://www.instacart.com/image-server/197x197/filters:fill(FFF,true):format(jpg)/d2lnr5mha7bycj.cloudfront.net/product-image/file/large_7dae3296-4679-4398-8ded-f94b0ecf8e23.jpeg,"
Sam's Club,"Kirkland Signature, Organic Salsa, Medium, 38 oz, 2-Count",$11.81,,,2 ct,['Organic'],Many in stock,"https://www.instacart.com/image-server/197x197/filters:fill(FFF,true):format(jpg)/d2lnr5mha7bycj.cloudfront.net/product-image/file/large_d2ab6d78-3382-48b8-a571-ba3ba42f5643.jpeg,"
Sam's Club,"Hellmann's, Real Mayonnaise, 64 oz",$11.57,,,64 fl oz,[],,"https://www.instacart.com/image-server/197x197/filters:fill(FFF,true):format(jpg)/d2lnr5mha7bycj.cloudfront.net/product-image/file/large_69fde576-a86e-4cd9-b7b2-60cd0ee3315d.jpeg,"
Sam's Club,"Wildbrine Raw Organic Sauerkraut, 50 oz",$11.18,,,,"['Vegan', 'Organic']",Many in stock,"https://www.instacart.com/image-server/197x197/filters:fill(FFF,true):format(jpg)/d2lnr5mha7bycj.cloudfront.net/product-image/file/large_2ae5d4ed-37d1-4e09-9422-8d11eaf8cbd3.jpeg,"
Sam's Club,"Olive Garden Signature Italian Dressing, 28 fl oz, 2 count",$11.18,,,2 ct,[],Many in stock,"https://www.instacart.com/image-server/197x197/filters:fill(FFF,true):format(jpg)/d2lnr5mha7bycj.cloudfront.net/product-image/file/large_b0009c17-825b-4c2d-9661-ed30fe5efbf6.jpeg,"
Sam's Club,"Primal Kitchen Buffalo Sauce with Avocado Oil, 16.5 oz, 2-count",$11.18,,,,"['Gluten-Free', 'Vegan']",Many in stock,"https://www.instacart.com/image-server/197x197/filters:fill(FFF,true):format(jpg)/d2lnr5mha7bycj.cloudfront.net/product-image/file/large_74a7d90f-2900-453b-b0c5-ee9d8af60915.jpeg,"
Sam's Club,"Lea & Perrins, Worcestershire Sauce, 20 fl oz, 2-Count",$9.94,,,2 ct,[],,"https://www.instacart.com/image-server/197x197/filters:fill(FFF,true):format(jpg)/d2lnr5mha7bycj.cloudfront.net/product-image/file/large_ef7f8cb9-ba91-4989-baee-2ebd67baff3c.jpeg,"
Sam's Club,"Jongga Sliced Cabbage Kimchi, 52.9 oz",$9.94,,,,[],Many in stock,"https://www.instacart.com/image-server/197x197/filters:fill(FFF,true):format(jpg)/d2lnr5mha7bycj.cloudfront.net/product-image/file/large_24dfc086-4f4a-460d-b0b6-c0825fd8ce1e.jpeg,"
Sam's Club,"Garlic Expressions Dressing & Marinade, 12.5 fl oz, 3-count",$12.43,,,,['Vegan'],Many in stock,"https://www.instacart.com/image-server/197x197/filters:fill(FFF,true):format(jpg)/d2lnr5mha7bycj.cloudfront.net/product-image/file/large_ec0033d0-4a10-4f37-87ae-60d6103b0951.jpeg,"
Sam's Club,"Kirkland Signature, Minced California Garlic, 48 oz",$8.70,,,,[],Many in stock,"https://www.instacart.com/image-server/197x197/filters:fill(FFF,true):format(jpg)/d2lnr5mha7bycj.cloudfront.net/product-image/file/large_5ba46fb0-18d9-4b02-8d7b-01538281759d.jpeg,"
Sam's Club,"Little Italy Pasta Sauce, 32 oz, 3-count",$14.92,,,3 ct,[],Many in stock,"https://www.instacart.com/image-server/197x197/filters:fill(FFF,true):format(jpg)/d2lnr5mha7bycj.cloudfront.net/product-image/file/large_8e2c05bb-198e-4eb0-a2f5-234d4d466dab.jpeg,"
Sam's Club,"Kosher Dill Baby Pickles, 32 oz, 2-count",$8.07,,,2 ct,[],Many in stock,"https://www.instacart.com/image-server/197x197/filters:fill(FFF,true):format(jpg)/d2lnr5mha7bycj.cloudfront.net/product-image/file/large_38303bb9-f7a1-4ae8-96f7-3263a6f2901c.jpeg,"
Sam's Club,"Claussen Kosher Dill Spears, 80 oz",$8.70,,,"★★★★★
★★★★★
(1.6K)",[],Many in stock,"https://www.instacart.com/image-server/197x197/filters:fill(FFF,true):format(jpg)/d2lnr5mha7bycj.cloudfront.net/product-image/file/large_537cb82f-6535-4313-869f-812a9473525a.jpeg,"
Sam's Club,Cholula Original Hot Sauce,$12.43,,,12 fl oz,[],Many in stock,"https://www.instacart.com/image-server/197x197/filters:fill(FFF,true):format(jpg)/d2lnr5mha7bycj.cloudfront.net/product-image/file/large_36ef4284-5f43-44a9-82b3-7e8887da73aa.jpeg,"
Sam's Club,"Erie Island Coffee Co. Signature Blend, 2 lbs",$14.92,,,,[],Many in stock,"https://www.instacart.com/image-server/197x197/filters:fill(FFF,true):format(jpg)/d2lnr5mha7bycj.cloudfront.net/product-image/file/large_cb29fb1e-5a4e-412d-a650-937ded8bd69e.jpeg,"
Sam's Club,"Kirkland Signature Organic Marinara Sauce, 2 lbs, 3-pack",$16.16,,,3 ct,"['Organic', 'Gluten-Free']",Many in stock,"https://www.instacart.com/image-server/197x197/filters:fill(FFF,true):format(jpg)/d2lnr5mha7bycj.cloudfront.net/product-image/file/large_843cf548-2d03-4e13-8166-cd1d4ef15ee1.jpeg,"
Sam's Club,"Kirkland Signature Spanish Queen Olives, 21 oz, 2-count",$20.51,,,2 ct,[],Many in stock,"https://www.instacart.com/image-server/197x197/filters:fill(FFF,true):format(jpg)/d2lnr5mha7bycj.cloudfront.net/product-image/file/large_aeddb3bf-8d4a-4e7d-8cf0-286bcc4994cf.jpeg,"
Sam's Club,"French's, Classic Yellow Mustard, 30 oz, 2-Count",$6.83,,,2 ct,[],Many in stock,"https://www.instacart.com/image-server/197x197/filters:fill(FFF,true):format(jpg)/d2lnr5mha7bycj.cloudfront.net/product-image/file/large_723c80d3-5967-4794-b457-7a4602426e5a.jpeg,"
Sam's Club,"Hidden Valley, Original Ranch Dressing, 40 fl oz, 2-Count",$15.54,,,40 fl oz,[],,"https://www.instacart.com/image-server/197x197/filters:fill(FFF,true):format(jpg)/d2lnr5mha7bycj.cloudfront.net/product-image/file/large_2f1e8869-66ef-4b72-803b-790eead6768e.jpeg,"
Sam's Club,"Montgomery Inn Barbecue Sauce, 40 oz",$11.18,,,2 ct,[],Many in stock,"https://www.instacart.com/image-server/197x197/filters:fill(FFF,true):format(jpg)/d2lnr5mha7bycj.cloudfront.net/product-image/file/large_21b21131-a748-4acf-a28e-e4ce48dfb3bd.jpeg,"
Sam's Club,"Famous Dave's Sweet 'n Spicy Pickle Chips, 64 fl oz",$8.07,,,,[],Many in stock,"https://www.instacart.com/image-server/197x197/filters:fill(FFF,true):format(jpg)/d2lnr5mha7bycj.cloudfront.net/product-image/file/large_8607b59e-62d4-497f-9f30-1a87a489c64d.jpeg,"
Sam's Club,"Kikkoman Soy Sauce, 2 quart",$8.70,,,,[],Many in stock,"https://www.instacart.com/image-server/197x197/filters:fill(FFF,true):format(jpg)/d2lnr5mha7bycj.cloudfront.net/product-image/file/large_6afe5c1d-c496-44ee-9ab4-1b0e5b5b8138.jpeg,"
Sam's Club,"Rao's Calabrian Chili Marinara Sauce, 22 oz, 2-pack",$18.65,,,,[],Many in stock,"https://www.instacart.com/image-server/197x197/filters:fill(FFF,true):format(jpg)/d2lnr5mha7bycj.cloudfront.net/product-image/file/large_2bb1d603-b51b-486a-a7d9-5d272fb2054c.jpeg,"
Sam's Club,"Willy's Fresh Salsa Original Medium Salsa, 48 oz",$8.70,,,,[],,"https://www.instacart.com/image-server/197x197/filters:fill(FFF,true):format(jpg)/d2lnr5mha7bycj.cloudfront.net/product-image/file/large_82faca21-832b-4e8b-94dc-3385ccdc9a7e.jpeg,"
Sam's Club,"Lindsay Naturals Large Black Ripe Pitted Olives, 6 oz, 8-count",$16.78,,,8 ct,['Vegan'],Many in stock,"https://www.instacart.com/image-server/197x197/filters:fill(FFF,true):format(jpg)/d2lnr5mha7bycj.cloudfront.net/product-image/file/large_0c65a6e9-3f83-4ccc-a129-264ca4fcfd13.jpeg,"
Sam's Club,"Hidden Valley, Ranch Homestyle Seasoning, Dip and Salad Dressing Mix, 20 oz",$13.55,,,"★★★★★
★★★★★
(809)",[],Many in stock,"https://www.instacart.com/image-server/197x197/filters:fill(FFF,true):format(jpg)/d2lnr5mha7bycj.cloudfront.net/product-image/file/large_5f187b71-9646-4d24-a975-adba09ea0bf7.jpeg,"
Sam's Club,"Tassos Mediterranean Gourmet Greek Olives, 1.9 Liter",$14.92,,,,[],Many in stock,"https://www.instacart.com/image-server/197x197/filters:fill(FFF,true):format(jpg)/d2lnr5mha7bycj.cloudfront.net/product-image/file/large_eb31bb80-21f4-4e19-afc9-ccf34075a793.jpeg,"
Sam's Club,"Kirkland Signature Organic Tuscan Marinara, 24 oz, 3-count",$12.43,,,3 ct,['Organic'],,"https://www.instacart.com/image-server/197x197/filters:fill(FFF,true):format(jpg)/d2lnr5mha7bycj.cloudfront.net/product-image/file/large_de38a705-85b0-4c29-8483-754ca8375c83.jpeg,"
Sam's Club,"Kirkland Signature Variety Cookies, 24-count",$12.43,,,,[],Many in stock,"https://www.instacart.com/image-server/197x197/filters:fill(FFF,true):format(jpg)/d2lnr5mha7bycj.cloudfront.net/product-image/file/large_68fee5cd-e342-47c1-9ab4-7b3213be93ae.jpeg,"
Sam's Club,"Kirkland Signature Gourmet Chocolate Chunk Cookies, 24-count",$12.43,,,,[],Many in stock,"https://www.instacart.com/image-server/197x197/filters:fill(FFF,true):format(jpg)/d2lnr5mha7bycj.cloudfront.net/product-image/file/large_fa78b28e-9261-4d3d-936c-89da9d45ca17.jpeg,"
Sam's Club,Kirkland Signature Tuxedo Chocolate Mousse Cake,$20.40,,,1 each,[],,"https://www.instacart.com/image-server/197x197/filters:fill(FFF,true):format(jpg)/d2lnr5mha7bycj.cloudfront.net/product-image/file/large_61464995-fecc-4b19-81be-5b2a9a58003e.jpeg,"
Sam's Club,"Donsuemor Traditional Madeleines, 28 oz",$11.18,,,,[],Many in stock,"https://www.instacart.com/image-server/197x197/filters:fill(FFF,true):format(jpg)/d2lnr5mha7bycj.cloudfront.net/product-image/file/large_58484e40-8670-4e46-bced-25195681b16e.jpeg,"
Sam's Club,Kirkland Signature Peanut Butter Chocolate Cream Pie,$24.87,,,,[],,"https://www.instacart.com/image-server/197x197/filters:fill(FFF,true):format(jpg)/d2lnr5mha7bycj.cloudfront.net/product-image/file/large_8a936a2f-55e6-4b58-b9ca-f021e19c431a.jpeg,"
Sam's Club,Kirkland Signature Lemon Blueberry Loaf,$11.18,,,1 each,[],,"https://www.instacart.com/image-server/197x197/filters:fill(FFF,true):format(jpg)/d2lnr5mha7bycj.cloudfront.net/product-image/file/large_c9605e7b-dacb-4963-9790-bd924dcce913.jpeg,"
Sam's Club,"Kirkland Signature White Chocolate Cranberry Cookies, 24-count",$9.94,,,,[],Many in stock,"https://www.instacart.com/image-server/197x197/filters:fill(FFF,true):format(jpg)/d2lnr5mha7bycj.cloudfront.net/product-image/file/large_6d183166-98b8-4e1e-a28c-8b96060154cb.jpeg,"
Sam's Club,Kirkland Signature Double Crust Apple Pie,$16.16,,,1 each,[],,"https://www.instacart.com/image-server/197x197/filters:fill(FFF,true):format(jpg)/d2lnr5mha7bycj.cloudfront.net/product-image/file/large_bc077a0c-c594-4f88-991e-978e783e27b1.jpeg,"
Sam's Club,"Kirkland Signature Oatmeal Raisin Cookies, 24-count",$12.43,,,,[],,"https://www.instacart.com/image-server/197x197/filters:fill(FFF,true):format(jpg)/d2lnr5mha7bycj.cloudfront.net/product-image/file/large_6fe0c572-25ac-453e-a3c2-709fcb9f9efa.jpeg,"
Sam's Club,"Kirkland Signature 12"" Cheesecake",$23.62,,,1 each,[],Many in stock,"https://www.instacart.com/image-server/197x197/filters:fill(FFF,true):format(jpg)/d2lnr5mha7bycj.cloudfront.net/product-image/file/large_85d8c56d-89fe-4be9-89c3-71396abd6147.jpeg,"
Sam's Club,"Upper Crust Bakery Lemon Bites, 30 oz",$8.70,,,28 ct,[],,"https://www.instacart.com/image-server/197x197/filters:fill(FFF,true):format(jpg)/d2lnr5mha7bycj.cloudfront.net/product-image/file/large_35536d6b-0625-470f-b754-9ef5c36c21a6.jpeg,"
Sam's Club,"Mini Almond Cakes, 24-count, 21.16 oz",$11.06,,,,[],,"https://www.instacart.com/image-server/197x197/filters:fill(FFF,true):format(jpg)/d2lnr5mha7bycj.cloudfront.net/product-image/file/large_18457dc0-5e40-4d91-a905-08b573cb427d.jpeg,"
Sam's Club,Kirkland Signature Lemon Meringue Cheesecake,$27.36,,,,[],Many in stock,"https://www.instacart.com/image-server/197x197/filters:fill(FFF,true):format(jpg)/d2lnr5mha7bycj.cloudfront.net/product-image/file/large_4f35fe8e-6012-484b-8ae4-e59141f0c9fd.jpeg,"
Sam's Club,"Bobo's Oat Bites, Variety Pack, 1.3 oz, 24-count",$16.16,,,24 ct,[],Many in stock,"https://www.instacart.com/image-server/197x197/filters:fill(FFF,true):format(jpg)/d2lnr5mha7bycj.cloudfront.net/product-image/file/large_e77fb1cd-40c0-46d0-934c-205f4bc9c8d4.jpeg,"
Sam's Club,"Sugar Bowl Bakery, Petite Palmiers, 32 oz",$10.56,,,,[],Many in stock,"https://www.instacart.com/image-server/197x197/filters:fill(FFF,true):format(jpg)/d2lnr5mha7bycj.cloudfront.net/product-image/file/large_4f633c10-7649-47e3-afb6-28426533bf76.jpeg,"
Sam's Club,"Kirkland Signature Mini Carrot Cakes with Cream Cheese Icing, 6-count",$12.43,,,,[],,"https://www.instacart.com/image-server/197x197/filters:fill(FFF,true):format(jpg)/d2lnr5mha7bycj.cloudfront.net/product-image/file/large_ed8c7012-84da-4505-9713-934ef70785ff.jpeg,"
Sam's Club,"Marie Morin Creme Brulee, 3.7 oz, 8-count",$13.30,,,8 ct,[],,"https://www.instacart.com/image-server/197x197/filters:fill(FFF,true):format(jpg)/d2lnr5mha7bycj.cloudfront.net/product-image/file/large_7ff20a29-a216-4aca-a438-11bc60c0a7bb.jpeg,"
Sam's Club,"Le Chic Patissier Macarons Variety, 16.5 oz",$14.92,,,,[],,"https://www.instacart.com/image-server/197x197/filters:fill(FFF,true):format(jpg)/d2lnr5mha7bycj.cloudfront.net/product-image/file/large_a5e27504-d613-44fa-8528-ef5d945deb20.jpeg,"
Sam's Club,"Dessert Italiano Tiramisu Cups, 3 oz, 6 count",$14.67,,,6 ct,[],,"https://www.instacart.com/image-server/197x197/filters:fill(FFF,true):format(jpg)/d2lnr5mha7bycj.cloudfront.net/product-image/file/large_6bc6d308-eefb-4e9c-8b27-2fffac564536.jpeg,"
Sam's Club,"Kirkland Signature 10"" White Cake with Vanilla Mousse",$19.89,,,1 each,[],Many in stock,"https://www.instacart.com/image-server/197x197/filters:fill(FFF,true):format(jpg)/d2lnr5mha7bycj.cloudfront.net/product-image/file/large_f7f869f4-c1bd-4f3b-8d47-47bfd6598c58.jpeg,"
Sam's Club,"Junior's Mini Bundt Cakes, 8-count",$16.16,,,,[],,"https://www.instacart.com/image-server/197x197/filters:fill(FFF,true):format(jpg)/d2lnr5mha7bycj.cloudfront.net/product-image/file/large_ec1657bb-f89a-4c69-8c7a-0ebdc2270a83.jpeg,"
Sam's Club,"Kirkland Signature 10"" Chocolate Cake Filled with Chocolate Mousse",$19.89,,,1 each,[],Many in stock,"https://www.instacart.com/image-server/197x197/filters:fill(FFF,true):format(jpg)/d2lnr5mha7bycj.cloudfront.net/product-image/file/large_a2e4bd49-0934-44ab-9672-fa920c599a87.jpeg,"
Sam's Club,"Jessica's Zuchini Walnut Bread, 3 lbs",$13.67,,,,[],,"https://www.instacart.com/image-server/197x197/filters:fill(FFF,true):format(jpg)/d2lnr5mha7bycj.cloudfront.net/product-image/file/large_deba51f4-4ea7-4ac8-9371-66f5a0fda684.jpeg,"
Sam's Club,"Dessert Factory Flourless Belgian Chocolate Cake, 16 oz",$13.67,,,,[],,"https://www.instacart.com/image-server/197x197/filters:fill(FFF,true):format(jpg)/d2lnr5mha7bycj.cloudfront.net/product-image/file/large_8415fd04-bc10-4fa5-a0f2-06ffab158fc3.jpeg,"
Sam's Club,"Kirkland Signature Butter Pound Cake, 3-count",$12.43,,,,[],,"https://www.instacart.com/image-server/197x197/filters:fill(FFF,true):format(jpg)/d2lnr5mha7bycj.cloudfront.net/product-image/file/large_89b61159-3d27-4c52-9e97-6ec756ed26b8.jpeg,"
Sam's Club,Kirkland Signature Caramel Flan,$18.65,,,,[],,"https://www.instacart.com/image-server/197x197/filters:fill(FFF,true):format(jpg)/d2lnr5mha7bycj.cloudfront.net/product-image/file/large_8ac57358-8a85-480e-b469-ddf69910aeb1.jpeg,"
Sam's Club,"Sara Lee Artesano Bread, 20 oz, 2-count",$6.21,,,2 ct,[],Many in stock,"https://www.instacart.com/image-server/197x197/filters:fill(FFF,true):format(jpg)/d2lnr5mha7bycj.cloudfront.net/product-image/file/large_2ab7032c-b7c0-4d8c-9d41-b67a980c024b.jpeg,"
Sam's Club,"Kirkland Signature Baguette, 2-pack",$7.45,,,2 ct,[],Many in stock,"https://www.instacart.com/image-server/197x197/filters:fill(FFF,true):format(jpg)/d2lnr5mha7bycj.cloudfront.net/product-image/file/large_a530b2d8-b095-44db-a334-624585f2173f.jpeg,"
Sam's Club,"Kirkland Signature Country French Bread, 2-pack",$7.45,,,,[],Many in stock,"https://www.instacart.com/image-server/197x197/filters:fill(FFF,true):format(jpg)/d2lnr5mha7bycj.cloudfront.net/product-image/file/large_f1819ba0-775f-436a-b10f-c4ae82b11998.jpeg,"
Sam's Club,"Stan’s San Francisco Sourdough Bread, 32 oz",$5.59,,,,[],Many in stock,"https://www.instacart.com/image-server/197x197/filters:fill(FFF,true):format(jpg)/d2lnr5mha7bycj.cloudfront.net/product-image/file/large_b75bc952-310d-49e3-8e1e-10ad9ad4260a.jpeg,"
Sam's Club,"Bake-At-Home Organic Sourdough Bread, 18.2 oz, 3-count",$11.18,,,,['Organic'],Many in stock,"https://www.instacart.com/image-server/197x197/filters:fill(FFF,true):format(jpg)/d2lnr5mha7bycj.cloudfront.net/product-image/file/large_d7a9a085-16da-4f78-b57d-906df4078c79.jpeg,"
Sam's Club,"Schwebel's Sweet Harvest Wheat Bread, 20 oz, 2-count",$4.96,,,,[],Many in stock,"https://www.instacart.com/image-server/197x197/filters:fill(FFF,true):format(jpg)/d2lnr5mha7bycj.cloudfront.net/product-image/file/large_e419a78a-67ef-498f-bd38-75c3d7f3eef1.jpeg,"
Sam's Club,"Schwebel's Giant White Bread, 22 oz, 2-count",$4.96,,,2 ct,[],Many in stock,"https://www.instacart.com/image-server/197x197/filters:fill(FFF,true):format(jpg)/d2lnr5mha7bycj.cloudfront.net/product-image/file/large_fe526593-d1a9-4d33-85c4-c4628f1a33b2.jpeg,"
Sam's Club,"Canyon Bakehouse Gluten-Free 100% Whole Grain Bread, 32 oz",$12.18,,,,['Gluten-Free'],Many in stock,"https://www.instacart.com/image-server/197x197/filters:fill(FFF,true):format(jpg)/d2lnr5mha7bycj.cloudfront.net/product-image/file/large_f78b8b65-2b45-42f6-82c2-45dfdd4d958b.jpeg,"
Sam's Club,"Innkeeper's Multigrain Bread, 28 oz, 2 count",$6.71,,,,[],Many in stock,"https://www.instacart.com/image-server/197x197/filters:fill(FFF,true):format(jpg)/d2lnr5mha7bycj.cloudfront.net/product-image/file/large_5f1533c6-6a5e-4d19-810c-653f532529c4.jpeg,"
Sam's Club,"Schwebel's Rheuben Rye Bread, 36 oz",$4.84,,,,[],Many in stock,"https://www.instacart.com/image-server/197x197/filters:fill(FFF,true):format(jpg)/d2lnr5mha7bycj.cloudfront.net/product-image/file/large_c501a001-657a-414c-9447-736da988c105.jpeg,"
Sam's Club,"Goldbergs Challah Twin Pack, 40 oz",$9.94,,,2 ct,[],Many in stock,"https://www.instacart.com/image-server/197x197/filters:fill(FFF,true):format(jpg)/d2lnr5mha7bycj.cloudfront.net/product-image/file/large_ab1d6ba7-cc8f-42d0-a41a-0a731ec316cd.jpeg,"
Sam's Club,"Natural Ovens Keto-Friendly Bread, 36 oz",$11.81,,,2 ct,['Keto'],Many in stock,"https://www.instacart.com/image-server/197x197/filters:fill(FFF,true):format(jpg)/d2lnr5mha7bycj.cloudfront.net/product-image/file/large_68617c75-7065-4b63-b530-47142da344bc.jpeg,"
Sam's Club,"Innkeeper's Cinnamon Streusel Loaves, 28 oz, 2-count",$12.43,,,,[],Many in stock,"https://www.instacart.com/image-server/197x197/filters:fill(FFF,true):format(jpg)/d2lnr5mha7bycj.cloudfront.net/product-image/file/large_ba85962c-cb5d-4d53-a16c-ed3cd968ae7a.jpeg,"
Sam's Club,"Kirkland Signature Rosemary Parmesan, 2-count",$9.94,,,2 ct,[],,"https://www.instacart.com/image-server/197x197/filters:fill(FFF,true):format(jpg)/d2lnr5mha7bycj.cloudfront.net/product-image/file/large_b2e36b4f-9b8a-41c1-b2bc-4100b0efbd8e.jpeg,"
Sam's Club,"Kirkland Signature Organic Pure Maple Syrup, 33.8 oz",$14.92,,,,"['Organic', 'Gluten-Free']",Many in stock,"https://www.instacart.com/image-server/197x197/filters:fill(FFF,true):format(jpg)/d2lnr5mha7bycj.cloudfront.net/product-image/file/large_50c59baf-581b-43f6-b24c-368f1aedf875.jpeg,"
Sam's Club,"Chosen Foods Avocado Oil Spray, 13.5 oz, 2-count",$16.16,,,2 ct,[],Many in stock,"https://www.instacart.com/image-server/197x197/filters:fill(FFF,true):format(jpg)/d2lnr5mha7bycj.cloudfront.net/product-image/file/large_71963d1d-a672-4b13-bd87-f796b5ad976a.jpeg,"
Sam's Club,"Arm & Hammer, Pure Baking Soda, 13.5 lbs",$10.44,,,"★★★★★
★★★★★
(94)",[],Many in stock,"https://www.instacart.com/image-server/197x197/filters:fill(FFF,true):format(jpg)/d2lnr5mha7bycj.cloudfront.net/product-image/file/large_1d3ad762-b013-4780-8bca-8f219a537d1b.jpeg,"
Sam's Club,"Kirkland Signature Wild Flower Honey, 5 lbs",$19.89,,,,[],Many in stock,"https://www.instacart.com/image-server/197x197/filters:fill(FFF,true):format(jpg)/d2lnr5mha7bycj.cloudfront.net/product-image/file/large_3809ace5-e2af-46e8-a811-565eedbb13da.jpeg,"
Sam's Club,"Kirkland Signature, Vegetable Oil, 3 qt, 2-Count",$14.29,,,2 ct,[],Many in stock,"https://www.instacart.com/image-server/197x197/filters:fill(FFF,true):format(jpg)/d2lnr5mha7bycj.cloudfront.net/product-image/file/large_5b0bb4e0-2746-490e-a8f9-a2db6ad16f4b.jpeg,"
Sam's Club,"McCormick Old Bay Seasoning, 24 oz",$12.43,,,,[],Many in stock,"https://www.instacart.com/image-server/197x197/filters:fill(FFF,true):format(jpg)/d2lnr5mha7bycj.cloudfront.net/product-image/file/large_59b63249-276a-4cf7-ae7f-f5bde7c5cae4.jpeg,"
Sam's Club,"Better Than Bouillon Organic Roasted Chicken Base, 21 oz",$11.18,,,,['Organic'],Many in stock,"https://www.instacart.com/image-server/197x197/filters:fill(FFF,true):format(jpg)/d2lnr5mha7bycj.cloudfront.net/product-image/file/large_dc2119b3-e663-4f27-be6a-fcf2940e47f9.jpeg,"
Sam's Club,"Kirkland Signature, Organic Sugar, 10 lbs",$11.06,,,,['Organic'],Many in stock,"https://www.instacart.com/image-server/197x197/filters:fill(FFF,true):format(jpg)/d2lnr5mha7bycj.cloudfront.net/product-image/file/large_adbb9fa7-2c69-4f82-9d76-ae682eb7c230.jpeg,"
Sam's Club,"Pbfit Organic Peanut Butter Powder Pouch, 30 oz",$16.16,,,,['Organic'],,"https://www.instacart.com/image-server/197x197/filters:fill(FFF,true):format(jpg)/d2lnr5mha7bycj.cloudfront.net/product-image/file/large_4d30e289-61e7-44f8-8ec9-54093cc0b169.jpeg,"
Sam's Club,"Four Monks Distilled Vinegar, 1 gal, 2-count",$7.33,,,2 ct,[],Many in stock,"https://www.instacart.com/image-server/197x197/filters:fill(FFF,true):format(jpg)/d2lnr5mha7bycj.cloudfront.net/product-image/file/large_e30d58b8-c6db-4a04-9073-ba78e8a8f6d4.jpeg,"
Sam's Club,"Kirkland Signature Semi-Sweet Chocolate Chips, 4.5 lbs",$13.67,,,,[],Many in stock,"https://www.instacart.com/image-server/197x197/filters:fill(FFF,true):format(jpg)/d2lnr5mha7bycj.cloudfront.net/product-image/file/large_deb59c7b-ac84-48a2-9f1b-459d97c8bca4.jpeg,"
Sam's Club,"Kirkland Signature Extra Virgin Olive Oil, 1 L",$13.67,,,,[],Many in stock,"https://www.instacart.com/image-server/197x197/filters:fill(FFF,true):format(jpg)/d2lnr5mha7bycj.cloudfront.net/product-image/file/large_a6c81ad6-7a2e-4165-896a-842d12cc7f33.jpeg,"
Sam's Club,"Whole Earth Plant-Based Sugar Alternative Erythritol & Monk Fruit, 32 oz",$10.56,,,,"['Gluten-Free', 'Keto']",Many in stock,"https://www.instacart.com/image-server/197x197/filters:fill(FFF,true):format(jpg)/d2lnr5mha7bycj.cloudfront.net/product-image/file/large_8e17a7cc-09dd-4c30-ae85-a860aea880fc.jpeg,"
Sam's Club,"Pam Cooking Spray, 12 oz, 2 count",$8.71,,,2 ct,[],Many in stock,"https://www.instacart.com/image-server/197x197/filters:fill(FFF,true):format(jpg)/d2lnr5mha7bycj.cloudfront.net/product-image/file/large_3b43e712-711c-4a5a-9f91-c57f553e95d3.jpeg,"
Sam's Club,"Annie's Organic Cinnamon Rolls, 17.5 oz, 3-count",$17.40,,,3 ct,"['Organic', 'Vegan']",Many in stock,"https://www.instacart.com/image-server/197x197/filters:fill(FFF,true):format(jpg)/d2lnr5mha7bycj.cloudfront.net/product-image/file/large_84e07127-14e2-4ffa-a97c-31eedbda316a.jpeg,"
Sam's Club,"Organic Unbleached All Purpose Flour, 10 lbs, 2-count",$21.76,,,,['Organic'],Many in stock,"https://www.instacart.com/image-server/197x197/filters:fill(FFF,true):format(jpg)/d2lnr5mha7bycj.cloudfront.net/product-image/file/large_375ce67d-3d11-40ed-8816-f13b1b5e6fd7.jpeg,"
Sam's Club,"Kirkland Signature Organic Raw Honey, 24 oz, 3-count",$18.65,,,3 ct,['Organic'],Many in stock,"https://www.instacart.com/image-server/197x197/filters:fill(FFF,true):format(jpg)/d2lnr5mha7bycj.cloudfront.net/product-image/file/large_874e399b-8f83-40d4-9eff-ed9b786e1c28.jpeg,"
Sam's Club,"Kirkland Signature Great Lakes Raw Unfiltered Honey, 3 lbs",$16.16,,,,[],Many in stock,"https://www.instacart.com/image-server/197x197/filters:fill(FFF,true):format(jpg)/d2lnr5mha7bycj.cloudfront.net/product-image/file/large_6310b0db-e97b-4880-b69d-0d91cad6bc1d.jpeg,"
Sam's Club,"Ghirardelli, Triple Chocolate Premium Brownie Mix, 6-Count",$16.16,,,,[],Many in stock,"https://www.instacart.com/image-server/197x197/filters:fill(FFF,true):format(jpg)/d2lnr5mha7bycj.cloudfront.net/product-image/file/large_6c00c412-8786-4d50-9f80-6fbf039513cc.jpeg,"
Sam's Club,"Kirkland Signature, Pure Sea Salt, 30 oz",$4.22,,,,[],Many in stock,"https://www.instacart.com/image-server/197x197/filters:fill(FFF,true):format(jpg)/d2lnr5mha7bycj.cloudfront.net/product-image/file/large_19691c27-ed3f-4471-914f-0fd934916cb3.jpeg,"
Sam's Club,"Kinder's Organic The Blend Seasoning, 12.25 oz",$7.45,,,,['Organic'],Many in stock,"https://www.instacart.com/image-server/197x197/filters:fill(FFF,true):format(jpg)/d2lnr5mha7bycj.cloudfront.net/product-image/file/large_4edafb99-1cf3-4418-8c8a-a486978551e8.jpeg,"
Sam's Club,"Pure Vanilla Extract, 16 fl oz",$14.92,,,,[],Many in stock,"https://www.instacart.com/image-server/197x197/filters:fill(FFF,true):format(jpg)/d2lnr5mha7bycj.cloudfront.net/product-image/file/large_4397a74d-a0ae-40b8-acf2-158827ae3271.jpeg,"
Sam's Club,"Ardent Mills, Harvest Hotel & Restaurant, All-Purpose Flour, 25 lbs",$11.18,,,,[],Many in stock,"https://www.instacart.com/image-server/197x197/filters:fill(FFF,true):format(jpg)/d2lnr5mha7bycj.cloudfront.net/product-image/file/large_fecac953-8b78-4c00-9efb-88f6eccdb147.jpeg,"
Sam's Club,"King Arthur Unbleached Bread Flour, 10 lbs",$9.94,,,,[],Many in stock,"https://www.instacart.com/image-server/197x197/filters:fill(FFF,true):format(jpg)/d2lnr5mha7bycj.cloudfront.net/product-image/file/large_d68f57b4-a18c-4a9e-a84f-125a757ca12a.jpeg,"
Sam's Club,"Better Than Bouillon Organic Roasted Beef Base, 21 oz",$11.18,,,,['Organic'],Many in stock,"https://www.instacart.com/image-server/197x197/filters:fill(FFF,true):format(jpg)/d2lnr5mha7bycj.cloudfront.net/product-image/file/large_505ef68c-d470-4198-b7ed-9fb6c14ab563.jpeg,"
Sam's Club,"Chosen Foods Organic Avocado Oil, 1 L",$19.89,,,,['Organic'],Many in stock,"https://www.instacart.com/image-server/197x197/filters:fill(FFF,true):format(jpg)/d2lnr5mha7bycj.cloudfront.net/product-image/file/large_692ecfde-d5fb-4e10-8096-51d6ba73ab78.jpeg,"
Sam's Club,"Kirkland Signature, Pink Salt, Fine Grain, 5 lbs",$9.07,,,,[],Many in stock,"https://www.instacart.com/image-server/197x197/filters:fill(FFF,true):format(jpg)/d2lnr5mha7bycj.cloudfront.net/product-image/file/large_c5cacd38-66f8-450b-96c6-2c6831d6fd15.jpeg,"
Sam's Club,"Pillsbury Crescent Rolls, 40-count",$12.43,,,5 ct,[],,"https://www.instacart.com/image-server/197x197/filters:fill(FFF,true):format(jpg)/d2lnr5mha7bycj.cloudfront.net/product-image/file/large_d75bb25f-8b13-4c30-8e1a-688e82ac3fdf.jpeg,"
Sam's Club,"Spice Islands Premium Taco Seasoning, 24.5 oz",$7.45,,,,[],Many in stock,"https://www.instacart.com/image-server/197x197/filters:fill(FFF,true):format(jpg)/d2lnr5mha7bycj.cloudfront.net/product-image/file/large_3915de5d-acba-4f09-b4d9-19aaf8460505.jpeg,"
Sam's Club,"Better Than Bouillon Organic Seasoned Vegetable Base, 21 oz",$11.18,,,,"['Organic', 'Vegan']",Many in stock,"https://www.instacart.com/image-server/197x197/filters:fill(FFF,true):format(jpg)/d2lnr5mha7bycj.cloudfront.net/product-image/file/large_91754cb0-9557-489c-9a93-18640dd4d18e.jpeg,"
Sam's Club,"Kirkland Signature Fine Ground Black Pepper, 12.3 oz",$5.83,,,,[],Many in stock,"https://www.instacart.com/image-server/197x197/filters:fill(FFF,true):format(jpg)/d2lnr5mha7bycj.cloudfront.net/product-image/file/large_db03d6ba-8804-4f87-bf53-83f2ebbcf323.jpeg,"
Sam's Club,"Kirkland Signature, Organic Virgin Coconut Oil, 84 fl oz",$16.16,,,,['Organic'],Many in stock,"https://www.instacart.com/image-server/197x197/filters:fill(FFF,true):format(jpg)/d2lnr5mha7bycj.cloudfront.net/product-image/file/large_91f8da07-612b-4105-b8b6-36170e38245d.jpeg,"
Sam's Club,"Kirkland Signature, Whole Black Peppercorn, 14.1 oz",$6.58,,,,[],Many in stock,"https://www.instacart.com/image-server/197x197/filters:fill(FFF,true):format(jpg)/d2lnr5mha7bycj.cloudfront.net/product-image/file/large_526859cf-fd05-46b1-8809-f72f28eef939.jpeg,"
Sam's Club,"Thai Kitchen Organic Coconut Milk, Unsweetened, 13.66 fl oz, 6-count",$12.43,,,6 ct,['Organic'],Many in stock,"https://www.instacart.com/image-server/197x197/filters:fill(FFF,true):format(jpg)/d2lnr5mha7bycj.cloudfront.net/product-image/file/large_09d173da-dc3a-4e43-921f-3427c929ad43.jpeg,"
Sam's Club,"Kirkland Signature, Extra Virgin Italian Olive Oil, 2 L",$31.09,,,,[],Many in stock,"https://www.instacart.com/image-server/197x197/filters:fill(FFF,true):format(jpg)/d2lnr5mha7bycj.cloudfront.net/product-image/file/large_f44cd8ff-ed84-4844-a2f0-fec9d5917c8e.jpeg,"
Sam's Club,"Three Branches Pompeian Extra Virgin Olive Oil, 2 L",$27.36,,,,[],Many in stock,"https://www.instacart.com/image-server/197x197/filters:fill(FFF,true):format(jpg)/d2lnr5mha7bycj.cloudfront.net/product-image/file/large_43b40bad-6b7d-4ce4-aaab-1ee6b282f32d.jpeg,"
Sam's Club,"Spice Island's Oregano, 4 oz",$8.07,,,,[],Many in stock,"https://www.instacart.com/image-server/197x197/filters:fill(FFF,true):format(jpg)/d2lnr5mha7bycj.cloudfront.net/product-image/file/large_4d20cffb-ad06-41b4-83df-381c8b366e01.jpeg,"
Sam's Club,"Kirkland Signature Organic Blue Agave, 36 oz, 2-count",$11.18,,,2 ct,['Organic'],Many in stock,"https://www.instacart.com/image-server/197x197/filters:fill(FFF,true):format(jpg)/d2lnr5mha7bycj.cloudfront.net/product-image/file/large_82d4db74-a1ad-4672-8d68-edfd59723d3d.jpeg,"
Sam's Club,"Kirkland Signature, Granulated California Garlic, 18 oz",$9.94,,,,[],Many in stock,"https://www.instacart.com/image-server/197x197/filters:fill(FFF,true):format(jpg)/d2lnr5mha7bycj.cloudfront.net/product-image/file/large_e775a221-1486-45d6-bbff-33f0b5c0ef8c.jpeg,"
Sam's Club,"Kirkland Signature Organic Ground Saigon Cinnamon, 10.7 oz",$6.21,,,,['Organic'],Many in stock,"https://www.instacart.com/image-server/197x197/filters:fill(FFF,true):format(jpg)/d2lnr5mha7bycj.cloudfront.net/product-image/file/large_cc702a91-f5c3-4086-b3d5-d7bbdf46076a.jpeg,"
Sam's Club,"Kirkland Signature, Chicken Breast, 12.5 oz, 6-Count",$16.16,,,6 ct,[],Many in stock,"https://www.instacart.com/image-server/197x197/filters:fill(FFF,true):format(jpg)/d2lnr5mha7bycj.cloudfront.net/product-image/file/large_a8f5e181-709c-48ef-9793-a9b940efb552.jpeg,"
Sam's Club,"Kirkland Signature, Organic Diced Tomatoes, 14.5 oz, 8-Count",$11.06,,,8 ct,['Organic'],Many in stock,"https://www.instacart.com/image-server/197x197/filters:fill(FFF,true):format(jpg)/d2lnr5mha7bycj.cloudfront.net/product-image/file/large_f7dc7a02-bbd2-4b81-a67f-351a778b804f.jpeg,"
Sam's Club,"Kirkland Signature Sliced Peaches, 24 oz, 2-count",$15.54,,,4 ct,[],Many in stock,"https://www.instacart.com/image-server/197x197/filters:fill(FFF,true):format(jpg)/d2lnr5mha7bycj.cloudfront.net/product-image/file/large_355d3d35-a9f3-48a1-acc0-db3786624bd2.jpeg,"
Sam's Club,"Kirkland Signature, Albacore Solid White Tuna in Water, 7 oz, 8-Count",$19.89,,,,[],Many in stock,"https://www.instacart.com/image-server/197x197/filters:fill(FFF,true):format(jpg)/d2lnr5mha7bycj.cloudfront.net/product-image/file/large_c2e56a18-e3b1-4286-ab66-9538b122e530.jpeg,"
Sam's Club,"S&W, Organic Garbanzo Beans, 15.5 oz, 8-Count",$10.56,,,8 ct,['Organic'],Many in stock,"https://www.instacart.com/image-server/197x197/filters:fill(FFF,true):format(jpg)/d2lnr5mha7bycj.cloudfront.net/product-image/file/large_b5343fb9-d4d0-44e0-a98b-2fc0a891d124.jpeg,"
Sam's Club,"Del Monte, Canned Cut Green Beans, 14.5 oz, 12-Count",$13.67,,,,[],Many in stock,"https://www.instacart.com/image-server/197x197/filters:fill(FFF,true):format(jpg)/d2lnr5mha7bycj.cloudfront.net/product-image/file/large_d6bb482e-b46e-4ccf-bf19-064de7120f7d.jpeg,"
Sam's Club,"Del Monte, Canned Corn-Whole Kernel, 15.25 oz, 12-Count",$13.67,,,12 ct,[],Many in stock,"https://www.instacart.com/image-server/197x197/filters:fill(FFF,true):format(jpg)/d2lnr5mha7bycj.cloudfront.net/product-image/file/large_c99ac49c-883e-41e3-bf86-010451ca96e2.jpeg,"
Sam's Club,"Safe Catch Ahi Wild Yellowfin Tuna Steaks, 6-count, 5 oz cans",$16.16,,,6 ct,[],Many in stock,"https://www.instacart.com/image-server/197x197/filters:fill(FFF,true):format(jpg)/d2lnr5mha7bycj.cloudfront.net/product-image/file/large_e536460b-ca02-4006-a76d-53f2ed14c02a.jpeg,"
Sam's Club,"Wild Planet, Albacore Wilda Tuna, 5 oz, 6-Count",$20.51,,,6 ct,[],Many in stock,"https://www.instacart.com/image-server/197x197/filters:fill(FFF,true):format(jpg)/d2lnr5mha7bycj.cloudfront.net/product-image/file/large_1e8f584a-f242-4cbb-867e-948eee5a6e1e.jpeg,"
Sam's Club,"Frontera Organic Refried Beans Cans, 16 oz, 8-count",$14.67,,,,['Organic'],Many in stock,"https://www.instacart.com/image-server/197x197/filters:fill(FFF,true):format(jpg)/d2lnr5mha7bycj.cloudfront.net/product-image/file/large_1b76758d-655d-4bdd-9e7b-a0e123143253.jpeg,"
Sam's Club,"Nina Peeled Tomatoes, 6 lbs 10 oz",$7.45,,,,[],Many in stock,"https://www.instacart.com/image-server/197x197/filters:fill(FFF,true):format(jpg)/d2lnr5mha7bycj.cloudfront.net/product-image/file/large_e7676886-9a23-477c-adc4-cdefdb0ae113.jpeg,"
Sam's Club,"Chicken of the Sea, Chunk Light Premium Tuna in Water, 7 oz, 12-Count",$18.65,,,12 ct,[],Many in stock,"https://www.instacart.com/image-server/197x197/filters:fill(FFF,true):format(jpg)/d2lnr5mha7bycj.cloudfront.net/product-image/file/large_a7855a80-9592-46ff-9d09-69f0a6dff377.jpeg,"
Sam's Club,"Marie Callender's Angus Beef Chili with Beans, 15 oz, 8-count",$15.54,,,,[],Many in stock,"https://www.instacart.com/image-server/197x197/filters:fill(FFF,true):format(jpg)/d2lnr5mha7bycj.cloudfront.net/product-image/file/large_b6588479-c548-4427-b899-314dca736cce.jpeg,"
Sam's Club,"Kirkland Signature, Organic Tomato Sauce, 15 oz, 12-Count",$14.92,,,12 ct,['Organic'],Many in stock,"https://www.instacart.com/image-server/197x197/filters:fill(FFF,true):format(jpg)/d2lnr5mha7bycj.cloudfront.net/product-image/file/large_7320ab44-f70d-4ccc-85ff-9cd70597cf1b.jpeg,"
Sam's Club,"Spam 25% Less Sodium, 12 oz, 8-Count",$26.76,,,8 ct,[],Many in stock,"https://www.instacart.com/image-server/197x197/filters:fill(FFF,true):format(jpg)/d2lnr5mha7bycj.cloudfront.net/product-image/file/large_13c779c4-8902-415e-a527-177798007225.jpeg,"
Sam's Club,"Bush's Baked Beans, 16.5 oz, 8-count",$13.30,,,,[],Many in stock,"https://www.instacart.com/image-server/197x197/filters:fill(FFF,true):format(jpg)/d2lnr5mha7bycj.cloudfront.net/product-image/file/large_a241a38e-c3e7-40c9-b201-2eb29cf9ec10.jpeg,"
Sam's Club,"Bella Sun Luci Sun Dried Tomatoes In Olive Oil & Italian Herbs, 35 oz",$14.92,,,,[],Many in stock,"https://www.instacart.com/image-server/197x197/filters:fill(FFF,true):format(jpg)/d2lnr5mha7bycj.cloudfront.net/product-image/file/large_8288d4c5-c8bb-4302-b1b2-43182da4dbd1.jpeg,"
Sam's Club,"Festival Sliced Organic Mushrooms, 4 oz, 12-count",$16.16,,,12 ct,['Organic'],Many in stock,"https://www.instacart.com/image-server/197x197/filters:fill(FFF,true):format(jpg)/d2lnr5mha7bycj.cloudfront.net/product-image/file/large_7c39e9c1-c5d8-4d23-be6a-3edc0e5af49a.jpeg,"
Sam's Club,"Kirkland Signature Diced Peach Cups, 20-count",$14.92,,,20 ct,[],Many in stock,"https://www.instacart.com/image-server/197x197/filters:fill(FFF,true):format(jpg)/d2lnr5mha7bycj.cloudfront.net/product-image/file/large_8231cc26-b617-4fef-9d07-1a2e3b5d8adc.jpeg,"
Sam's Club,"Season, Skinless & Boneless Sardines In Olive Oil, 4.375 oz, 6-Count",$13.67,,,6 ct,[],Many in stock,"https://www.instacart.com/image-server/197x197/filters:fill(FFF,true):format(jpg)/d2lnr5mha7bycj.cloudfront.net/product-image/file/large_247fa3e2-9af3-4608-b32b-7a3bceb9e133.jpeg,"
Sam's Club,"Gogo Squeeze Fruit on the Go, Variety Pack, 3.2 oz, 48-count",$24.87,,,,[],Many in stock,"https://www.instacart.com/image-server/197x197/filters:fill(FFF,true):format(jpg)/d2lnr5mha7bycj.cloudfront.net/product-image/file/large_e4a222c0-f0d7-4955-bc2b-511b012f23c5.jpeg,"
Sam's Club,"Rotel Diced Tomatoes & Green Chilies, Original, 10 oz, 8 count",$9.32,,,8 ct,[],Many in stock,"https://www.instacart.com/image-server/197x197/filters:fill(FFF,true):format(jpg)/d2lnr5mha7bycj.cloudfront.net/product-image/file/large_f4c621eb-7c30-4b4e-8007-42dd2ce7a4e1.jpeg,"
Sam's Club,"Kirkland Signature San Marzano Whole Peeled Tomatoes, 28 oz, 3-count",$16.16,,,3 ct,[],Many in stock,"https://www.instacart.com/image-server/197x197/filters:fill(FFF,true):format(jpg)/d2lnr5mha7bycj.cloudfront.net/product-image/file/large_0b7f07cc-3ff3-446e-bfdf-591a8eaad5be.jpeg,"
Sam's Club,"Gefen Organic Beets, 17.6 oz, 3-count",$8.70,,,3 ct,['Organic'],Many in stock,"https://www.instacart.com/image-server/197x197/filters:fill(FFF,true):format(jpg)/d2lnr5mha7bycj.cloudfront.net/product-image/file/large_38c256a9-e124-4206-8c02-49537f7403ec.jpeg,"
Sam's Club,"Kirkland Signature Artichoke Hearts, 33 oz, 2-count",$13.67,,,2 ct,[],Many in stock,"https://www.instacart.com/image-server/197x197/filters:fill(FFF,true):format(jpg)/d2lnr5mha7bycj.cloudfront.net/product-image/file/large_8c751f3c-9966-4311-bc07-f0b57afbbd0d.jpeg,"
Sam's Club,"Vita Perfect Catch Wild Herring, 32 oz",$9.32,,,,[],Many in stock,"https://www.instacart.com/image-server/197x197/filters:fill(FFF,true):format(jpg)/d2lnr5mha7bycj.cloudfront.net/product-image/file/large_00e3e853-429c-49bf-ba2f-ea8eba947da4.jpeg,"
Sam's Club,"Mott's, Organic Apple Sauce, 3.9 oz, 36-Count",$19.89,,,36 ct,['Organic'],,"https://www.instacart.com/image-server/197x197/filters:fill(FFF,true):format(jpg)/d2lnr5mha7bycj.cloudfront.net/product-image/file/large_7dd5ecc6-b8a1-4940-b2c0-70075223b888.jpeg,"
Sam's Club,"Fabbri Amarena Wild Cherries in Syrup, 35.2 oz",$23.62,,,,[],Many in stock,"https://www.instacart.com/image-server/197x197/filters:fill(FFF,true):format(jpg)/d2lnr5mha7bycj.cloudfront.net/product-image/file/large_fe9d5e1a-41bc-4470-96ac-07d630c71461.jpeg,"
Sam's Club,"GoGo SqueeZ, Organic Applesauce, Variety Pack, 3.2 oz, 28-Count",$21.14,,,,['Organic'],Many in stock,"https://www.instacart.com/image-server/197x197/filters:fill(FFF,true):format(jpg)/d2lnr5mha7bycj.cloudfront.net/product-image/file/large_c8b7c7ce-8c37-4dd2-9642-0c23ebea8aaf.jpeg,"
Sam's Club,"Yehuda Original Gefilte Fish, 24 oz, 2-count",$11.18,,,2 ct,[],,"https://www.instacart.com/image-server/197x197/filters:fill(FFF,true):format(jpg)/d2lnr5mha7bycj.cloudfront.net/product-image/file/large_eae5635a-3937-4a79-be0d-7b7c4855257f.jpeg,"
Sam's Club,"Kirkland Signature, Organic Tomato Paste, 6 oz, 12-Count",$11.18,,,12 ct,['Organic'],,"https://www.instacart.com/image-server/197x197/filters:fill(FFF,true):format(jpg)/d2lnr5mha7bycj.cloudfront.net/product-image/file/large_019adc36-b494-40d7-a552-b833af581638.jpeg,"
Sam's Club,"Kirkland Signature, Wild Alaskan Pink Salmon, 6 oz, 6-Count",$18.65,,,6 ct,[],Many in stock,"https://www.instacart.com/image-server/197x197/filters:fill(FFF,true):format(jpg)/d2lnr5mha7bycj.cloudfront.net/product-image/file/large_56f9ac95-e239-4216-85a2-5859ed30996a.jpeg,"
