Store,Item Name,Price,Units,Unit Price,Amount,Tags,In Stock,Image
Sam's Club,Original price: $1.69,$1.09,,,1 each,[],Many in stock,"https://www.instacart.com/image-server/197x197/filters:fill(FFF,true):format(jpg)/d2lnr5mha7bycj.cloudfront.net/product-image/file/large_36af0efa-d93d-4c34-88d0-632dfb0a0542.png,"
Sam's Club,Cilantro,$1.09,,,1 ct,[],Many in stock,"https://www.instacart.com/image-server/197x197/filters:fill(FFF,true):format(jpg)/d2lnr5mha7bycj.cloudfront.net/product-image/file/large_82597e8d-57d3-468e-b88c-64a6a832e498.png,"
Sam's Club,Red Bell Pepper,$2.19,,,,[],Many in stock,"https://www.instacart.com/image-server/197x197/filters:fill(FFF,true):format(jpg)/d2lnr5mha7bycj.cloudfront.net/product-image/file/large_577cb8a7-dba4-424d-a178-c56d73338427.png,"
Sam's Club,NatureSweet Cherubs Salad Tomatoes,$7.59,,,24 oz,[],,"https://www.instacart.com/image-server/197x197/filters:fill(FFF,true):format(jpg)/d2lnr5mha7bycj.cloudfront.net/product-image/file/large_c205f8d7-8d63-4e6f-8b95-6641b7467c1b.png,"
Sam's Club,Yellow Onion,$1.12,each (est.),$1.39 / lb,About 0.81 lb each,[],,"https://www.instacart.com/image-server/197x197/filters:fill(FFF,true):format(jpg)/d2lnr5mha7bycj.cloudfront.net/product-image/file/large_855659de-602c-4cb6-97a0-e6d5739a664b.png,"
Sam's Club,Roma Tomato,$0.50,each (est.),$2.19 / lb,About 0.23 lb each,[],,"https://www.instacart.com/image-server/197x197/filters:fill(FFF,true):format(jpg)/d2lnr5mha7bycj.cloudfront.net/product-image/file/large_618ecd8d-4578-40fc-a60a-31befc995aa8.png,"
Sam's Club,Green Onions (Scallions),$1.09,,,1 bunch,[],Many in stock,"https://www.instacart.com/image-server/197x197/filters:fill(FFF,true):format(jpg)/d2lnr5mha7bycj.cloudfront.net/product-image/file/large_9891f79e-47b5-40bf-b995-ba1eaa38049e.png,"
Sam's Club,Original price: $4.29,$3.29,,,1.5 lb,[],Many in stock,"https://www.instacart.com/image-server/197x197/filters:fill(FFF,true):format(jpg)/d2lnr5mha7bycj.cloudfront.net/product-image/file/large_51f1f63c-7f94-411b-a286-ed63f81247f6.png,"
Sam's Club,NatureSweet Cherubs Heavenly Salad Tomatoes,$4.29,,,10 oz,[],Many in stock,"https://www.instacart.com/image-server/197x197/filters:fill(FFF,true):format(jpg)/d2lnr5mha7bycj.cloudfront.net/product-image/file/large_b74bc25d-b569-464a-a44f-8a0d5d2d2c29.png,"
Sam's Club,Original price: $3.39,$2.26,each (est.),$2.19 / lb,About 1.03 lb each,[],,"https://www.instacart.com/image-server/197x197/filters:fill(FFF,true):format(jpg)/d2lnr5mha7bycj.cloudfront.net/product-image/file/large_4b8a30e1-982e-4d55-8100-a9ec2132bde7.png,"
Sam's Club,Violife Cream Cheese,$6.49,,,7.05 oz,['Non-GMO'],,"https://www.instacart.com/image-server/197x197/filters:fill(FFF,true):format(jpg)/d2lnr5mha7bycj.cloudfront.net/product-image/file/large_cb73cb2e-9d42-4558-9457-a965ce0da85a.png,"
Sam's Club,Broccoli Crown,$1.91,each (est.),$2.19 / lb,About 0.87 lb each,[],,"https://www.instacart.com/image-server/197x197/filters:fill(FFF,true):format(jpg)/d2lnr5mha7bycj.cloudfront.net/product-image/file/large_2631b361-6449-4c67-baa4-5ee4e75075cd.png,"
Sam's Club,Red Onion,$1.53,each (est.),$1.89 / lb,About 0.81 lb each,[],,"https://www.instacart.com/image-server/197x197/filters:fill(FFF,true):format(jpg)/d2lnr5mha7bycj.cloudfront.net/product-image/file/large_da1a5c21-acb7-4c3b-9e84-684b710c40b2.png,"
Sam's Club,Sweet Potato (Yam),$1.14,each (est.),$1.39 / lb,About 0.82 lb each,[],,"https://www.instacart.com/image-server/197x197/filters:fill(FFF,true):format(jpg)/d2lnr5mha7bycj.cloudfront.net/product-image/file/large_a0360403-b6c9-4211-8021-a3fa2ea3e281.png,"
Sam's Club,Original price: $2.19,$1.09,,,1 ct,[],,"https://www.instacart.com/image-server/197x197/filters:fill(FFF,true):format(jpg)/d2lnr5mha7bycj.cloudfront.net/product-image/file/large_1e9fe404-8fdb-4a75-9c16-666d43d13b99.png,"
Sam's Club,Cal-Organic Farms Petite Carrots,$2.69,,,12 oz,"['In season', 'Organic']",Many in stock,"https://www.instacart.com/image-server/197x197/filters:fill(FFF,true):format(jpg)/d2lnr5mha7bycj.cloudfront.net/product-image/file/large_061bc62d-6b9b-496f-aafc-85827f7376d5.png,"
Sam's Club,Jalapeno Pepper,$0.34,/pkg (est.),$2.19 / lb,About 0.16 lb / package,[],,"https://www.instacart.com/image-server/197x197/filters:fill(FFF,true):format(jpg)/d2lnr5mha7bycj.cloudfront.net/product-image/file/large_8810eb6e-06ee-4244-9205-f1af505277e0.png,"
Sam's Club,Garlic,$0.79,,,1 each,[],Many in stock,"https://www.instacart.com/image-server/197x197/filters:fill(FFF,true):format(jpg)/d2lnr5mha7bycj.cloudfront.net/product-image/file/large_b05ff317-0c13-4e50-ba7b-1e4f571a6795.png,"
Sam's Club,Original price: $1.45,$0.96,each (est.),$2.19 / lb,About 0.44 lb each,[],,"https://www.instacart.com/image-server/197x197/filters:fill(FFF,true):format(jpg)/d2lnr5mha7bycj.cloudfront.net/product-image/file/large_769be227-b5e8-45f7-a480-f743dfd0fa21.png,"
Sam's Club,Sweet Onion,$1.34,each (est.),$1.69 / lb,About 0.79 lb each,[],,"https://www.instacart.com/image-server/197x197/filters:fill(FFF,true):format(jpg)/d2lnr5mha7bycj.cloudfront.net/product-image/file/large_3a4e955a-53a2-4f98-9884-75ecc8c85cda.png,"
Sam's Club,Original price: $4.29,$3.29,,,1 lb,[],Many in stock,"https://www.instacart.com/image-server/197x197/filters:fill(FFF,true):format(jpg)/d2lnr5mha7bycj.cloudfront.net/product-image/file/large_bbe10fc7-5b30-4c53-9b9a-58dc5aec9a39.png,"
Sam's Club,Zucchini Squash,$0.99,each (est.),$2.19 / lb,About 0.45 lb each,[],,"https://www.instacart.com/image-server/197x197/filters:fill(FFF,true):format(jpg)/d2lnr5mha7bycj.cloudfront.net/product-image/file/large_6a161547-1e96-46df-a4af-bea04c12db56.png,"
Sam's Club,Original price: $3.29,$2.19,,,5 lb bag,[],Many in stock,"https://www.instacart.com/image-server/197x197/filters:fill(FFF,true):format(jpg)/d2lnr5mha7bycj.cloudfront.net/product-image/file/large_a4f8a9c7-1711-45c6-8c40-6e183ae88f99.png,"
Sam's Club,Italian Parsley,$1.09,,,1 bunch,[],Many in stock,"https://www.instacart.com/image-server/197x197/filters:fill(FFF,true):format(jpg)/d2lnr5mha7bycj.cloudfront.net/product-image/file/large_db157679-f2af-48cd-b00f-93eb137af83a.png,"
Sam's Club,Organic Cilantro,$1.69,,,1 ct,"['Non-GMO', 'Organic']",,"https://www.instacart.com/image-server/197x197/filters:fill(FFF,true):format(jpg)/d2lnr5mha7bycj.cloudfront.net/product-image/file/large_22814842-b6fb-4e85-a426-8b42eff18c9e.png,"
Sam's Club,Organic Celery,$2.19,,,1 ct,"['Organic', 'Non-GMO']",Many in stock,"https://www.instacart.com/image-server/197x197/filters:fill(FFF,true):format(jpg)/d2lnr5mha7bycj.cloudfront.net/product-image/file/large_d9131eb1-c8c1-4711-ba56-1f4696016fde.png,"
Sam's Club,Organic Green Onions (Scallions),$1.69,,,1 bunch,"['Organic', 'Non-GMO']",Many in stock,"https://www.instacart.com/image-server/197x197/filters:fill(FFF,true):format(jpg)/d2lnr5mha7bycj.cloudfront.net/product-image/file/large_47e08866-194a-479c-9389-ee4a010998a3.png,"
Sam's Club,Organic Cucumber,$2.19,,,1 ct,"['Organic', 'Non-GMO']",Many in stock,"https://www.instacart.com/image-server/197x197/filters:fill(FFF,true):format(jpg)/d2lnr5mha7bycj.cloudfront.net/product-image/file/large_1dce7626-b172-45ed-847c-fd47957cca8a.png,"
Sam's Club,Organic Baby Spinach,$4.29,,,5 oz container,"['Organic', 'Non-GMO']",Many in stock,"https://www.instacart.com/image-server/197x197/filters:fill(FFF,true):format(jpg)/d2lnr5mha7bycj.cloudfront.net/product-image/file/large_f2c498eb-efcb-46e0-8b54-3481ab17bf50.png,"
Sam's Club,Original price: $4.64,$3.09,each (est.),$2.19 / lb,About 1.41 lb each,[],,"https://www.instacart.com/image-server/197x197/filters:fill(FFF,true):format(jpg)/d2lnr5mha7bycj.cloudfront.net/product-image/file/large_e0b32dd8-eb48-47ed-8ae0-11ef70c2d941.png,"
Sam's Club,Original price: $4.70,$3.13,each (est.),$2.19 / lb,About 1.43 lb each,[],,"https://www.instacart.com/image-server/197x197/filters:fill(FFF,true):format(jpg)/d2lnr5mha7bycj.cloudfront.net/product-image/file/large_cf0dd565-463c-475a-bd59-be7f4a25327a.png,"
Sam's Club,Yellow Bell Pepper,$2.19,,,,[],Many in stock,"https://www.instacart.com/image-server/197x197/filters:fill(FFF,true):format(jpg)/d2lnr5mha7bycj.cloudfront.net/product-image/file/large_78aa76d4-8a73-4ef8-97a8-65f85ee07eb0.png,"
Sam's Club,Original price: $2.19,$1.69,,,"Original price: $2.19
$2.19",[],Many in stock,"https://www.instacart.com/image-server/197x197/filters:fill(FFF,true):format(jpg)/d2lnr5mha7bycj.cloudfront.net/product-image/file/large_0b924f1d-729c-4bfe-8eae-2214794f88a9.png,"
Sam's Club,Organic Carrot Bag,$1.69,,,1 lb bag,"['In season', 'Non-GMO']",Many in stock,"https://www.instacart.com/image-server/197x197/filters:fill(FFF,true):format(jpg)/d2lnr5mha7bycj.cloudfront.net/product-image/file/large_5dced2d3-248a-41f2-b8a1-a20f1ec9b5f9.png,"
Sam's Club,Romaine Lettuce,$2.69,,,1 ct,[],Many in stock,"https://www.instacart.com/image-server/197x197/filters:fill(FFF,true):format(jpg)/d2lnr5mha7bycj.cloudfront.net/product-image/file/large_e3b2d39c-96b7-4f2e-af88-07e8010c25ee.png,"
Sam's Club,Orange Bell Pepper,$2.19,,,,[],Many in stock,"https://www.instacart.com/image-server/197x197/filters:fill(FFF,true):format(jpg)/d2lnr5mha7bycj.cloudfront.net/product-image/file/large_34ac9d4d-a124-4676-929e-6d87e0c35b98.png,"
Sam's Club,Gourmet Garden™ Lightly Dried Cilantro,$5.99,,,0.35 oz container,"['Non-GMO', 'Organic']",Many in stock,"https://www.instacart.com/image-server/197x197/filters:fill(FFF,true):format(jpg)/d2lnr5mha7bycj.cloudfront.net/product-image/file/large_21761ddb-265d-4494-a01b-15fe044b2fab.jpg,"
Sam's Club,Organic Zucchini Squash,$0.92,each (est.),$2.19 / lb,About 0.42 lb each,"['Organic', 'Non-GMO']",,"https://www.instacart.com/image-server/197x197/filters:fill(FFF,true):format(jpg)/d2lnr5mha7bycj.cloudfront.net/product-image/file/large_76faabe6-f3cd-4db1-bec7-b322e6b4048b.png,"
Sam's Club,Russet Potato,$0.91,each (est.),$1.09 / lb,About 0.84 lb each,[],,"https://www.instacart.com/image-server/197x197/filters:fill(FFF,true):format(jpg)/d2lnr5mha7bycj.cloudfront.net/product-image/file/large_6cf871eb-309b-4092-b4eb-bbf6269370d3.png,"
Sam's Club,Green Beans,$3.18,each (est.),$2.19 / lb,About 1.45 lb each,[],,"https://www.instacart.com/image-server/197x197/filters:fill(FFF,true):format(jpg)/d2lnr5mha7bycj.cloudfront.net/product-image/file/large_bde0f8fe-a5cb-4c2c-860c-a12332feb7d3.png,"
Sam's Club,Gourmet Garden™ Lightly Dried Basil,$5.99,,,0.4 oz,[],,"https://www.instacart.com/image-server/197x197/filters:fill(FFF,true):format(jpg)/d2lnr5mha7bycj.cloudfront.net/product-image/file/large_9b63f128-c888-49c2-9a8d-053644b886cd.jpg,"
Sam's Club,Fresh Express Spinach,$2.69,,,8 oz,['Non-GMO'],,"https://www.instacart.com/image-server/197x197/filters:fill(FFF,true):format(jpg)/d2lnr5mha7bycj.cloudfront.net/product-image/file/large_1742e3f0-22c9-4221-981d-5c042c9886f2.png,"
Sam's Club,"Highline Mushrooms Mushrooms, Organic, Mini",$2.99,,,8 oz container,"['Organic', 'Non-GMO']",Many in stock,"https://www.instacart.com/image-server/197x197/filters:fill(FFF,true):format(jpg)/d2lnr5mha7bycj.cloudfront.net/product-image/file/large_024a4884-b510-497d-8586-7d88f9afb940.png,"
Sam's Club,Original price: $2.62,$2.01,each (est.),$3.29 / lb,About 0.61 lb each,[],,"https://www.instacart.com/image-server/197x197/filters:fill(FFF,true):format(jpg)/d2lnr5mha7bycj.cloudfront.net/product-image/file/large_b5a34cd0-3b8f-4b49-b943-a407551963dd.png,"
Sam's Club,Banana,$0.31,each (est.),$0.79 / lb,About 0.39 lb each,[],,"https://www.instacart.com/image-server/197x197/filters:fill(FFF,true):format(jpg)/d2lnr5mha7bycj.cloudfront.net/product-image/file/large_eea6ea6f-74a2-4eab-9cb8-1bc9e2efb961.png,"
Sam's Club,Original price: $4.29,$2.69,,,1 lb Container,[],Many in stock,"https://www.instacart.com/image-server/197x197/filters:fill(FFF,true):format(jpg)/d2lnr5mha7bycj.cloudfront.net/product-image/file/large_9f7d40d7-d914-4b87-804c-3c9e2ccada0f.png,"
Sam's Club,Hass Avocado,$1.09,,,1 ct,[],Many in stock,"https://www.instacart.com/image-server/197x197/filters:fill(FFF,true):format(jpg)/d2lnr5mha7bycj.cloudfront.net/product-image/file/large_0251fd1d-37f3-47db-8e50-f3a2f4e0984e.png,"
Sam's Club,Organic Bananas,$0.39,each (est.),$0.99 / lb,About 0.4 lb each,"['Organic', 'Non-GMO']",,"https://www.instacart.com/image-server/197x197/filters:fill(FFF,true):format(jpg)/d2lnr5mha7bycj.cloudfront.net/product-image/file/large_716c0099-a1fb-4cbf-8af2-860a81f52b5e.png,"
Sam's Club,Blueberries Package,$4.29,,,1 pint container,[],Many in stock,"https://www.instacart.com/image-server/197x197/filters:fill(FFF,true):format(jpg)/d2lnr5mha7bycj.cloudfront.net/product-image/file/large_3cdb545f-d353-41c9-a3a6-4d5278865224.png,"
Sam's Club,Lemon,$1.09,,,1 each,[],Many in stock,"https://www.instacart.com/image-server/197x197/filters:fill(FFF,true):format(jpg)/d2lnr5mha7bycj.cloudfront.net/product-image/file/large_32d76aa6-6676-470d-81ee-24a2e73550c5.png,"
Sam's Club,Honeycrisp Apple,$0.99,each (est.),$2.19 / lb,About 0.45 lb each,[],,"https://www.instacart.com/image-server/197x197/filters:fill(FFF,true):format(jpg)/d2lnr5mha7bycj.cloudfront.net/product-image/file/large_b11a95cd-6c86-46bd-8d0e-de0b6e6e91df.png,"
Sam's Club,Limes,$0.59,,,1 each,[],Many in stock,"https://www.instacart.com/image-server/197x197/filters:fill(FFF,true):format(jpg)/d2lnr5mha7bycj.cloudfront.net/product-image/file/large_2e7f6427-9d64-4594-a422-e2282f1b0cc3.png,"
Sam's Club,Organic Hass Avocado,$2.19,,,1 each,"['Organic', 'Non-GMO']",Many in stock,"https://www.instacart.com/image-server/197x197/filters:fill(FFF,true):format(jpg)/d2lnr5mha7bycj.cloudfront.net/product-image/file/large_670150b6-7c97-4d17-8b68-e929fddcd167.png,"
Sam's Club,Raspberries Package,$4.29,,,6 oz Container,[],Many in stock,"https://www.instacart.com/image-server/197x197/filters:fill(FFF,true):format(jpg)/d2lnr5mha7bycj.cloudfront.net/product-image/file/large_0484cff0-827d-4da2-bd47-7887aae666ba.png,"
Sam's Club,Clementine Tangerines Bag,$4.29,,,2 lb bag,[],Many in stock,"https://www.instacart.com/image-server/197x197/filters:fill(FFF,true):format(jpg)/d2lnr5mha7bycj.cloudfront.net/product-image/file/large_048bdbf7-33c1-4ee2-9469-268168d5bc98.png,"
Sam's Club,Original price: $4.29,$2.69,,,6 oz container,[],Many in stock,"https://www.instacart.com/image-server/197x197/filters:fill(FFF,true):format(jpg)/d2lnr5mha7bycj.cloudfront.net/product-image/file/large_48c523d6-08e9-412d-bf43-4ba15494d471.png,"
Sam's Club,Organic Blueberries Package,$5.39,,,6 oz Container,"['Organic', 'Non-GMO']",Many in stock,"https://www.instacart.com/image-server/197x197/filters:fill(FFF,true):format(jpg)/d2lnr5mha7bycj.cloudfront.net/product-image/file/large_701b2e31-5927-4522-9353-1ad8f12cdd2c.png,"
Sam's Club,Red Seedless Grapes,$10.68,/pkg (est.),$4.29 / lb,About 2.49 lb / package,[],,"https://www.instacart.com/image-server/197x197/filters:fill(FFF,true):format(jpg)/d2lnr5mha7bycj.cloudfront.net/product-image/file/large_403632e9-ba28-4000-ae68-f66aa02e8e1e.png,"
Sam's Club,Blueberries,$4.29,,,6 oz container,[],Many in stock,"https://www.instacart.com/image-server/197x197/filters:fill(FFF,true):format(jpg)/d2lnr5mha7bycj.cloudfront.net/product-image/file/large_ec401b48-ca48-4bf4-a969-241c6a68d921.png,"
Sam's Club,Pineapple,$4.29,,,,[],Many in stock,"https://www.instacart.com/image-server/197x197/filters:fill(FFF,true):format(jpg)/d2lnr5mha7bycj.cloudfront.net/product-image/file/large_9499db60-a6e9-4b4c-847d-f31fe6f4a202.png,"
Sam's Club,Organic Blackberries,$5.39,,,6 oz container,"['Organic', 'Non-GMO']",Many in stock,"https://www.instacart.com/image-server/197x197/filters:fill(FFF,true):format(jpg)/d2lnr5mha7bycj.cloudfront.net/product-image/file/large_ff6b3b65-c53d-4f9e-b0fa-15c0be5150ca.png,"
Sam's Club,Green Kiwi,$0.79,,,,[],Many in stock,"https://www.instacart.com/image-server/197x197/filters:fill(FFF,true):format(jpg)/d2lnr5mha7bycj.cloudfront.net/product-image/file/large_ec124926-4143-4bdb-add7-dea271d4ec88.png,"
Sam's Club,Organic Raspberries Package,$5.39,,,6 oz Package,"['Organic', 'Non-GMO']",Many in stock,"https://www.instacart.com/image-server/197x197/filters:fill(FFF,true):format(jpg)/d2lnr5mha7bycj.cloudfront.net/product-image/file/large_46b5fd1a-a475-4fc9-932a-1db80fd4c5cf.png,"
Sam's Club,Organic Honeycrisp Apple,$1.43,each (est.),$3.29 / lb,About 0.43 lb each,"['Non-GMO', 'Organic']",,"https://www.instacart.com/image-server/197x197/filters:fill(FFF,true):format(jpg)/d2lnr5mha7bycj.cloudfront.net/product-image/file/large_5af48967-f75b-46c3-a30b-5de611964054.png,"
Sam's Club,Red Mango,$2.19,,,1 ct,[],Many in stock,"https://www.instacart.com/image-server/197x197/filters:fill(FFF,true):format(jpg)/d2lnr5mha7bycj.cloudfront.net/product-image/file/large_3a7bffa9-952a-421e-8dad-0ce3b7089e9a.png,"
Sam's Club,Original price: $7.59,$4.29,,,2 lb container,[],,"https://www.instacart.com/image-server/197x197/filters:fill(FFF,true):format(jpg)/d2lnr5mha7bycj.cloudfront.net/product-image/file/large_4ab32a65-a8a1-443c-b6d5-3e5f26d49907.png,"
Sam's Club,Lemon,$4.29,,,2 lb bag,[],Many in stock,"https://www.instacart.com/image-server/197x197/filters:fill(FFF,true):format(jpg)/d2lnr5mha7bycj.cloudfront.net/product-image/file/large_e576a716-ebd9-4d84-91a1-1034ae7b6356.png,"
Sam's Club,Original price: $4.29,$2.69,,,"Original price: $4.29
$4.29",[],,"https://www.instacart.com/image-server/197x197/filters:fill(FFF,true):format(jpg)/d2lnr5mha7bycj.cloudfront.net/product-image/file/large_a8cf4076-61e2-4f40-96da-18dac6f42a14.png,"
Sam's Club,Organic Blueberries Package,$5.39,,,1 pint container,"['Organic', 'Non-GMO']",Many in stock,"https://www.instacart.com/image-server/197x197/filters:fill(FFF,true):format(jpg)/d2lnr5mha7bycj.cloudfront.net/product-image/file/large_c11083dc-a7b5-4c0b-a1ee-86b01f50b736.png,"
Sam's Club,Plum,$1.05,each (est.),$3.29 / lb,About 0.32 lb each,[],,"https://www.instacart.com/image-server/197x197/filters:fill(FFF,true):format(jpg)/d2lnr5mha7bycj.cloudfront.net/product-image/file/large_1bd33d36-5dfe-4440-916f-7386150d75c7.png,"
Sam's Club,Organic Honeycrisp Apple,$6.49,,,2 lb bag,"['Non-GMO', 'Organic']",,"https://www.instacart.com/image-server/197x197/filters:fill(FFF,true):format(jpg)/d2lnr5mha7bycj.cloudfront.net/product-image/file/large_512d49b8-f906-46d6-a710-b19950995900.png,"
Sam's Club,Organic Lemon,$1.09,,,1 ct,"['Organic', 'Non-GMO']",Many in stock,"https://www.instacart.com/image-server/197x197/filters:fill(FFF,true):format(jpg)/d2lnr5mha7bycj.cloudfront.net/product-image/file/large_4923abac-01ce-4bf4-8de6-e2cb30478bcf.png,"
Sam's Club,Fresh Thyme Market Pineapple Chunks,$6.49,,,20 oz,[],,"https://www.instacart.com/image-server/197x197/filters:fill(FFF,true):format(jpg)/d2lnr5mha7bycj.cloudfront.net/product-image/file/large_c48af219-5b19-4547-8025-9777e6041d1f.png,"
Sam's Club,Bartlett Pear,$0.87,each (est.),$2.19 / lb,About 0.4 lb each,[],,"https://www.instacart.com/image-server/197x197/filters:fill(FFF,true):format(jpg)/d2lnr5mha7bycj.cloudfront.net/product-image/file/large_4ffc5e8e-4f55-4b32-8c3c-257b33552489.png,"
Sam's Club,Original price: $1.54,$0.77,each (est.),$1.09 / lb,About 0.7 lb each,[],,"https://www.instacart.com/image-server/197x197/filters:fill(FFF,true):format(jpg)/d2lnr5mha7bycj.cloudfront.net/product-image/file/large_dd287d2f-b2af-47b1-9003-900942cf53bc.png,"
Sam's Club,Original price: $1.79,$1.16,each (est.),$1.09 / lb,About 1.06 lb each,[],,"https://www.instacart.com/image-server/197x197/filters:fill(FFF,true):format(jpg)/d2lnr5mha7bycj.cloudfront.net/product-image/file/large_42c6cbdc-dc73-4532-831d-842e8eef5db1.png,"
Sam's Club,White Seedless Grapes,$8.39,/pkg (est.),$4.29 / lb,About 1.96 lb / package,[],,"https://www.instacart.com/image-server/197x197/filters:fill(FFF,true):format(jpg)/d2lnr5mha7bycj.cloudfront.net/product-image/file/large_985551d5-43a7-4b0d-ac24-f1c48e413242.png,"
Sam's Club,Yellow Nectarine,$1.12,each (est.),$3.29 / lb,About 0.34 lb each,[],,"https://www.instacart.com/image-server/197x197/filters:fill(FFF,true):format(jpg)/d2lnr5mha7bycj.cloudfront.net/product-image/file/large_346e9373-0b5f-4c07-834b-4914c0fe9afc.png,"
Sam's Club,Original price: $5.39,$4.29,,,3 lb,[],Many in stock,"https://www.instacart.com/image-server/197x197/filters:fill(FFF,true):format(jpg)/d2lnr5mha7bycj.cloudfront.net/product-image/file/large_c68aecc6-1711-4d03-a26b-c41874d57898.png,"
Sam's Club,Navel Orange,$4.29,,,3 lb bag,[],Many in stock,"https://www.instacart.com/image-server/197x197/filters:fill(FFF,true):format(jpg)/d2lnr5mha7bycj.cloudfront.net/product-image/file/large_17e82f18-3e46-42f9-8c2f-674e618ddf69.png,"
Sam's Club,Yellow Peach,$1.22,each (est.),$3.29 / lb,About 0.37 lb each,[],,"https://www.instacart.com/image-server/197x197/filters:fill(FFF,true):format(jpg)/d2lnr5mha7bycj.cloudfront.net/product-image/file/large_2599f9a8-fd15-469f-83fc-5ce2ecf4cdc3.png,"
Sam's Club,Organic Navel Orange,$2.14,each (est.),$2.69 / lb,About 0.8 lb each,"['Organic', 'Non-GMO']",,"https://www.instacart.com/image-server/197x197/filters:fill(FFF,true):format(jpg)/d2lnr5mha7bycj.cloudfront.net/product-image/file/large_94b2d783-6bff-4c7b-b066-a66a98e5ed01.png,"
Sam's Club,Pink Lady (Cripps) Apple,$0.92,each (est.),$2.19 / lb,About 0.42 lb each,[],,"https://www.instacart.com/image-server/197x197/filters:fill(FFF,true):format(jpg)/d2lnr5mha7bycj.cloudfront.net/product-image/file/large_428050b0-cce1-4f6f-bc2d-85f3b3e0c305.png,"
Sam's Club,Original price: $6.49,$5.39,,,"Original price: $6.49
$6.49",[],,"https://www.instacart.com/image-server/197x197/filters:fill(FFF,true):format(jpg)/d2lnr5mha7bycj.cloudfront.net/product-image/file/large_3f9742aa-89bd-4064-b7ea-ba1fbb7c9687.png,"
Sam's Club,Original price: $22.59,$10.79,,,2 lb,[],,"https://www.instacart.com/image-server/197x197/filters:fill(FFF,true):format(jpg)/d2lnr5mha7bycj.cloudfront.net/product-image/file/large_8aa74579-2a8f-476b-bd23-47cdf488999f.png,"
Sam's Club,Applegate Naturals Naturals Chicken Nuggets,$16.19,,,16 oz,[],,"https://www.instacart.com/image-server/197x197/filters:fill(FFF,true):format(jpg)/d2lnr5mha7bycj.cloudfront.net/product-image/file/large_ee3bae31-640c-4844-a720-8473f2848968.png,"
Sam's Club,Original price: $8.59,$6.49,,,21 oz,[],,"https://www.instacart.com/image-server/197x197/filters:fill(FFF,true):format(jpg)/d2lnr5mha7bycj.cloudfront.net/product-image/file/large_fd43971b-68c3-4836-8268-5c48b1b444b5.jpg,"
Sam's Club,"jack & annie's Jackfruit Nuggets, Vegan, Crispy",$6.49,,,10 oz,['Vegan'],Many in stock,"https://www.instacart.com/image-server/197x197/filters:fill(FFF,true):format(jpg)/d2lnr5mha7bycj.cloudfront.net/product-image/file/large_e0346236-9a21-4e6d-8870-c737143236c1.png,"
Sam's Club,Perdue Gluten Free Breaded Chicken Tenders,$11.89,,,1.38 lb,['Gluten-Free'],,"https://www.instacart.com/image-server/197x197/filters:fill(FFF,true):format(jpg)/d2lnr5mha7bycj.cloudfront.net/product-image/file/large_b14fa5e8-8abe-4184-bb04-7b41fcd22913.jpg,"
Sam's Club,Original price: $11.89,$10.79,,,14 oz,['Gluten-Free'],,"https://www.instacart.com/image-server/197x197/filters:fill(FFF,true):format(jpg)/d2lnr5mha7bycj.cloudfront.net/product-image/file/large_5a95b531-7fa1-413a-8e4e-768c592a9729.png,"
Sam's Club,"Sea Cuisine Salmon, Teriyaki Sesame",$12.89,,,9 oz,[],,"https://www.instacart.com/image-server/197x197/filters:fill(FFF,true):format(jpg)/d2lnr5mha7bycj.cloudfront.net/product-image/file/large_57b76922-322c-4fc2-afad-2b512d4ed001.png,"
Sam's Club,Original price: $8.59,$7.59,,,4 x 12 oz,"['Gluten-Free', 'Vegan']",,"https://www.instacart.com/image-server/197x197/filters:fill(FFF,true):format(jpg)/d2lnr5mha7bycj.cloudfront.net/product-image/file/large_620f2e85-abb9-4597-aca0-67c2ce126ddb.png,"
Sam's Club,"Beyond Meat Beyond Breakfast Sausage, Plant-Based Breakfast Patties, Spicy",$5.99,,,7.4 oz,"['Gluten-Free', 'Vegan']",,"https://www.instacart.com/image-server/197x197/filters:fill(FFF,true):format(jpg)/d2lnr5mha7bycj.cloudfront.net/product-image/file/large_76a5a356-4ea6-4680-b59b-3d8b908200e8.jpg,"
Sam's Club,Original price: $6.99,$5.39,,,4 x 2.5 oz,"['Gluten-Free', 'Vegan']",,"https://www.instacart.com/image-server/197x197/filters:fill(FFF,true):format(jpg)/d2lnr5mha7bycj.cloudfront.net/product-image/file/large_202afdca-c070-4031-8423-422f3f7d8a11.png,"
Sam's Club,Original price: $6.99,$5.39,,,4 each,"['Gluten-Free', 'Vegan']",Many in stock,"https://www.instacart.com/image-server/197x197/filters:fill(FFF,true):format(jpg)/d2lnr5mha7bycj.cloudfront.net/product-image/file/large_14928c15-33ef-4f5f-bea5-0753b503e9fc.png,"
Sam's Club,"jack & annie's Jackfruit Sausage Patties, Vegan, Savory Breakfast",$6.49,,,5 ct,"['Gluten-Free', 'Vegan']",,"https://www.instacart.com/image-server/197x197/filters:fill(FFF,true):format(jpg)/d2lnr5mha7bycj.cloudfront.net/product-image/file/large_5b76fdd9-9ad9-463a-9d9c-2593cc6ae412.png,"
Sam's Club,Good Food Made Simple Egg White Patties,$6.99,,,10 oz,[],,"https://www.instacart.com/image-server/197x197/filters:fill(FFF,true):format(jpg)/d2lnr5mha7bycj.cloudfront.net/product-image/file/large_5865dcf4-a22d-4350-86ff-d20df0215bd1.png,"
Sam's Club,Original price: $6.49,$5.99,,,8.1 oz,['Vegan'],,"https://www.instacart.com/image-server/197x197/filters:fill(FFF,true):format(jpg)/d2lnr5mha7bycj.cloudfront.net/product-image/file/large_c0e08224-705c-4c28-ab95-9fee1c7ebb89.jpeg,"
Sam's Club,Perdue Lightly Breaded Chicken Dino Nuggets,$11.89,,,1.5 lb,[],,"https://www.instacart.com/image-server/197x197/filters:fill(FFF,true):format(jpg)/d2lnr5mha7bycj.cloudfront.net/product-image/file/large_75e631ce-706d-4f9e-b238-9e1bfbd8730f.jpg,"
Sam's Club,"jack & annie's Buffalo Wings, Vegan, Jackfruit",$6.49,,,9.1 oz,['Vegan'],Many in stock,"https://www.instacart.com/image-server/197x197/filters:fill(FFF,true):format(jpg)/d2lnr5mha7bycj.cloudfront.net/product-image/file/large_db81a590-b65d-42ef-9b22-f13975336688.png,"
Sam's Club,Applegate Organics Organic Chicken Strips,$11.29,,,8 oz,[],,"https://www.instacart.com/image-server/197x197/filters:fill(FFF,true):format(jpg)/d2lnr5mha7bycj.cloudfront.net/product-image/file/large_877f70f4-ed39-4204-b822-9b76a9f063e5.png,"
Sam's Club,"Beyond Meat Beyond Breakfast Sausage, Plant-Based Breakfast Patties, Original",$5.99,,,7.4 oz,"['Gluten-Free', 'Vegan']",,"https://www.instacart.com/image-server/197x197/filters:fill(FFF,true):format(jpg)/d2lnr5mha7bycj.cloudfront.net/product-image/file/large_d3ee210f-07f5-48c8-b243-2b3cbdc6f12f.jpg,"
Sam's Club,"Hilary's Veggie Burgers, Fiesta Black Bean",$4.89,,,4 x 3 oz,"['Gluten-Free', 'Vegan']",Many in stock,"https://www.instacart.com/image-server/197x197/filters:fill(FFF,true):format(jpg)/d2lnr5mha7bycj.cloudfront.net/product-image/file/large_67b459e4-fbc6-47f1-bc60-ba73338519e5.png,"
Sam's Club,Original price: $6.49,$5.99,,,12.7 oz,['Vegan'],,"https://www.instacart.com/image-server/197x197/filters:fill(FFF,true):format(jpg)/d2lnr5mha7bycj.cloudfront.net/product-image/file/large_9f867ec7-9413-49de-bb63-a9ad0aaf9544.jpg,"
Sam's Club,Original price: $5.39,$4.69,,,12 oz,['Gluten-Free'],,"https://www.instacart.com/image-server/197x197/filters:fill(FFF,true):format(jpg)/d2lnr5mha7bycj.cloudfront.net/product-image/file/large_4bd91297-755d-47c5-b440-bdf19c0f57e4.png,"
Sam's Club,"Sea Legend Sea Scallops, Jumbo, Pieces",$13.99,,,1 lb,[],Many in stock,"https://www.instacart.com/image-server/197x197/filters:fill(FFF,true):format(jpg)/d2lnr5mha7bycj.cloudfront.net/product-image/file/large_cdae4c6b-bf7b-47cb-8b73-ab9c6e62b192.png,"
Sam's Club,Kidfresh Chicken meatballs with a blend of vegetables.,$13.99,,,16.45 oz,[],,"https://www.instacart.com/image-server/197x197/filters:fill(FFF,true):format(jpg)/d2lnr5mha7bycj.cloudfront.net/product-image/file/large_596a5b13-3149-4d4d-a5b1-d27a01ad88c9.png,"
Sam's Club,Original price: $6.49,$5.99,,,4 x 12 oz,['Vegan'],,"https://www.instacart.com/image-server/197x197/filters:fill(FFF,true):format(jpg)/d2lnr5mha7bycj.cloudfront.net/product-image/file/large_e288a458-b6e2-4014-819a-2d66f51d8b2b.jpg,"
Sam's Club,Original price: $9.69,$7.59,,,18 oz,[],,"https://www.instacart.com/image-server/197x197/filters:fill(FFF,true):format(jpg)/d2lnr5mha7bycj.cloudfront.net/product-image/file/large_ae5a53c1-963c-4a49-8d5d-94ea8ce6f851.png,"
Sam's Club,Original price: $10.29,$8.59,,,13.5 oz,[],,"https://www.instacart.com/image-server/197x197/filters:fill(FFF,true):format(jpg)/d2lnr5mha7bycj.cloudfront.net/product-image/file/large_ab49963c-2ac6-4843-8bfe-dc60eb1ef79b.png,"
Sam's Club,"Sea Cuisine Salmon, Honey Chipotle",$12.89,,,10.5 oz,[],,"https://www.instacart.com/image-server/197x197/filters:fill(FFF,true):format(jpg)/d2lnr5mha7bycj.cloudfront.net/product-image/file/large_1f531ff8-37b8-4fc2-a5b2-5e6d636c6d74.png,"
Sam's Club,Original price: $6.49,$5.99,,,10.5 oz,['Vegan'],,"https://www.instacart.com/image-server/197x197/filters:fill(FFF,true):format(jpg)/d2lnr5mha7bycj.cloudfront.net/product-image/file/large_161b5056-e9fd-4a6a-a940-1582bd948ede.jpg,"
Sam's Club,Original price: $6.49,$5.99,,,10.1 oz,['Vegan'],,"https://www.instacart.com/image-server/197x197/filters:fill(FFF,true):format(jpg)/d2lnr5mha7bycj.cloudfront.net/product-image/file/large_da304c2e-197c-4d34-a9eb-f8d73dc65358.jpg,"
Sam's Club,"Daring Original Plant Chicken Pieces, Gluten-Free",$8.09,,,8 oz,"['Gluten-Free', 'Vegan']",,"https://www.instacart.com/image-server/197x197/filters:fill(FFF,true):format(jpg)/d2lnr5mha7bycj.cloudfront.net/product-image/file/large_060998a5-aea4-47d3-8da2-39d3e233c1e7.jpg,"
Sam's Club,"Frozen Raw Easy Peal Shrimp 13/15 Count, 2 lb Bag",$24.79,,,32 oz,[],,"https://www.instacart.com/image-server/197x197/filters:fill(FFF,true):format(jpg)/d2lnr5mha7bycj.cloudfront.net/product-image/file/large_8c102715-ca3b-4e12-943a-f69626d2193b.png,"
Sam's Club,Tyson Fully Cooked Crispy Chicken Strips,$10.79,,,25 oz,[],,"https://www.instacart.com/image-server/197x197/filters:fill(FFF,true):format(jpg)/d2lnr5mha7bycj.cloudfront.net/product-image/file/large_2622145a-182e-4c26-886f-4630464bb778.jpg,"
Sam's Club,Original price: $6.49,$5.99,,,8 oz,['Vegan'],,"https://www.instacart.com/image-server/197x197/filters:fill(FFF,true):format(jpg)/d2lnr5mha7bycj.cloudfront.net/product-image/file/large_55dd4957-8a7c-4437-8a21-325ba82d154b.jpg,"
Sam's Club,"Northern Chef Shrimp, Gluten Free, Coconut",$8.59,,,9 oz,[],,"https://www.instacart.com/image-server/197x197/filters:fill(FFF,true):format(jpg)/d2lnr5mha7bycj.cloudfront.net/product-image/file/large_1cfc044e-733a-46e8-81ac-a00e8e54dad2.png,"
Sam's Club,"Tyson Cooked Grilled Chicken Breast Strips, Frozen",$10.79,,,22 oz,[],,"https://www.instacart.com/image-server/197x197/filters:fill(FFF,true):format(jpg)/d2lnr5mha7bycj.cloudfront.net/product-image/file/large_278acb74-6198-4dd3-9f74-cbdf846167ff.jpg,"
Sam's Club,Original price: $6.99,$5.39,,,4 oz,"['Gluten-Free', 'Vegan']",Many in stock,"https://www.instacart.com/image-server/197x197/filters:fill(FFF,true):format(jpg)/d2lnr5mha7bycj.cloudfront.net/product-image/file/large_85e9ce10-aa22-4b09-a5ec-902897312369.png,"
Sam's Club,Original price: $6.99,$5.39,,,9.2 oz,[],,"https://www.instacart.com/image-server/197x197/filters:fill(FFF,true):format(jpg)/d2lnr5mha7bycj.cloudfront.net/product-image/file/large_3a77d85f-3bb2-4769-a432-9618fc5bf0d7.png,"
Sam's Club,Original price: $6.49,$5.99,,,13.8 oz,"['Gluten-Free', 'Vegan']",,"https://www.instacart.com/image-server/197x197/filters:fill(FFF,true):format(jpg)/d2lnr5mha7bycj.cloudfront.net/product-image/file/large_89f2d520-1d3b-426e-82d9-ad6465514732.jpg,"
Sam's Club,"Sea Cuisine Tilapia, Garlic & Herb",$12.89,,,9 oz,[],,"https://www.instacart.com/image-server/197x197/filters:fill(FFF,true):format(jpg)/d2lnr5mha7bycj.cloudfront.net/product-image/file/large_8f006d88-2af1-466d-9951-bb186a04d1b9.png,"
Sam's Club,Original price: $6.49,$5.99,,,8.8 oz,['Vegan'],,"https://www.instacart.com/image-server/197x197/filters:fill(FFF,true):format(jpg)/d2lnr5mha7bycj.cloudfront.net/product-image/file/large_e43a845f-dc72-4094-8276-aa70065c54a8.jpg,"
Sam's Club,Original price: $7.59,$6.99,,,8 fl oz,['Organic'],Many in stock,"https://www.instacart.com/image-server/197x197/filters:fill(FFF,true):format(jpg)/d2lnr5mha7bycj.cloudfront.net/product-image/file/large_4728deb7-c239-4e2a-af9f-08c8a09725f9.png,"
Sam's Club,"Arm & Hammer Baking Soda, Pure",$1.89,,,16 oz,[],,"https://www.instacart.com/image-server/197x197/filters:fill(FFF,true):format(jpg)/d2lnr5mha7bycj.cloudfront.net/product-image/file/large_800cbf5b-12f5-4a46-9859-021baae98474.jpg,"
Sam's Club,Fresh Thyme Market White Vinegar,$4.69,,,128 fl oz,[],Many in stock,"https://www.instacart.com/image-server/197x197/filters:fill(FFF,true):format(jpg)/d2lnr5mha7bycj.cloudfront.net/product-image/file/large_00f4fca9-5005-49b8-943a-98be22ac4782.png,"
Sam's Club,Beekeeper's Naturals Superfood Honey,$17.19,,,125 g,['Gluten-Free'],,"https://www.instacart.com/image-server/197x197/filters:fill(FFF,true):format(jpg)/d2lnr5mha7bycj.cloudfront.net/product-image/file/large_a5123be6-fd8a-4017-a3e7-fc5e97abdd7e.png,"
Sam's Club,Fresh Thyme Market All Natural Pizza Dough,$3.29,,,per lb,[],,"https://www.instacart.com/image-server/197x197/filters:fill(FFF,true):format(jpg)/d2lnr5mha7bycj.cloudfront.net/product-image/file/large_f5bf8ffb-3de8-40f1-bbcd-87e862dee4c7.jpg,"
Sam's Club,Fresh Thyme Market Organic Honey,$9.69,,,16 oz,['Organic'],,"https://www.instacart.com/image-server/197x197/filters:fill(FFF,true):format(jpg)/d2lnr5mha7bycj.cloudfront.net/product-image/file/large_1b8ae5db-934a-411e-b903-558b747ff253.png,"
Sam's Club,"Morton Iodized Salt, 26 Ounce",$2.69,,,26 oz,[],,"https://www.instacart.com/image-server/197x197/filters:fill(FFF,true):format(jpg)/d2lnr5mha7bycj.cloudfront.net/product-image/file/large_b6741d21-985d-439d-8a17-0ba710d35c5c.png,"
Sam's Club,Beekeeper's Naturals Superfood Honey,$38.69,,,330 g,['Gluten-Free'],,"https://www.instacart.com/image-server/197x197/filters:fill(FFF,true):format(jpg)/d2lnr5mha7bycj.cloudfront.net/product-image/file/large_d07c534c-5b3b-4f3d-8f53-c63e93a00b83.png,"
Sam's Club,"Siete Taco Seasoning, Mild",$3.29,,,1.31 oz,[],,"https://www.instacart.com/image-server/197x197/filters:fill(FFF,true):format(jpg)/d2lnr5mha7bycj.cloudfront.net/product-image/file/large_ee0e7020-3990-4679-9edf-04d93d385479.png,"
Sam's Club,Thai Kitchen Unsweetened Coconut Milk,$3.59,,,13.66 fl oz,[],,"https://www.instacart.com/image-server/197x197/filters:fill(FFF,true):format(jpg)/d2lnr5mha7bycj.cloudfront.net/product-image/file/large_e5ef2e34-3120-43cf-8a58-5cdd64343c76.jpg,"
Sam's Club,Toll House Semi Sweet Chocolate Chips,$5.09,,,12 oz,[],,"https://www.instacart.com/image-server/197x197/filters:fill(FFF,true):format(jpg)/d2lnr5mha7bycj.cloudfront.net/product-image/file/large_f414ed0e-0641-4cb8-bf6a-a5ab3274de0d.jpg,"
Sam's Club,Navitas Organics Cacao Powder,$15.09,,,8 oz,"['Gluten-Free', 'Organic']",,"https://www.instacart.com/image-server/197x197/filters:fill(FFF,true):format(jpg)/d2lnr5mha7bycj.cloudfront.net/product-image/file/large_dd3a8602-bc99-4443-a421-f3b97304a4e0.png,"
Sam's Club,Original price: $10.79,$7.59,,,17.5 oz,"['Organic', 'Vegan']",,"https://www.instacart.com/image-server/197x197/filters:fill(FFF,true):format(jpg)/d2lnr5mha7bycj.cloudfront.net/product-image/file/large_9dcd7d5b-72ec-4b35-bde6-35197b5be814.png,"
Sam's Club,Fresh Thyme Market Baking Soda,$1.09,,,16 oz,[],Many in stock,"https://www.instacart.com/image-server/197x197/filters:fill(FFF,true):format(jpg)/d2lnr5mha7bycj.cloudfront.net/product-image/file/large_58897615-bc91-4a93-be1f-7797cbc17638.png,"
Sam's Club,"""JIFFY"" Corn Muffin Mix",$1.39,,,8.5 oz,[],Many in stock,"https://www.instacart.com/image-server/197x197/filters:fill(FFF,true):format(jpg)/d2lnr5mha7bycj.cloudfront.net/product-image/file/large_2330e7ee-8f71-422e-b082-f503f0a1659e.png,"
Sam's Club,Bragg Nutritional Yeast,$8.09,,,4.5 oz,['Gluten-Free'],,"https://www.instacart.com/image-server/197x197/filters:fill(FFF,true):format(jpg)/d2lnr5mha7bycj.cloudfront.net/product-image/file/large_af4af01a-307f-4426-95c3-8e1dec2920db.png,"
Sam's Club,"Rumford Baking Powder, Gluten Free",$4.29,,,8.1 oz,['Gluten-Free'],Many in stock,"https://www.instacart.com/image-server/197x197/filters:fill(FFF,true):format(jpg)/d2lnr5mha7bycj.cloudfront.net/product-image/file/large_c8ab702c-80c2-4532-9276-26c9c4a499b3.jpg,"
Sam's Club,Fresh Thyme Market Honey Squeeze Bear,$6.49,,,12 oz,[],,"https://www.instacart.com/image-server/197x197/filters:fill(FFF,true):format(jpg)/d2lnr5mha7bycj.cloudfront.net/product-image/file/large_6fbb7ed0-5785-4ff8-a2e2-7f2496c2748d.png,"
Sam's Club,Fresh Thyme Market Corn Starch,$2.49,,,16 oz,[],Many in stock,"https://www.instacart.com/image-server/197x197/filters:fill(FFF,true):format(jpg)/d2lnr5mha7bycj.cloudfront.net/product-image/file/large_f26957a7-a462-4586-8e90-14f13d47cd9b.png,"
Sam's Club,Original price: $23.69,$19.39,,,5.6 fl oz,[],,"https://www.instacart.com/image-server/197x197/filters:fill(FFF,true):format(jpg)/d2lnr5mha7bycj.cloudfront.net/product-image/file/large_c3c1030c-4228-46d2-8166-333f677b2a24.jpg,"
Sam's Club,Sweet Loren's Fudgy Brownie Cookie Dough,$6.99,,,12 oz,"['Vegan', 'Gluten-Free']",,"https://www.instacart.com/image-server/197x197/filters:fill(FFF,true):format(jpg)/d2lnr5mha7bycj.cloudfront.net/product-image/file/large_5633e7de-e31c-4b77-9a73-bbf12547f629.png,"
Sam's Club,Original price: $5.39,$4.39,,,32 fl oz,[],,"https://www.instacart.com/image-server/197x197/filters:fill(FFF,true):format(jpg)/d2lnr5mha7bycj.cloudfront.net/product-image/file/large_8baf48d6-82f9-4d5e-9a85-177b9845eabd.png,"
Sam's Club,Original price: $3.59,$2.99,,,3 x 0.25 oz,['Gluten-Free'],Many in stock,"https://www.instacart.com/image-server/197x197/filters:fill(FFF,true):format(jpg)/d2lnr5mha7bycj.cloudfront.net/product-image/file/large_764d2674-6f9b-4e8d-b5cd-d40a9feeca06.png,"
Sam's Club,Old Bay Classic Seafood Seasoning,$6.49,,,6 fl oz,[],Many in stock,"https://www.instacart.com/image-server/197x197/filters:fill(FFF,true):format(jpg)/d2lnr5mha7bycj.cloudfront.net/product-image/file/large_52bb5265-c987-4bbf-b797-f81b1d180b48.jpg,"
Sam's Club,"Siete Taco Seasoning, Spicy",$3.29,,,1.31 oz,[],,"https://www.instacart.com/image-server/197x197/filters:fill(FFF,true):format(jpg)/d2lnr5mha7bycj.cloudfront.net/product-image/file/large_81f3a30b-e26a-49cf-992a-b722221f3957.png,"
Sam's Club,Bragg Organic Raw Unfiltered Apple Cider Vinegar,$5.69,,,16 oz,['Organic'],,"https://www.instacart.com/image-server/197x197/filters:fill(FFF,true):format(jpg)/d2lnr5mha7bycj.cloudfront.net/product-image/file/large_e3e734ac-962a-4fc0-be9d-b605a1d318ec.png,"
Sam's Club,Original price: $16.69,$12.39,,,750 ml,[],,"https://www.instacart.com/image-server/197x197/filters:fill(FFF,true):format(jpg)/d2lnr5mha7bycj.cloudfront.net/product-image/file/large_225dcdfb-3fc5-400f-99f8-593dfe783a88.jpg,"
Sam's Club,Original price: $6.49,$5.39,,,1 lb,"['Organic', 'Gluten-Free']",,"https://www.instacart.com/image-server/197x197/filters:fill(FFF,true):format(jpg)/d2lnr5mha7bycj.cloudfront.net/product-image/file/large_40ccb009-d9bd-4e7f-8b81-a8c417ee9c64.jpg,"
Sam's Club,Original price: $7.59,$6.49,,,10 oz,['Gluten-Free'],Many in stock,"https://www.instacart.com/image-server/197x197/filters:fill(FFF,true):format(jpg)/d2lnr5mha7bycj.cloudfront.net/product-image/file/large_1cfe5400-5372-4684-9330-aae391caa7dd.jpg,"
Sam's Club,Original price: $6.99,$4.89,,,16 oz,['Organic'],Many in stock,"https://www.instacart.com/image-server/197x197/filters:fill(FFF,true):format(jpg)/d2lnr5mha7bycj.cloudfront.net/product-image/file/large_7241805c-a302-4d0f-86cc-3f3aef91be84.png,"
Sam's Club,Sweet Loren's Chocolate Chunk Cookie Dough,$6.99,,,12 oz,"['Vegan', 'Gluten-Free']",,"https://www.instacart.com/image-server/197x197/filters:fill(FFF,true):format(jpg)/d2lnr5mha7bycj.cloudfront.net/product-image/file/large_a967cbcd-eaac-4ba5-b116-97fb751b0f63.png,"
Sam's Club,"King Arthur Baking Company Brownie Mix, Gluten Free, Ultimate Fudge",$7.59,,,17 oz,['Gluten-Free'],Many in stock,"https://www.instacart.com/image-server/197x197/filters:fill(FFF,true):format(jpg)/d2lnr5mha7bycj.cloudfront.net/product-image/file/large_d2a2b889-a973-4335-bd5d-d3d05ae63555.png,"
Sam's Club,"Essential Everyday Sugar, Granulated, Pure",$4.19,,,4 lb,[],,"https://www.instacart.com/image-server/197x197/filters:fill(FFF,true):format(jpg)/d2lnr5mha7bycj.cloudfront.net/product-image/file/large_549e8ca8-b41b-4ce9-a63b-20d8162e6be6.png,"
Sam's Club,Original price: $8.29,$6.99,,,32 fl oz,['Organic'],,"https://www.instacart.com/image-server/197x197/filters:fill(FFF,true):format(jpg)/d2lnr5mha7bycj.cloudfront.net/product-image/file/large_be2b24e4-4d9e-4324-b56b-991014242c3a.png,"
Sam's Club,Original price: $9.19,$7.59,,,4.7 oz,[],,"https://www.instacart.com/image-server/197x197/filters:fill(FFF,true):format(jpg)/d2lnr5mha7bycj.cloudfront.net/product-image/file/large_739fcbf1-b3d2-4941-a931-6afb4dae4939.png,"
Sam's Club,Hungry Jack Original Pancake Syrup,$5.99,,,27.6 fl oz,[],,"https://www.instacart.com/image-server/197x197/filters:fill(FFF,true):format(jpg)/d2lnr5mha7bycj.cloudfront.net/product-image/file/large_d2415e6d-29cf-436d-8e3e-6f65826525f7.jpg,"
Sam's Club,Original price: $9.19,$6.39,,,17.5 oz,"['Organic', 'Vegan']",Many in stock,"https://www.instacart.com/image-server/197x197/filters:fill(FFF,true):format(jpg)/d2lnr5mha7bycj.cloudfront.net/product-image/file/large_a461e879-4a1e-457e-aa15-1e648c47e0a5.png,"
Sam's Club,McCormick® Black Pepper Grinder,$4.29,,,1 oz,[],,"https://www.instacart.com/image-server/197x197/filters:fill(FFF,true):format(jpg)/d2lnr5mha7bycj.cloudfront.net/product-image/file/large_3b8eea92-2006-44a6-b1d2-03e93769a5ea.jpg,"
Sam's Club,Original price: $6.49,$4.89,,,10 oz,[],,"https://www.instacart.com/image-server/197x197/filters:fill(FFF,true):format(jpg)/d2lnr5mha7bycj.cloudfront.net/product-image/file/large_361a4276-6cdb-4e19-9fd6-3fb303a62bef.jpg,"
Sam's Club,Frontier Co-op Saffron Threads,$12.89,,,0.5 g,[],,"https://www.instacart.com/image-server/197x197/filters:fill(FFF,true):format(jpg)/d2lnr5mha7bycj.cloudfront.net/product-image/file/large_b2aa1d69-9237-4300-9907-f1c9ce7e62c7.jpg,"
Sam's Club,Original price: $8.59,$5.39,,,40 fl oz,[],,"https://www.instacart.com/image-server/197x197/filters:fill(FFF,true):format(jpg)/d2lnr5mha7bycj.cloudfront.net/product-image/file/large_cd61e8c5-3995-4eba-91f4-c649a39fffdb.png,"
Sam's Club,Original price: $1.69,$1.39,,,0.32 oz,['Organic'],Many in stock,"https://www.instacart.com/image-server/197x197/filters:fill(FFF,true):format(jpg)/d2lnr5mha7bycj.cloudfront.net/product-image/file/large_916e84d2-df14-4d92-9562-2d2e86531fd0.png,"
Sam's Club,Fresh Thyme Market Organic Extra Virgin Olive Oil,$18.29,,,33.8 fl oz,['Organic'],,"https://www.instacart.com/image-server/197x197/filters:fill(FFF,true):format(jpg)/d2lnr5mha7bycj.cloudfront.net/product-image/file/large_908e7d02-5c34-4d68-b740-c0dbbedc46f1.png,"
Sam's Club,Pillsbury Funfetti Cake Mix With Candy Bits,$2.69,,,15.25 oz,[],Many in stock,"https://www.instacart.com/image-server/197x197/filters:fill(FFF,true):format(jpg)/d2lnr5mha7bycj.cloudfront.net/product-image/file/large_0d057c47-9222-415f-82cf-7f334e8f50b9.jpg,"
Sam's Club,Fresh Thyme Market Organic Garlic Powder,$4.69,,,2.54 oz,['Organic'],,"https://www.instacart.com/image-server/197x197/filters:fill(FFF,true):format(jpg)/d2lnr5mha7bycj.cloudfront.net/product-image/file/large_eb35457d-22a2-4345-b041-cc7d0f33fa1a.png,"
Sam's Club,Hidden Valley Original Ranch Dips Mix,$2.49,,,1 oz,[],,"https://www.instacart.com/image-server/197x197/filters:fill(FFF,true):format(jpg)/d2lnr5mha7bycj.cloudfront.net/product-image/file/large_ce6cabe8-6039-4d98-9757-1d9a21a89a7e.jpg,"
Sam's Club,Original price: $8.09,$7.59,,,14 oz,"['Organic', 'Gluten-Free']",Many in stock,"https://www.instacart.com/image-server/197x197/filters:fill(FFF,true):format(jpg)/d2lnr5mha7bycj.cloudfront.net/product-image/file/large_6de6e7a1-879b-4bfd-9043-b96dcca6faa9.png,"
Sam's Club,Original price: $5.99,$3.59,,,27.6 fl oz,[],,"https://www.instacart.com/image-server/197x197/filters:fill(FFF,true):format(jpg)/d2lnr5mha7bycj.cloudfront.net/product-image/file/large_1db8ddf6-536c-4b86-8b56-5be073abd57b.jpg,"
Sam's Club,Original price: $6.29,$5.19,,,0.95 oz,['Organic'],,"https://www.instacart.com/image-server/197x197/filters:fill(FFF,true):format(jpg)/d2lnr5mha7bycj.cloudfront.net/product-image/file/large_904c85e5-e613-48ed-b460-f99100fe0217.png,"
Sam's Club,Original price: $5.39,$4.29,,,16 oz,"['Organic', 'Gluten-Free']",Many in stock,"https://www.instacart.com/image-server/197x197/filters:fill(FFF,true):format(jpg)/d2lnr5mha7bycj.cloudfront.net/product-image/file/large_33104660-b34a-4ce9-867e-07f918419ae0.jpg,"
Sam's Club,"Bragg Apple Cider Vinegar, Organic, Raw-Unfiltered",$25.79,,,128 fl oz,['Organic'],,"https://www.instacart.com/image-server/197x197/filters:fill(FFF,true):format(jpg)/d2lnr5mha7bycj.cloudfront.net/product-image/file/large_5b53b3d4-0847-467b-a06d-7e5531045b93.png,"
Sam's Club,Original price: $5.39,$4.29,,,10 oz,['Gluten-Free'],,"https://www.instacart.com/image-server/197x197/filters:fill(FFF,true):format(jpg)/d2lnr5mha7bycj.cloudfront.net/product-image/file/large_aa4d121c-87e1-4879-b162-690255f88c60.png,"
Sam's Club,Lawry's® Economy Size Seasoned Salt,$7.59,,,16 oz,[],,"https://www.instacart.com/image-server/197x197/filters:fill(FFF,true):format(jpg)/d2lnr5mha7bycj.cloudfront.net/product-image/file/large_7a15c9c1-b90a-4276-aa2a-230598627e99.jpg,"
Sam's Club,"Frontier Co-op Saffron Threads, Hand Harvested",$19.89,,,0.04 oz,[],,"https://www.instacart.com/image-server/197x197/filters:fill(FFF,true):format(jpg)/d2lnr5mha7bycj.cloudfront.net/product-image/file/large_fd23ca0b-c725-4a1e-9894-1351a6570e42.png,"
Sam's Club,Gourmet Garden™ Lightly Dried Organic Chives,$5.99,,,0.4 oz,['Organic'],Many in stock,"https://www.instacart.com/image-server/197x197/filters:fill(FFF,true):format(jpg)/d2lnr5mha7bycj.cloudfront.net/product-image/file/large_61191325-f136-4a5d-82f3-bba190cf1f67.jpg,"
Sam's Club,Pillsbury Creamy Supreme Vanilla Frosting,$2.89,,,16 oz,[],Many in stock,"https://www.instacart.com/image-server/197x197/filters:fill(FFF,true):format(jpg)/d2lnr5mha7bycj.cloudfront.net/product-image/file/large_f7d28918-a831-4eba-a9c8-11818deb403d.png,"
Sam's Club,"Ghirardelli Brownie Mix, Premium, Double Chocolate",$4.99,,,18 oz,[],Many in stock,"https://www.instacart.com/image-server/197x197/filters:fill(FFF,true):format(jpg)/d2lnr5mha7bycj.cloudfront.net/product-image/file/large_9a88c3ce-1f8c-4442-ae7f-2eda65b283aa.png,"
Sam's Club,Pillsbury Creamy Supreme Chocolate Fudge Flavored Frosting,$2.89,,,16 oz,[],Many in stock,"https://www.instacart.com/image-server/197x197/filters:fill(FFF,true):format(jpg)/d2lnr5mha7bycj.cloudfront.net/product-image/file/large_be9ab002-b5de-42a9-aa8c-c240bac8d496.jpg,"
Sam's Club,Frontier Co-op Garlic Granules,$6.99,,,2.7 oz,[],,"https://www.instacart.com/image-server/197x197/filters:fill(FFF,true):format(jpg)/d2lnr5mha7bycj.cloudfront.net/product-image/file/large_fb399c13-c30a-4dd5-afdd-1f2c81ddb554.png,"
Sam's Club,Thai Kitchen Gluten Free Unsweetened Coconut Cream,$6.19,,,13.66 fl oz,[],,"https://www.instacart.com/image-server/197x197/filters:fill(FFF,true):format(jpg)/d2lnr5mha7bycj.cloudfront.net/product-image/file/large_c3136f54-35c6-48c6-a110-09a19c7b3a06.jpg,"
Sam's Club,Frontier Co-op Mexican Seasoning,$5.39,,,2 oz,[],Many in stock,"https://www.instacart.com/image-server/197x197/filters:fill(FFF,true):format(jpg)/d2lnr5mha7bycj.cloudfront.net/product-image/file/large_a8d5da49-d4b8-4bc8-a371-c706763478a5.jpg,"
Sam's Club,"SweetLeaf Sweetener, Organic, Monk Fruit, French Vanilla, Concentrate",$12.89,,,2 fl oz,"['Organic', 'Keto']",,"https://www.instacart.com/image-server/197x197/filters:fill(FFF,true):format(jpg)/d2lnr5mha7bycj.cloudfront.net/product-image/file/large_4a3ea8f1-97cf-41f1-808b-abb6ed4749f8.png,"
Sam's Club,Original price: $12.39,$11.89,,,12 oz,[],,"https://www.instacart.com/image-server/197x197/filters:fill(FFF,true):format(jpg)/d2lnr5mha7bycj.cloudfront.net/product-image/file/large_f8714b70-b71a-4835-be66-73f77aee8ff2.jpg,"
Sam's Club,"King Arthur Baking Company Cake Mix, Gluten Free, Classic Yellow",$7.59,,,22 oz,['Gluten-Free'],Many in stock,"https://www.instacart.com/image-server/197x197/filters:fill(FFF,true):format(jpg)/d2lnr5mha7bycj.cloudfront.net/product-image/file/large_a9287d2b-9c2f-4a31-8a5c-8f36a70f5d77.png,"
Sam's Club,Original price: $5.39,$4.29,,,16 fl oz,[],,"https://www.instacart.com/image-server/197x197/filters:fill(FFF,true):format(jpg)/d2lnr5mha7bycj.cloudfront.net/product-image/file/large_cde2772c-d96a-477a-91cb-15528de7c08b.jpg,"
Sam's Club,Pillsbury Funfetti Vanilla Frosting,$3.29,,,15.6 oz,[],Many in stock,"https://www.instacart.com/image-server/197x197/filters:fill(FFF,true):format(jpg)/d2lnr5mha7bycj.cloudfront.net/product-image/file/large_9b12dac1-06c5-4d5e-970e-dd85816ca727.jpg,"
Sam's Club,Fresh Thyme Market Grade A 2% Reduced Fat Milk,$2.49,,,0.5 gal,[],,"https://www.instacart.com/image-server/197x197/filters:fill(FFF,true):format(jpg)/d2lnr5mha7bycj.cloudfront.net/product-image/file/large_997ee4a3-c12e-445d-9965-59a82f37e99c.jpg,"
Sam's Club,Fresh Thyme Market Vitamin D Milk,$3.79,,,1 gal,[],,"https://www.instacart.com/image-server/197x197/filters:fill(FFF,true):format(jpg)/d2lnr5mha7bycj.cloudfront.net/product-image/file/large_2d6468f1-0347-44b4-9837-38bf332e6d51.png,"
Sam's Club,Fresh Thyme Market 2% Reduced Fat Milk,$3.79,,,1 gal,[],,"https://www.instacart.com/image-server/197x197/filters:fill(FFF,true):format(jpg)/d2lnr5mha7bycj.cloudfront.net/product-image/file/large_aed829cc-301d-4d54-86d7-73648666ff5d.png,"
Sam's Club,"Silk Protein Oat Milk, Chocolate, Dairy Free, Lactose Free, Gluten Free",$6.49,,,59 fl oz,[],,"https://www.instacart.com/image-server/197x197/filters:fill(FFF,true):format(jpg)/d2lnr5mha7bycj.cloudfront.net/product-image/file/large_f9acd046-0a4a-41ef-a193-fe555e63f833.jpg,"
Sam's Club,MALK Unsweetened Almond,$6.49,,,28 fl oz,"['Organic', 'Vegan']",,"https://www.instacart.com/image-server/197x197/filters:fill(FFF,true):format(jpg)/d2lnr5mha7bycj.cloudfront.net/product-image/file/large_18696036-c739-4e61-b86d-f3b8a97ba554.png,"
Sam's Club,Almond Breeze Unsweetened Original Almondmilk Non Dairy Milk Alternative,$4.09,,,64 fl oz,[],,"https://www.instacart.com/image-server/197x197/filters:fill(FFF,true):format(jpg)/d2lnr5mha7bycj.cloudfront.net/product-image/file/large_da08b082-b406-420d-b9d8-ca6b8dd49e01.jpg,"
Sam's Club,"Silk Unsweet Organic Soy Milk, Dairy Free, Gluten Free",$5.99,,,64 fl oz,['Organic'],,"https://www.instacart.com/image-server/197x197/filters:fill(FFF,true):format(jpg)/d2lnr5mha7bycj.cloudfront.net/product-image/file/large_e4038c0f-1026-4fa4-9767-a62d447373b7.jpg,"
Sam's Club,Original price: $5.99,$5.39,,,25.4 fl oz,['Vegan'],,"https://www.instacart.com/image-server/197x197/filters:fill(FFF,true):format(jpg)/d2lnr5mha7bycj.cloudfront.net/product-image/file/large_0282ef54-ad24-414d-aa03-8d8671e42c32.png,"
Sam's Club,Organic Valley Whole Milk,$6.49,,,64 oz,"['Cow Milk', 'Organic']",,"https://www.instacart.com/image-server/197x197/filters:fill(FFF,true):format(jpg)/d2lnr5mha7bycj.cloudfront.net/product-image/file/large_f7ba115a-3098-427a-a0da-9a0cf50d55e8.jpg,"
Sam's Club,Fresh Thyme Market Organic 2% Reduced Fat Milk,$7.59,,,128 fl oz,['Organic'],,"https://www.instacart.com/image-server/197x197/filters:fill(FFF,true):format(jpg)/d2lnr5mha7bycj.cloudfront.net/product-image/file/large_6e4e3282-40ef-4085-887c-c8db101c3a8a.jpg,"
Sam's Club,Original price: $6.99,$5.39,,,64 fl oz,"['Vegan', 'Gluten-Free']",,"https://www.instacart.com/image-server/197x197/filters:fill(FFF,true):format(jpg)/d2lnr5mha7bycj.cloudfront.net/product-image/file/large_14a1995b-ec01-436f-9610-684c8a1dd1f4.png,"
Sam's Club,"Silk Original Oat Milk, Dairy Free, Gluten Free, Soy Free",$5.39,,,64 fl oz,['Vegan'],,"https://www.instacart.com/image-server/197x197/filters:fill(FFF,true):format(jpg)/d2lnr5mha7bycj.cloudfront.net/product-image/file/large_0e5fc234-9b82-4b5e-b4aa-df4a3e15f032.jpg,"
Sam's Club,Califia Farms Unsweetened Almondmilk,$4.89,,,48 oz,['Vegan'],,"https://www.instacart.com/image-server/197x197/filters:fill(FFF,true):format(jpg)/d2lnr5mha7bycj.cloudfront.net/product-image/file/large_287b8538-88ad-4ae2-8e0a-fdf7ebc60e52.png,"
Sam's Club,Organic Valley Organic Whole Milk,$9.69,,,128 fl oz,"['Cow Milk', 'Organic']",,"https://www.instacart.com/image-server/197x197/filters:fill(FFF,true):format(jpg)/d2lnr5mha7bycj.cloudfront.net/product-image/file/large_83cbceec-930c-4972-9f8b-c33e0d42fe10.jpg,"
Sam's Club,Organic Valley 2% Milk,$6.49,,,64 fl oz,"['Cow Milk', 'Organic']",,"https://www.instacart.com/image-server/197x197/filters:fill(FFF,true):format(jpg)/d2lnr5mha7bycj.cloudfront.net/product-image/file/large_35525414-11ee-4baa-894b-fbadcb0a80b3.jpg,"
Sam's Club,"Silk Extra Creamy Oat Milk, Dairy Free, Gluten Free, Soy Free",$5.39,,,64 fl oz,['Vegan'],,"https://www.instacart.com/image-server/197x197/filters:fill(FFF,true):format(jpg)/d2lnr5mha7bycj.cloudfront.net/product-image/file/large_5843ac26-c964-486f-862b-6dc3180e7682.jpg,"
Sam's Club,Fresh Thyme Market Organic 2% Milk,$4.89,,,64 fl oz,['Organic'],,"https://www.instacart.com/image-server/197x197/filters:fill(FFF,true):format(jpg)/d2lnr5mha7bycj.cloudfront.net/product-image/file/large_2a210903-7aa0-4ade-82d5-c300200af13d.png,"
Sam's Club,So Delicious Dairy Free Organic Coconut Milk Beverage Unsweetened,$5.99,,,64 fl oz,"['Organic', 'Vegan']",,"https://www.instacart.com/image-server/197x197/filters:fill(FFF,true):format(jpg)/d2lnr5mha7bycj.cloudfront.net/product-image/file/large_662b067e-da48-491f-a5e0-2511bdd3af30.jpg,"
Sam's Club,Fresh Thyme Market Milk With Vitamin D,$2.49,,,0.5 gal,[],Likely out of stock,"https://www.instacart.com/image-server/197x197/filters:fill(FFF,true):format(jpg)/d2lnr5mha7bycj.cloudfront.net/product-image/file/large_d6b244d5-19e8-450c-bb17-64066f72540e.jpg,"
Sam's Club,Califia Farms Organic Unsweetened Almond Milk,$6.49,,,48 fl oz,"['Organic', 'Vegan']",,"https://www.instacart.com/image-server/197x197/filters:fill(FFF,true):format(jpg)/d2lnr5mha7bycj.cloudfront.net/product-image/file/large_610a7603-b793-4d31-8de4-e8c2e8e0aa9e.png,"
Sam's Club,"Silk Unsweet Almond Milk, Dairy Free, Gluten Free, Soy Free",$4.29,,,64 fl oz,[],,"https://www.instacart.com/image-server/197x197/filters:fill(FFF,true):format(jpg)/d2lnr5mha7bycj.cloudfront.net/product-image/file/large_e4662f42-9077-4fdf-82b4-0c0a9d242eec.jpg,"
Sam's Club,Three Trees Organic Unsweetened Vanilla Bean Almond Milk,$7.59,,,28 fl oz,"['Organic', 'Vegan']",Many in stock,"https://www.instacart.com/image-server/197x197/filters:fill(FFF,true):format(jpg)/d2lnr5mha7bycj.cloudfront.net/product-image/file/large_a42eced8-83ef-4e64-8b88-1c21e6af183f.jpg,"
Sam's Club,Califia Farms Unsweetened Vanilla Almondmilk,$4.89,,,48 oz,['Vegan'],,"https://www.instacart.com/image-server/197x197/filters:fill(FFF,true):format(jpg)/d2lnr5mha7bycj.cloudfront.net/product-image/file/large_f01768a7-d88d-40c1-9c5e-9f262961781a.png,"
Sam's Club,Fresh Thyme Market Organic Coconut Milk,$2.79,,,13.5 fl oz,['Organic'],Likely out of stock,"https://www.instacart.com/image-server/197x197/filters:fill(FFF,true):format(jpg)/d2lnr5mha7bycj.cloudfront.net/product-image/file/large_0ff221a5-9b43-4a85-89b2-53b7b2aa091f.png,"
Sam's Club,"Organic Valley 100% Grass Fed, Organic 2% Milk",$7.59,,,64 oz,"['Cow Milk', 'Organic']",,"https://www.instacart.com/image-server/197x197/filters:fill(FFF,true):format(jpg)/d2lnr5mha7bycj.cloudfront.net/product-image/file/large_e6f74d88-fdb1-4548-a743-55b54fb0f0e8.jpg,"
Sam's Club,Planet Oat Extra Creamy Original Oatmilk,$5.39,,,52 fl oz,"['Vegan', 'Gluten-Free']",Many in stock,"https://www.instacart.com/image-server/197x197/filters:fill(FFF,true):format(jpg)/d2lnr5mha7bycj.cloudfront.net/product-image/file/large_dfb9e1b3-ce9b-4768-8236-722662b57899.jpg,"
Sam's Club,Alexandre Eco Dairy Certified Regenerative Organic A2/A2 4% Whole Milk,$8.09,,,59 fl oz,['Organic'],,"https://www.instacart.com/image-server/197x197/filters:fill(FFF,true):format(jpg)/d2lnr5mha7bycj.cloudfront.net/product-image/file/large_35bfa44d-12d7-4231-ad57-9f49ac1d3d43.jpg,"
Sam's Club,Three Trees Organic Unsweetened Original Almond Milk,$7.59,,,28 fl oz,"['Organic', 'Vegan']",Many in stock,"https://www.instacart.com/image-server/197x197/filters:fill(FFF,true):format(jpg)/d2lnr5mha7bycj.cloudfront.net/product-image/file/large_2bc08385-bfae-4d6d-a75c-77b1df6629c8.jpg,"
Sam's Club,Ripple Kids Orginal Plant-Based Milk,$7.59,,,48 fl oz,['Vegan'],Many in stock,"https://www.instacart.com/image-server/197x197/filters:fill(FFF,true):format(jpg)/d2lnr5mha7bycj.cloudfront.net/product-image/file/large_3c128ded-1a1f-40c0-8674-9fd59843df19.png,"
Sam's Club,"Organic Valley Lactose Free, 2% Organic Milk, 64oz (Half Gallon)",$6.49,,,64 oz,['Organic'],,"https://www.instacart.com/image-server/197x197/filters:fill(FFF,true):format(jpg)/d2lnr5mha7bycj.cloudfront.net/product-image/file/large_a7f847aa-87a6-4d5b-9201-ce5c2ac3246d.jpg,"
Sam's Club,"Silk Unsweet Almond Coconut Milk, Dairy Free, Gluten Free, Soy Free",$4.29,,,0.5 gal,[],,"https://www.instacart.com/image-server/197x197/filters:fill(FFF,true):format(jpg)/d2lnr5mha7bycj.cloudfront.net/product-image/file/large_3562ec5d-e17a-4652-91c4-1e4b54953efb.jpg,"
Sam's Club,Elmhurst Unsweetened Almond Milk,$7.59,,,32 fl oz,['Vegan'],Many in stock,"https://www.instacart.com/image-server/197x197/filters:fill(FFF,true):format(jpg)/d2lnr5mha7bycj.cloudfront.net/product-image/file/large_a9260269-9ebe-4e30-9b4e-4b600aabc203.jpg,"
Sam's Club,"Chobani Oatmilk, Original",$5.39,,,52 fl oz,"['Vegan', 'Gluten-Free']",,"https://www.instacart.com/image-server/197x197/filters:fill(FFF,true):format(jpg)/d2lnr5mha7bycj.cloudfront.net/product-image/file/large_492a75c9-07e7-47da-9e9d-8d258f6bf6a1.png,"
Sam's Club,Horizon Organic Whole High Vitamin D Milk,$6.49,,,64 fl oz,"['Cow Milk', 'Organic']",,"https://www.instacart.com/image-server/197x197/filters:fill(FFF,true):format(jpg)/d2lnr5mha7bycj.cloudfront.net/product-image/file/large_718c1b4f-22bb-408d-b69f-cbc5bc70f640.jpg,"
Sam's Club,"Chobani Oatmilk, Extra Creamy",$5.39,,,52 fl oz,"['Vegan', 'Gluten-Free']",,"https://www.instacart.com/image-server/197x197/filters:fill(FFF,true):format(jpg)/d2lnr5mha7bycj.cloudfront.net/product-image/file/large_9c0ba207-6397-4592-a485-bfc0a85ad63a.png,"
Sam's Club,Planet Oat Original Oatmilk,$5.39,,,52 fl oz,"['Vegan', 'Gluten-Free']",,"https://www.instacart.com/image-server/197x197/filters:fill(FFF,true):format(jpg)/d2lnr5mha7bycj.cloudfront.net/product-image/file/large_b261f8f4-ed76-477a-a6bf-7fb44f2e16d0.jpg,"
Sam's Club,Silk Original Coconutmilk,$5.99,,,64 fl oz,[],,"https://www.instacart.com/image-server/197x197/filters:fill(FFF,true):format(jpg)/d2lnr5mha7bycj.cloudfront.net/product-image/file/large_05f7ff56-30f2-41ae-9bf7-b1e356c42167.jpg,"
Sam's Club,Original price: $5.99,$5.39,,,59 fl oz,['Cow Milk'],,"https://www.instacart.com/image-server/197x197/filters:fill(FFF,true):format(jpg)/d2lnr5mha7bycj.cloudfront.net/product-image/file/large_cc99e286-14d5-4aac-ba02-c843bc603c4c.png,"
Sam's Club,Original price: $5.39,$4.89,,,32 fl oz,['Vegan'],,"https://www.instacart.com/image-server/197x197/filters:fill(FFF,true):format(jpg)/d2lnr5mha7bycj.cloudfront.net/product-image/file/large_e251c70d-278c-4f93-b90d-cef207f2dc8f.png,"
Sam's Club,Almond Breeze Vanilla Almondmilk,$4.09,,,64 oz,[],,"https://www.instacart.com/image-server/197x197/filters:fill(FFF,true):format(jpg)/d2lnr5mha7bycj.cloudfront.net/product-image/file/large_40914d89-ca5f-4582-a979-4643d1db92a7.jpg,"
Sam's Club,Bolthouse Farms Protein Plus® Chocolate,$4.29,,,15.2 fl oz,[],,"https://www.instacart.com/image-server/197x197/filters:fill(FFF,true):format(jpg)/d2lnr5mha7bycj.cloudfront.net/product-image/file/large_6a63ff69-b7d7-4e9d-9395-891ca5920c72.jpg,"
Sam's Club,Horizon Organic 2% Reduced Fat DHA Omega-3 Milk,$6.49,,,64 fl oz,"['Cow Milk', 'Organic']",,"https://www.instacart.com/image-server/197x197/filters:fill(FFF,true):format(jpg)/d2lnr5mha7bycj.cloudfront.net/product-image/file/large_f3a7d848-7edb-41be-9173-d689f08bf194.jpg,"
Sam's Club,"Silk Unsweet Cashew Milk, Dairy Free, Gluten Free, Soy Free",$5.39,,,64 fl oz,[],,"https://www.instacart.com/image-server/197x197/filters:fill(FFF,true):format(jpg)/d2lnr5mha7bycj.cloudfront.net/product-image/file/large_19b5c3b8-f699-45c4-9851-21f695c57fa5.jpg,"
Sam's Club,"Organic Valley Lactose Free, Whole Organic Milk, 64oz (Half Gallon)",$6.49,,,64 oz,['Organic'],,"https://www.instacart.com/image-server/197x197/filters:fill(FFF,true):format(jpg)/d2lnr5mha7bycj.cloudfront.net/product-image/file/large_67e5ad27-b264-438c-a761-5ad4aff58039.jpg,"
Sam's Club,"Silk Vanilla Almond Milk, Dairy Free, Gluten Free, Soy Free",$4.29,,,64 fl oz,[],,"https://www.instacart.com/image-server/197x197/filters:fill(FFF,true):format(jpg)/d2lnr5mha7bycj.cloudfront.net/product-image/file/large_0944b60b-8e7e-454a-b031-74852774c988.jpg,"
Sam's Club,"Organic Valley 100% Grass-fed, Organic Whole Milk",$7.59,,,0.5 gal,"['Cow Milk', 'Organic']",,"https://www.instacart.com/image-server/197x197/filters:fill(FFF,true):format(jpg)/d2lnr5mha7bycj.cloudfront.net/product-image/file/large_ee69caf7-6cfa-436d-9f12-8e07bb18e12b.jpg,"
Sam's Club,Original price: $5.09,$4.09,,,64 fl oz,['Vegan'],,"https://www.instacart.com/image-server/197x197/filters:fill(FFF,true):format(jpg)/d2lnr5mha7bycj.cloudfront.net/product-image/file/large_44159f62-cd8a-4d96-a744-10aae692eed8.png,"
Sam's Club,"Silk Unsweet Vanilla Almond Milk, Dairy Free, Gluten Free, Soy Free",$4.29,,,64 fl oz,[],,"https://www.instacart.com/image-server/197x197/filters:fill(FFF,true):format(jpg)/d2lnr5mha7bycj.cloudfront.net/product-image/file/large_aae4b3d2-0d39-4e6c-9ae9-537a0978aa5f.jpg,"
Sam's Club,Califia Farms Original Protein Oat Milk,$6.99,,,48 fl oz,"['Vegan', 'Gluten-Free']",,"https://www.instacart.com/image-server/197x197/filters:fill(FFF,true):format(jpg)/d2lnr5mha7bycj.cloudfront.net/product-image/file/large_17649f2e-831c-4619-ad1e-4f44d3adb240.png,"
Sam's Club,"Silk Original Almond Milk, Dairy Free, Gluten Free, Soy Free",$4.29,,,64 fl oz,[],,"https://www.instacart.com/image-server/197x197/filters:fill(FFF,true):format(jpg)/d2lnr5mha7bycj.cloudfront.net/product-image/file/large_da251329-39e0-43a9-a0ab-6ccd79af6d9a.jpg,"
Sam's Club,"fairlife Fat Free Ultra-Filtered Milk, Lactose Free",$5.39,,,52 fl oz,[],,"https://www.instacart.com/image-server/197x197/filters:fill(FFF,true):format(jpg)/d2lnr5mha7bycj.cloudfront.net/product-image/file/large_2edaf243-a89c-4e1a-a376-e60cb1f3ab12.jpg,"
Sam's Club,MALK Original Oat,$6.49,,,28 fl oz,"['Organic', 'Vegan']",,"https://www.instacart.com/image-server/197x197/filters:fill(FFF,true):format(jpg)/d2lnr5mha7bycj.cloudfront.net/product-image/file/large_3c13f7f9-62db-4e4e-9370-dc95d26d74dd.png,"
Sam's Club,"Silk Dark Chocolate Almond Milk, Dairy Free, Gluten Free, Soy Free",$4.29,,,64 fl oz,[],,"https://www.instacart.com/image-server/197x197/filters:fill(FFF,true):format(jpg)/d2lnr5mha7bycj.cloudfront.net/product-image/file/large_0ea2a1e5-7e09-4800-a33a-e0674f60c860.jpg,"
Sam's Club,Califia Farms Extra Creamy Oat Milk,$4.89,,,48 fl oz,"['Vegan', 'Gluten-Free']",,"https://www.instacart.com/image-server/197x197/filters:fill(FFF,true):format(jpg)/d2lnr5mha7bycj.cloudfront.net/product-image/file/large_0c487cc1-3a5f-4ecf-9ae6-8834cf4ee07a.png,"
Sam's Club,Califia Farms Organic Oat Milk,$6.49,,,48 fl oz,"['Organic', 'Vegan']",,"https://www.instacart.com/image-server/197x197/filters:fill(FFF,true):format(jpg)/d2lnr5mha7bycj.cloudfront.net/product-image/file/large_4e7bbcfb-5128-4b74-9453-252dad5574ba.png,"
Sam's Club,Organic Valley Ultra Pasteurized 0% Fat Milk,$6.49,,,64 fl oz,"['Cow Milk', 'Organic']",,"https://www.instacart.com/image-server/197x197/filters:fill(FFF,true):format(jpg)/d2lnr5mha7bycj.cloudfront.net/product-image/file/large_87135c0a-1dbc-49e8-ade3-270d39c3a737.jpg,"
Sam's Club,Pacific Foods Hemp Unsweetened Original Beverage,$6.99,,,32 oz,['Vegan'],,"https://www.instacart.com/image-server/197x197/filters:fill(FFF,true):format(jpg)/d2lnr5mha7bycj.cloudfront.net/product-image/file/large_06027d8b-798b-4448-a93e-86e8e14fd08b.jpg,"
Sam's Club,Califia Farms Zero Sugar Oat Milk,$4.89,,,48 fl oz,"['Vegan', 'Gluten-Free']",,"https://www.instacart.com/image-server/197x197/filters:fill(FFF,true):format(jpg)/d2lnr5mha7bycj.cloudfront.net/product-image/file/large_3b5a6265-b7a1-4c9a-b2a3-349969dd55f6.png,"
Sam's Club,Califia Farms Oat Barista Blend Oat Milk,$5.39,,,32 fl oz,"['Vegan', 'Gluten-Free']",,"https://www.instacart.com/image-server/197x197/filters:fill(FFF,true):format(jpg)/d2lnr5mha7bycj.cloudfront.net/product-image/file/large_a29a18a7-8214-430f-9b14-5472c0be924f.png,"
Sam's Club,Pacific Foods Organic Original Oat Plant Based Beverage,$6.49,,,32 oz,"['Organic', 'Vegan']",,"https://www.instacart.com/image-server/197x197/filters:fill(FFF,true):format(jpg)/d2lnr5mha7bycj.cloudfront.net/product-image/file/large_f5db604f-d832-4d71-8b1b-325c8670416b.jpg,"
Sam's Club,MALK Chocolate Almond,$6.49,,,28 fl oz,"['Organic', 'Vegan']",,"https://www.instacart.com/image-server/197x197/filters:fill(FFF,true):format(jpg)/d2lnr5mha7bycj.cloudfront.net/product-image/file/large_3a4ed15c-8351-4684-9f32-de55b704c986.png,"
Sam's Club,Almond Breeze Chocolate Almondmilk,$4.09,,,0.5 gal,[],,"https://www.instacart.com/image-server/197x197/filters:fill(FFF,true):format(jpg)/d2lnr5mha7bycj.cloudfront.net/product-image/file/large_db5355de-31e6-4228-a242-34e02f54499d.jpg,"
Sam's Club,Organic Boneless Skinless Chicken Breast,$9.69,/lb,,/lb,"['Organic', 'Breast']",,"https://www.instacart.com/image-server/197x197/filters:fill(FFF,true):format(jpg)/d2lnr5mha7bycj.cloudfront.net/product-image/file/large_1b4685a0-710c-44c8-9b8e-f3248b749293.png,"
Sam's Club,Antibiotic-Free Boneless Skinless Chicken Breasts,$14.94,/pkg (est.),$7.29 / lb,About 2.05 lb / package,['Breast'],,"https://www.instacart.com/image-server/197x197/filters:fill(FFF,true):format(jpg)/d2lnr5mha7bycj.cloudfront.net/product-image/file/large_26e0cf5c-0ccf-4502-8fd2-565bc2855995.png,"
Sam's Club,ABF Boneless Skinless Tenders,$8.61,/pkg (est.),$7.59 / lb,About 1.14 lb / package,['Breast'],,"https://www.instacart.com/image-server/197x197/filters:fill(FFF,true):format(jpg)/d2lnr5mha7bycj.cloudfront.net/product-image/file/large_edc6da83-e27c-4aa9-93e4-d08f4e3531db.png,"
Sam's Club,Mighty Spark Rotisserie-Seasoned Ground Chicken,$7.59,,,16 oz,[],,"https://www.instacart.com/image-server/197x197/filters:fill(FFF,true):format(jpg)/d2lnr5mha7bycj.cloudfront.net/product-image/file/large_90580e9d-8a3f-4188-8e3b-29a8c316998d.jpg,"
Sam's Club,Vacuum-Packed Antibiotic Free Boneless Skinless Chicken Breasts,$19.18,/pkg (est.),$6.79 / lb,About 2.83 lb / package,['Breast'],,"https://www.instacart.com/image-server/197x197/filters:fill(FFF,true):format(jpg)/d2lnr5mha7bycj.cloudfront.net/product-image/file/large_0d894e13-86e7-4c6b-9d92-f34bbea12131.png,"
Sam's Club,Antibiotic Free Thighs,$5.81,/pkg (est.),$2.69 / lb,About 2.16 lb / package,['Thigh'],,"https://www.instacart.com/image-server/197x197/filters:fill(FFF,true):format(jpg)/d2lnr5mha7bycj.cloudfront.net/product-image/file/large_03f816a2-c1b1-4bbc-932d-5951573fb7af.png,"
Sam's Club,Organic Boneless Skinless Chicken Thighs,$7.59,/lb,,/lb,"['Organic', 'Thigh']",,"https://www.instacart.com/image-server/197x197/filters:fill(FFF,true):format(jpg)/d2lnr5mha7bycj.cloudfront.net/product-image/file/large_c9c4eced-77e4-435c-a8e3-43de172a25da.png,"
Sam's Club,Mighty Spark Queso Fresco & Jalapeño Turkey Patties,$6.49,,,2 x 8 oz,[],,"https://www.instacart.com/image-server/197x197/filters:fill(FFF,true):format(jpg)/d2lnr5mha7bycj.cloudfront.net/product-image/file/large_1314c38e-2ae4-405d-8c3a-a1381f87e6fa.png,"
Sam's Club,Antibiotic Free Boneless Skinless Thighs,$12.14,/pkg (est.),$6.29 / lb,About 1.93 lb / package,['Thigh'],,"https://www.instacart.com/image-server/197x197/filters:fill(FFF,true):format(jpg)/d2lnr5mha7bycj.cloudfront.net/product-image/file/large_151636e9-7fd8-4730-80da-f83633c755d9.png,"
Sam's Club,Antibiotic Free Boneless Skinless Breast Strips,$9.85,/pkg (est.),$6.79 / lb,About 1.45 lb / package,['Breast'],,"https://www.instacart.com/image-server/197x197/filters:fill(FFF,true):format(jpg)/d2lnr5mha7bycj.cloudfront.net/product-image/file/large_5e53eb49-5a46-4e60-99cb-503ebb6e4765.png,"
Sam's Club,Honest Turkey 93% Lean / 7% Fat Ground Turkey Tray,$7.59,,,1 lb,[],,"https://www.instacart.com/image-server/197x197/filters:fill(FFF,true):format(jpg)/d2lnr5mha7bycj.cloudfront.net/product-image/file/large_6ff0542f-edb1-4fb4-8d79-0c7151aa285e.jpg,"
Sam's Club,Mighty Spark Spinach & Feta Chicken Patties,$6.49,,,2 x 8 oz,[],,"https://www.instacart.com/image-server/197x197/filters:fill(FFF,true):format(jpg)/d2lnr5mha7bycj.cloudfront.net/product-image/file/large_834866d5-5fa3-4b27-8f11-8b9dbfb29703.png,"
Sam's Club,Original price: $8.59,$8.09,,,1 lb,[],,"https://www.instacart.com/image-server/197x197/filters:fill(FFF,true):format(jpg)/d2lnr5mha7bycj.cloudfront.net/product-image/file/large_5a863e23-8d6b-4133-9f72-c4bd128c7960.jpg,"
Sam's Club,"Springer Mountain Farms 99% Fat Free Ground Chicken, Gluten Free",$6.49,,,1 lb,[],,"https://www.instacart.com/image-server/197x197/filters:fill(FFF,true):format(jpg)/d2lnr5mha7bycj.cloudfront.net/product-image/file/large_84126e29-b8f8-4359-9556-5b03d6bd4e54.jpg,"
Sam's Club,Antibiotic-Free Drumsticks,$4.56,/pkg (est.),$2.69 / lb,About 1.7 lb / package,[],,"https://www.instacart.com/image-server/197x197/filters:fill(FFF,true):format(jpg)/d2lnr5mha7bycj.cloudfront.net/product-image/file/large_22b913c3-062d-4836-9406-e0e1c83933d9.png,"
Sam's Club,Mighty Spark Bacon-Bursting Turkey Patties,$6.49,,,2 x 8 oz,[],,"https://www.instacart.com/image-server/197x197/filters:fill(FFF,true):format(jpg)/d2lnr5mha7bycj.cloudfront.net/product-image/file/large_c1e30ba8-db9e-4cbd-996c-130875d1f9e0.png,"
Sam's Club,VP Antibiotic-Free Thin Sliced Breast,$15.48,/pkg (est.),$7.59 / lb,About 2.04 lb / package,['Breast'],,"https://www.instacart.com/image-server/197x197/filters:fill(FFF,true):format(jpg)/d2lnr5mha7bycj.cloudfront.net/product-image/file/large_19346159-d298-42f2-9e78-54e35f0c5a8d.png,"
Sam's Club,Applegate Organics Organic Turkey Bacon,$8.09,,,8 oz,"['Organic', 'Non-GMO']",,"https://www.instacart.com/image-server/197x197/filters:fill(FFF,true):format(jpg)/d2lnr5mha7bycj.cloudfront.net/product-image/file/large_c136a523-8f9b-48ae-a428-76ece1594098.png,"
Sam's Club,"Tyson Cornish Hen, Premium",$12.89,,,40 oz,[],,"https://www.instacart.com/image-server/197x197/filters:fill(FFF,true):format(jpg)/d2lnr5mha7bycj.cloudfront.net/product-image/file/large_a5ff7e26-72ea-40f8-91f1-aa7701fa1599.png,"
Sam's Club,Original price: $5.09,$4.69,,,12 oz,[],,"https://www.instacart.com/image-server/197x197/filters:fill(FFF,true):format(jpg)/d2lnr5mha7bycj.cloudfront.net/product-image/file/large_2634e7d5-502c-4404-b9f8-daac5a2cd5bc.png,"
Sam's Club,Boneless Skinless Thighs Tp,$14.20,/pkg (est.),$4.29 / lb,About 3.31 lb / package,['Thigh'],,"https://www.instacart.com/image-server/197x197/filters:fill(FFF,true):format(jpg)/d2lnr5mha7bycj.cloudfront.net/product-image/file/large_26139e43-31dc-4088-b137-c2c0e8f370ed.png,"
Sam's Club,Stuffed Chicken Breast Cordon Bleu,$6.49,/lb,,/lb,['Breast'],,"https://www.instacart.com/image-server/197x197/filters:fill(FFF,true):format(jpg)/d2lnr5mha7bycj.cloudfront.net/product-image/file/large_c32ac0c0-3cd3-4299-be73-3b43149632d8.png,"
Sam's Club,Broccoli & Cheddar Stuffed Chicken Breast,$6.49,/lb,,/lb,['Breast'],,"https://www.instacart.com/image-server/197x197/filters:fill(FFF,true):format(jpg)/d2lnr5mha7bycj.cloudfront.net/product-image/file/large_9cf2ac23-152e-4847-9df2-2191c7a27f0f.png,"
Sam's Club,Antibiotic Free Wings,$10.05,/pkg (est.),$5.39 / lb,About 1.87 lb / package,['Wing'],,"https://www.instacart.com/image-server/197x197/filters:fill(FFF,true):format(jpg)/d2lnr5mha7bycj.cloudfront.net/product-image/file/large_9cb58eeb-c195-4e0d-97e6-9c351d08f527.png,"
Sam's Club,FP & TP Chicken Drumsticks,$7.26,/pkg (est.),$2.19 / lb,About 3.32 lb / package,[],,"https://www.instacart.com/image-server/197x197/filters:fill(FFF,true):format(jpg)/d2lnr5mha7bycj.cloudfront.net/product-image/file/large_35a8fc9f-bcbb-4d6d-8e5c-dcab06b7fa05.png,"
Sam's Club,Mighty Spark Bruschetta Chicken,$6.49,,,2 x 8 oz,[],,"https://www.instacart.com/image-server/197x197/filters:fill(FFF,true):format(jpg)/d2lnr5mha7bycj.cloudfront.net/product-image/file/large_8c0c0106-238b-402b-b897-7ce1359b2298.png,"
Sam's Club,Antibiotic-Free Whole Chicken,$14.45,/pkg (est.),$2.89 / lb,About 5.0 lb / package,['Whole'],,"https://www.instacart.com/image-server/197x197/filters:fill(FFF,true):format(jpg)/d2lnr5mha7bycj.cloudfront.net/product-image/file/large_679050c8-6896-4799-afbe-332959ffa078.png,"
Sam's Club,Organic Chicken Tenders,$10.29,/lb,,/lb,"['Organic', 'Breast']",,"https://www.instacart.com/image-server/197x197/filters:fill(FFF,true):format(jpg)/d2lnr5mha7bycj.cloudfront.net/product-image/file/large_aab0b624-a418-4341-9249-e597c40f3ee5.png,"
Sam's Club,Original price: $20.45,$16.45,/pkg (est.),$3.29 / lb,About 5.0 lb / package,['Breast'],,"https://www.instacart.com/image-server/197x197/filters:fill(FFF,true):format(jpg)/d2lnr5mha7bycj.cloudfront.net/product-image/file/large_1addbbb9-0890-46a0-b2da-82a71ae480ad.png,"
Sam's Club,"Mighty Spark Bruschetta Ground Chicken with Tomato, Basil & Garlic",$7.59,,,16 oz,[],,"https://www.instacart.com/image-server/197x197/filters:fill(FFF,true):format(jpg)/d2lnr5mha7bycj.cloudfront.net/product-image/file/large_273a28fb-f908-499f-868d-6a8f84ad7cda.jpg,"
Sam's Club,Honeysuckle White® 85% Lean / 15% Fat Ground Turkey Roll,$4.89,,,1 lb,[],,"https://www.instacart.com/image-server/197x197/filters:fill(FFF,true):format(jpg)/d2lnr5mha7bycj.cloudfront.net/product-image/file/large_d3d4bc26-59a1-4130-8f59-69a821547ae9.jpg,"
Sam's Club,Tp Boneless Breast Tenders,$5.39,/lb,,/lb,['Breast'],,"https://www.instacart.com/image-server/197x197/filters:fill(FFF,true):format(jpg)/d2lnr5mha7bycj.cloudfront.net/product-image/file/large_7eccae51-62f6-4bee-98b7-c2986ae3d1d4.png,"
Sam's Club,Antibiotic-Free Chicken Party Wings,$11.64,/pkg (est.),$5.69 / lb,About 2.05 lb / package,['Wing'],,"https://www.instacart.com/image-server/197x197/filters:fill(FFF,true):format(jpg)/d2lnr5mha7bycj.cloudfront.net/product-image/file/large_76725d93-4d2c-4f1f-b98c-97544230a164.png,"
Sam's Club,Lemon Garlic Marinated Chicken Breast,$4.98,each (est.),$6.49 / lb,About 0.77 lb each,['Breast'],,"https://www.instacart.com/image-server/197x197/filters:fill(FFF,true):format(jpg)/d2lnr5mha7bycj.cloudfront.net/product-image/file/large_676284c0-8672-4862-91f9-cc1265eb8352.png,"
Sam's Club,Honeysuckle White® 85% Lean / 15% Fat Ground Turkey Roll,$11.89,,,3 lb,[],,"https://www.instacart.com/image-server/197x197/filters:fill(FFF,true):format(jpg)/d2lnr5mha7bycj.cloudfront.net/product-image/file/large_e4ec590e-b58e-4a1d-8751-c6ebc2fdf2c4.jpg,"
Sam's Club,Chicken Fajitas,$6.49,/lb,,/lb,['Breast'],,"https://www.instacart.com/image-server/197x197/filters:fill(FFF,true):format(jpg)/d2lnr5mha7bycj.cloudfront.net/product-image/file/large_947964ff-559b-4788-b9fe-3acdbee5ceb6.png,"
Sam's Club,Sanderson Farms Chicken Wings Family Pack,$4.89,/lb,,/lb,['Wing'],,"https://www.instacart.com/image-server/197x197/filters:fill(FFF,true):format(jpg)/d2lnr5mha7bycj.cloudfront.net/product-image/file/large_8fbbd145-5945-49d3-8e58-fd7ccb1e6af4.png,"
Sam's Club,Marinated Sweet Chile Chicken Breast,$6.49,/lb,,/lb,['Breast'],,"https://www.instacart.com/image-server/197x197/filters:fill(FFF,true):format(jpg)/d2lnr5mha7bycj.cloudfront.net/product-image/file/large_116c1cdd-8daf-474c-b7d6-c3c420d024fb.png,"
Sam's Club,Farmer Govus Organic Boneless & Skinless Chicken Breast,$7.59,/lb,,/lb,"['Organic', 'Breast']",,"https://www.instacart.com/image-server/197x197/filters:fill(FFF,true):format(jpg)/d2lnr5mha7bycj.cloudfront.net/product-image/file/large_cc70bd81-dc3a-4eea-820b-79b0b4ac09e0.png,"
Sam's Club,Santa Cruz Lime Marinated Chicken Breast,$4.15,each (est.),$6.49 / lb,About 0.64 lb each,['Breast'],,"https://www.instacart.com/image-server/197x197/filters:fill(FFF,true):format(jpg)/d2lnr5mha7bycj.cloudfront.net/product-image/file/large_4ec206e5-852c-48e5-ac3c-112d3001773e.png,"
Sam's Club,Fp/Tp Bone-In Chicken Thighs,$7.01,/pkg (est.),$2.19 / lb,About 3.2 lb / package,['Thigh'],,"https://www.instacart.com/image-server/197x197/filters:fill(FFF,true):format(jpg)/d2lnr5mha7bycj.cloudfront.net/product-image/file/large_e5d1791d-acdc-4323-a65f-e448aaea617d.png,"
Sam's Club,Marinated Black Pepper Chicken Breast,$6.49,/lb,,/lb,['Breast'],,"https://www.instacart.com/image-server/197x197/filters:fill(FFF,true):format(jpg)/d2lnr5mha7bycj.cloudfront.net/product-image/file/large_a3634139-3624-4443-9131-476266aff2b4.png,"
Sam's Club,"Thomas Farms Organic Grass Fed Ground Beef, 85% Lean 15% Fat",$8.39,,,1 lb,"['Organic', 'Grass-Fed']",,"https://www.instacart.com/image-server/197x197/filters:fill(FFF,true):format(jpg)/d2lnr5mha7bycj.cloudfront.net/product-image/file/large_383697ba-3c30-4998-a3d8-f6f8150f8753.jpg,"
Sam's Club,"Thomas Farms Organic Grass Fed Ground Beef, 93% Lean 7% Fat",$8.99,,,16 oz,"['Organic', 'Grass-Fed']",,"https://www.instacart.com/image-server/197x197/filters:fill(FFF,true):format(jpg)/d2lnr5mha7bycj.cloudfront.net/product-image/file/large_d9bde381-59eb-405b-b809-07759b7ba8cb.jpg,"
Sam's Club,Fresh Thyme Market 93% Lean 7% Fat Ground Beef Value Pack,$6.79,/lb,,/lb,[],,"https://www.instacart.com/image-server/197x197/filters:fill(FFF,true):format(jpg)/d2lnr5mha7bycj.cloudfront.net/product-image/file/large_b37afa97-0ec1-45c7-b9df-9df8e7c4e0b8.png,"
Sam's Club,Fresh Thyme Market 80% Grass Fed Ground Beef,$6.49,/lb,,/lb,['Grass-Fed'],,"https://www.instacart.com/image-server/197x197/filters:fill(FFF,true):format(jpg)/d2lnr5mha7bycj.cloudfront.net/product-image/file/large_e7e0d4d4-7dbf-4d4d-8555-1923571bb6b1.png,"
Sam's Club,Extra Lean Stew Beef,$7.49,/lb,,/lb,[],Many in stock,"https://www.instacart.com/image-server/197x197/filters:fill(FFF,true):format(jpg)/d2lnr5mha7bycj.cloudfront.net/product-image/file/large_d01e7634-e584-4b91-b339-408373a10402.png,"
Sam's Club,Thomas Farms Wagyu Ground Beef,$8.39,,,16 oz,[],,"https://www.instacart.com/image-server/197x197/filters:fill(FFF,true):format(jpg)/d2lnr5mha7bycj.cloudfront.net/product-image/file/large_1ea4f099-d44f-4e1c-b274-ea7ad25dac9a.png,"
Sam's Club,Fresh Thyme Market 93% Lean Ground Beef,$7.19,/lb,,/lb,[],,"https://www.instacart.com/image-server/197x197/filters:fill(FFF,true):format(jpg)/d2lnr5mha7bycj.cloudfront.net/product-image/file/large_d37656e7-188d-407e-a69b-b0adfcb6fc94.png,"
Sam's Club,Fresh Thyme Market 90% Lean 10% Fat Organic Ground Beef,$8.59,,,16 oz,['Non-GMO'],Many in stock,"https://www.instacart.com/image-server/197x197/filters:fill(FFF,true):format(jpg)/d2lnr5mha7bycj.cloudfront.net/product-image/file/large_da90fa04-d098-4d0f-aff6-6ec1514e7271.png,"
Sam's Club,Boneless Chuck Roast,$22.09,/pkg (est.),$7.89 / lb,About 2.8 lb / package,['Roast'],,"https://www.instacart.com/image-server/197x197/filters:fill(FFF,true):format(jpg)/d2lnr5mha7bycj.cloudfront.net/product-image/file/large_69869ec1-2d0b-45d2-8a70-b4dc57032396.png,"
Sam's Club,Sirloin Tip Steak,$7.19,/lb,,/lb,['Sirloin'],,"https://www.instacart.com/image-server/197x197/filters:fill(FFF,true):format(jpg)/d2lnr5mha7bycj.cloudfront.net/product-image/file/large_1e162379-4b15-4702-80d4-2bffd1af2fe4.png,"
Sam's Club,Beef Stir Fry Strips,$7.59,/lb,,/lb,[],,"https://www.instacart.com/image-server/197x197/filters:fill(FFF,true):format(jpg)/d2lnr5mha7bycj.cloudfront.net/product-image/file/large_bd0b6daf-b905-4239-94a5-2e32c2498ddc.png,"
Sam's Club,Fresh Thyme Market Organic 85% Lean Ground Beef,$8.09,,,16 oz,['Non-GMO'],,"https://www.instacart.com/image-server/197x197/filters:fill(FFF,true):format(jpg)/d2lnr5mha7bycj.cloudfront.net/product-image/file/large_dd3419fb-4ece-4e90-bc71-ad02d8fbf6a6.png,"
Sam's Club,"Thomas Farms Organic Top Sirloin Steak, Grass Fed",$15.89,,,2 x 12 oz,"['Sirloin', 'Organic']",,"https://www.instacart.com/image-server/197x197/filters:fill(FFF,true):format(jpg)/d2lnr5mha7bycj.cloudfront.net/product-image/file/large_beff64a6-79cb-41df-8030-04ead4c43a38.png,"
Sam's Club,New York Sirloin Steak,$11.65,/pkg (est.),$10.79 / lb,About 1.08 lb / package,['Sirloin'],,"https://www.instacart.com/image-server/197x197/filters:fill(FFF,true):format(jpg)/d2lnr5mha7bycj.cloudfront.net/product-image/file/large_6b9c770c-dc20-48a8-8d53-6de3cdeaf68c.png,"
Sam's Club,"Thomas Farms Beef Organic Ribeye Steak, Grass Fed",$13.99,,,8 oz,"['Organic', 'Grass-Fed']",,"https://www.instacart.com/image-server/197x197/filters:fill(FFF,true):format(jpg)/d2lnr5mha7bycj.cloudfront.net/product-image/file/large_da61fa85-a34f-44b4-b786-03cbe740d955.png,"
Sam's Club,"Force of Nature Meats Co. 100% Grass Fed Beef, Ancestral Blend",$13.99,,,16 oz,['Grass-Fed'],,"https://www.instacart.com/image-server/197x197/filters:fill(FFF,true):format(jpg)/d2lnr5mha7bycj.cloudfront.net/product-image/file/large_7789a99e-7e42-4055-98f4-8df6336fca03.png,"
Sam's Club,Organic Beef Grass Fed Ny Strip Steak,$13.99,,,8 oz,"['Strip Steak', 'Organic']",Many in stock,"https://www.instacart.com/image-server/197x197/filters:fill(FFF,true):format(jpg)/d2lnr5mha7bycj.cloudfront.net/product-image/file/large_ff0daed8-39ca-4db0-b6f0-6d81dedf6e4d.png,"
Sam's Club,Flank Steak,$27.52,/pkg (est.),$16.19 / lb,About 1.7 lb / package,['Flank Steak'],,"https://www.instacart.com/image-server/197x197/filters:fill(FFF,true):format(jpg)/d2lnr5mha7bycj.cloudfront.net/product-image/file/large_f9e4434d-af31-4baf-9154-7194ff00e42d.png,"
Sam's Club,Boneless New York Strip Steak,$13.75,/pkg (est.),$17.19 / lb,About 0.8 lb / package,['Strip Steak'],,"https://www.instacart.com/image-server/197x197/filters:fill(FFF,true):format(jpg)/d2lnr5mha7bycj.cloudfront.net/product-image/file/large_e9247d5d-9441-468f-ad43-d8be64136216.png,"
Sam's Club,"Force of Nature Regenerative Ground Beef, 100% Grass Fed",$13.99,,,16 oz,['Grass-Fed'],,"https://www.instacart.com/image-server/197x197/filters:fill(FFF,true):format(jpg)/d2lnr5mha7bycj.cloudfront.net/product-image/file/large_c065e1d5-400c-45b2-8013-736067066018.png,"
Sam's Club,Boneless Beef Short Ribs,$13.15,each (est.),$8.09 / lb,About 1.63 lb each,['Ribs'],,"https://www.instacart.com/image-server/197x197/filters:fill(FFF,true):format(jpg)/d2lnr5mha7bycj.cloudfront.net/product-image/file/large_4727f9ef-37e1-4847-925f-7392e4f63e54.png,"
Sam's Club,Fresh Thyme Market 85% Lean 15% Fat Ground Beef Value Pack,$6.29,/lb,,/lb,[],Likely out of stock,"https://www.instacart.com/image-server/197x197/filters:fill(FFF,true):format(jpg)/d2lnr5mha7bycj.cloudfront.net/product-image/file/large_0e583e31-06a9-4a9c-9622-ed87b3d862df.png,"
Sam's Club,Holten's Chop House Steak Burgers Certified Angus Beef,$16.19,,,32 oz,[],,"https://www.instacart.com/image-server/197x197/filters:fill(FFF,true):format(jpg)/d2lnr5mha7bycj.cloudfront.net/product-image/file/large_0d2c479e-8815-4f0a-8c39-5a5648f8cf37.png,"
Sam's Club,Top Sirloin Steak,$9.11,/pkg (est.),$9.69 / lb,About 0.94 lb / package,['Sirloin'],,"https://www.instacart.com/image-server/197x197/filters:fill(FFF,true):format(jpg)/d2lnr5mha7bycj.cloudfront.net/product-image/file/large_51ca90f1-ced6-4866-a942-3620bc6e6ca4.png,"
Sam's Club,Fresh Thyme 85% Lean 15% Fat Ground Beef,$6.69,/lb,,/lb,[],,"https://www.instacart.com/image-server/197x197/filters:fill(FFF,true):format(jpg)/d2lnr5mha7bycj.cloudfront.net/product-image/file/large_c2f61761-94fa-43df-93e1-f3fdb9006e33.png,"
Sam's Club,O'Connell's Corned Beef Brisket Point,$5.39,/lb,,/lb,['Roast'],,"https://www.instacart.com/image-server/197x197/filters:fill(FFF,true):format(jpg)/d2lnr5mha7bycj.cloudfront.net/product-image/file/large_88b6211a-6243-43fc-b9e7-1f8560bbf839.png,"
Sam's Club,80% Lean Ground Beef,$5.59,/lb,,/lb,[],,"https://www.instacart.com/image-server/197x197/filters:fill(FFF,true):format(jpg)/d2lnr5mha7bycj.cloudfront.net/product-image/file/large_f4b8f55a-dcfb-4354-9ba0-d82b978711ae.png,"
Sam's Club,"Golden Forest Calf Liver, Sliced",$5.79,,,16 oz,['Liver'],,"https://www.instacart.com/image-server/197x197/filters:fill(FFF,true):format(jpg)/d2lnr5mha7bycj.cloudfront.net/product-image/file/large_e0cf6619-b19b-4588-bb26-ec4791b50cc8.png,"
Sam's Club,Original price: $9.69,$6.49,,,1.15 lb,['Roast'],Many in stock,"https://www.instacart.com/image-server/197x197/filters:fill(FFF,true):format(jpg)/d2lnr5mha7bycj.cloudfront.net/product-image/file/large_70a6ac08-9a1f-4661-95fe-2939d4b0aa1f.png,"
Sam's Club,Top Sirloin Strip Steak,$10.79,/lb,,/lb,['Strip Steak'],,"https://www.instacart.com/image-server/197x197/filters:fill(FFF,true):format(jpg)/d2lnr5mha7bycj.cloudfront.net/product-image/file/large_b1f3c1f5-f884-4e14-868a-1e4d8936b562.png,"
Sam's Club,Boneless Chuck Steak,$6.07,/pkg (est.),$8.09 / lb,About 0.75 lb / package,[],,"https://www.instacart.com/image-server/197x197/filters:fill(FFF,true):format(jpg)/d2lnr5mha7bycj.cloudfront.net/product-image/file/large_0b000f54-9cb1-4722-8a75-b726390eccf2.png,"
Sam's Club,Original price: $24.06,$16.01,each (est.),$21.49 / lb,About 0.75 lb each,['Filet Mignon'],,"https://www.instacart.com/image-server/197x197/filters:fill(FFF,true):format(jpg)/d2lnr5mha7bycj.cloudfront.net/product-image/file/large_f7912b49-3835-4059-af35-561cf35c3beb.png,"
Sam's Club,Grass Fed 80% Ground Beef Value Pack,$6.19,/lb,,/lb,['Grass-Fed'],,"https://www.instacart.com/image-server/197x197/filters:fill(FFF,true):format(jpg)/d2lnr5mha7bycj.cloudfront.net/product-image/file/large_a0811b97-1a3e-4ad8-9c9d-162fcc6a82cc.png,"
Sam's Club,Certified Angus Beef Tenderized Beef Stew Meat Family Pack,$7.29,/lb,,/lb,[],,"https://www.instacart.com/image-server/197x197/filters:fill(FFF,true):format(jpg)/d1s8987jlndkbs.cloudfront.net/assets/missing-item-4bbe82b8555e4d1c12626fd482cb2409713e8e30835645ff3650ef66a725d03c.png,"
Sam's Club,"Force of Nature Ground Venison, Grass Fed, Pasture Raised",$13.99,,,14 oz,['Grass-Fed'],,"https://www.instacart.com/image-server/197x197/filters:fill(FFF,true):format(jpg)/d2lnr5mha7bycj.cloudfront.net/product-image/file/large_4c3e67cf-4a09-4008-a90e-3b04cebc7b79.png,"
Sam's Club,Certified Angus Beef Bottom Round Roast,$6.49,/lb,,/lb,['Roast'],,"https://www.instacart.com/image-server/197x197/filters:fill(FFF,true):format(jpg)/d2lnr5mha7bycj.cloudfront.net/product-image/file/large_478976b6-b241-43bb-9b29-f0e523c61a41.png,"
Sam's Club,"Force of Nature Venison and Beef Patties, Grass fed, Pasture raised",$8.59,,,2 x 10 oz,['Grass-Fed'],,"https://www.instacart.com/image-server/197x197/filters:fill(FFF,true):format(jpg)/d2lnr5mha7bycj.cloudfront.net/product-image/file/large_c49a6614-d929-4ee3-9487-a51e1b846933.jpg,"
Sam's Club,New York Strip Steak,$16.69,/lb,,/lb,['Strip Steak'],,"https://www.instacart.com/image-server/197x197/filters:fill(FFF,true):format(jpg)/d2lnr5mha7bycj.cloudfront.net/product-image/file/large_21ef32fc-67da-492b-a40c-718a41384fb0.png,"
Sam's Club,"Force of Nature Beef patties, 100% Grass fed, Regenerative",$8.59,,,2 x 14 oz,['Grass-Fed'],,"https://www.instacart.com/image-server/197x197/filters:fill(FFF,true):format(jpg)/d2lnr5mha7bycj.cloudfront.net/product-image/file/large_b526e140-47e0-48a3-99a7-106aef62d239.jpg,"
Sam's Club,Boneless Chuck Eye Steak,$8.39,/lb,,/lb,[],,"https://www.instacart.com/image-server/197x197/filters:fill(FFF,true):format(jpg)/d2lnr5mha7bycj.cloudfront.net/product-image/file/large_92e9701b-f3e0-45be-8860-056f1564886a.png,"
Sam's Club,Fresh Thyme Market Organic Cage Free Medium Brown Eggs,$5.99,,,,"['Cage-Free', 'Organic']",,"https://www.instacart.com/image-server/197x197/filters:fill(FFF,true):format(jpg)/d2lnr5mha7bycj.cloudfront.net/product-image/file/large_3ba113c3-2c66-4946-b46e-03a79d81d9f5.png,"
Sam's Club,Original price: $4.29,$3.29,,,2 fl oz,"['Organic', 'No Sugar Added']",,"https://www.instacart.com/image-server/197x197/filters:fill(FFF,true):format(jpg)/d2lnr5mha7bycj.cloudfront.net/product-image/file/large_8c76de99-cd36-4904-b190-6ece471f4cd3.jpg,"
Sam's Club,Kettle & Fire Chicken Bone Broth,$8.59,,,16.9 oz,['Organic'],,"https://www.instacart.com/image-server/197x197/filters:fill(FFF,true):format(jpg)/d2lnr5mha7bycj.cloudfront.net/product-image/file/large_28fa6e4a-889f-4020-b03c-b49df225da22.jpg,"
Sam's Club,Fresh Thyme Market Sourdough Bread,$4.29,,,16 oz,[],Many in stock,"https://www.instacart.com/image-server/197x197/filters:fill(FFF,true):format(jpg)/d2lnr5mha7bycj.cloudfront.net/product-image/file/large_5086ddb1-3c47-428a-9704-d6aaad9afb3a.png,"
Sam's Club,Fresh Thyme Market Spring Water,$4.29,,,24 x 16.9 fl oz,[],Many in stock,"https://www.instacart.com/image-server/197x197/filters:fill(FFF,true):format(jpg)/d2lnr5mha7bycj.cloudfront.net/product-image/file/large_110fa4d3-311c-40e9-9e4b-0158bd83cd66.png,"
Sam's Club,Fresh Thyme Market Edamame Shelled,$3.29,,,12 oz,[],,"https://www.instacart.com/image-server/197x197/filters:fill(FFF,true):format(jpg)/d2lnr5mha7bycj.cloudfront.net/product-image/file/large_6406df0d-eaff-48ab-9a3c-73030cd38599.png,"
Sam's Club,"Connie's Pizza Pizza, Sausage, Classic Thin Crust",$10.79,,,23.29 oz,[],Many in stock,"https://www.instacart.com/image-server/197x197/filters:fill(FFF,true):format(jpg)/d2lnr5mha7bycj.cloudfront.net/product-image/file/large_0ee46521-408d-431f-b0bd-8e1d9d12570c.png,"
Sam's Club,Original price: $7.59,$5.99,,,9 oz,['Gluten-Free'],,"https://www.instacart.com/image-server/197x197/filters:fill(FFF,true):format(jpg)/d2lnr5mha7bycj.cloudfront.net/product-image/file/large_6ff7c3bb-2622-4deb-a3b0-5fac924fcfd4.png,"
Sam's Club,Original price: $3.99,$3.79,,,52 fl oz,[],,"https://www.instacart.com/image-server/197x197/filters:fill(FFF,true):format(jpg)/d2lnr5mha7bycj.cloudfront.net/product-image/file/large_961a36c7-0fb9-46bf-8f41-6f930e6b4432.png,"
Sam's Club,Fresh Thyme Market 4-Cheese Mexican Blend Shredded Cheese,$3.79,,,8 oz,[],,"https://www.instacart.com/image-server/197x197/filters:fill(FFF,true):format(jpg)/d2lnr5mha7bycj.cloudfront.net/product-image/file/large_982358fb-d1b4-427e-b46c-b203f3f1cbd3.png,"
Sam's Club,Feel Good Foods Gluten-Free Chicken Potstickers,$10.79,,,10 oz,['Gluten-Free'],,"https://www.instacart.com/image-server/197x197/filters:fill(FFF,true):format(jpg)/d2lnr5mha7bycj.cloudfront.net/product-image/file/large_69b03113-2bee-499f-a2dc-c63fdaee09d0.png,"
Sam's Club,Original price: $16.19,$12.89,,,60 ct,['FSA/HSA'],,"https://www.instacart.com/image-server/197x197/filters:fill(FFF,true):format(jpg)/d2lnr5mha7bycj.cloudfront.net/product-image/file/large_2759d31a-e892-481c-80a3-54e2f56c98cb.jpg,"
Sam's Club,Boar's Head Ovengold Roasted Turkey Breast,$14.59,/lb,,$0.91/oz,[],,"https://www.instacart.com/image-server/197x197/filters:fill(FFF,true):format(jpg)/d2lnr5mha7bycj.cloudfront.net/product-image/file/large_679bec29-8e3e-47ca-95ea-13eef26fcc4f.png,"
Sam's Club,Mission Super Soft Soft Taco Flour Tortillas,$3.59,,,10 ct,[],,"https://www.instacart.com/image-server/197x197/filters:fill(FFF,true):format(jpg)/d2lnr5mha7bycj.cloudfront.net/product-image/file/large_6fdc69a7-f605-4d6c-94ea-1ef33a699dce.jpg,"
Sam's Club,JonnyPops Organic Cotton Candy Cloud,$6.69,,,8 x 14.8 oz,"['Gluten-Free', 'Vegan']",,"https://www.instacart.com/image-server/197x197/filters:fill(FFF,true):format(jpg)/d2lnr5mha7bycj.cloudfront.net/product-image/file/large_d35786cc-0111-4cc0-9b84-b34ea1752f9c.jpg,"
Sam's Club,Chubby Snacks Peanut Butter & Strawberry Jam,$10.79,,,4 x 10.6 oz,['Vegan'],,"https://www.instacart.com/image-server/197x197/filters:fill(FFF,true):format(jpg)/d2lnr5mha7bycj.cloudfront.net/product-image/file/large_3f348f41-f3a3-4b95-a3be-3aca1471d77c.png,"
Sam's Club,Original price: $7.59,$5.99,,,12 oz,['Vegan'],,"https://www.instacart.com/image-server/197x197/filters:fill(FFF,true):format(jpg)/d2lnr5mha7bycj.cloudfront.net/product-image/file/large_d989e6ef-9941-4333-9f3b-0335aee89800.png,"
Sam's Club,Fresh Thyme Market Organic Black Beans,$1.39,,,15 oz,[],Many in stock,"https://www.instacart.com/image-server/197x197/filters:fill(FFF,true):format(jpg)/d2lnr5mha7bycj.cloudfront.net/product-image/file/large_c7913500-88a9-4952-b8d0-952803c5b554.png,"
Sam's Club,Original price: $3.69,$3.29,,,14 oz,[],,"https://www.instacart.com/image-server/197x197/filters:fill(FFF,true):format(jpg)/d2lnr5mha7bycj.cloudfront.net/product-image/file/large_97f440ae-def0-44d6-95ae-4d72678f8bfc.png,"
Sam's Club,Original price: $17.19,$15.09,,,8 ct,['FSA/HSA'],,"https://www.instacart.com/image-server/197x197/filters:fill(FFF,true):format(jpg)/d2lnr5mha7bycj.cloudfront.net/product-image/file/large_ea8bc2a7-64bf-481a-b2c2-b0b7ef09aa18.jpg,"
Sam's Club,Fresh Thyme Market Extra Firm Organic Tofu,$2.69,,,12 oz,[],,"https://www.instacart.com/image-server/197x197/filters:fill(FFF,true):format(jpg)/d2lnr5mha7bycj.cloudfront.net/product-image/file/large_17157139-9179-4737-9782-3d55b1efdbf7.png,"
Sam's Club,Fresh Thyme Market Garbanzo Beans,$1.09,,,15 oz,[],,"https://www.instacart.com/image-server/197x197/filters:fill(FFF,true):format(jpg)/d2lnr5mha7bycj.cloudfront.net/product-image/file/large_3f023b71-b2de-43af-bf0a-63949db7875e.png,"
Sam's Club,Original price: $19.39,$7.59,/lb,,"/lb
Original price: $19.39
$19.39",[],Many in stock,"https://www.instacart.com/image-server/197x197/filters:fill(FFF,true):format(jpg)/d2lnr5mha7bycj.cloudfront.net/product-image/file/large_4fe9e0bd-1bdc-4d00-97ba-603177d33211.png,"
Sam's Club,Original price: $4.29,$3.79,,,12 fl oz,[],,"https://www.instacart.com/image-server/197x197/filters:fill(FFF,true):format(jpg)/d2lnr5mha7bycj.cloudfront.net/product-image/file/large_25b58024-1322-4fe4-8aa1-b483ad92c56e.png,"
Sam's Club,Applegate Naturals Chicken & Maple Breakfast Sausage Links 7oz,$6.49,,,7 oz,['Gluten-Free'],,"https://www.instacart.com/image-server/197x197/filters:fill(FFF,true):format(jpg)/d2lnr5mha7bycj.cloudfront.net/product-image/file/large_363264fd-3427-4908-93fb-b073525c6522.png,"
Sam's Club,Feel Good Foods Gluten-Free Vegetable Egg Rolls,$10.79,,,9 oz,['Gluten-Free'],,"https://www.instacart.com/image-server/197x197/filters:fill(FFF,true):format(jpg)/d2lnr5mha7bycj.cloudfront.net/product-image/file/large_c119f0c8-b18f-4c34-9ae8-cb4675fe38c0.png,"
Sam's Club,"Feel Good Foods Gluten-Free Mac & Cheese Bites, Three Cheese",$9.69,,,8 oz,"['Gluten-Free', 'Keto']",,"https://www.instacart.com/image-server/197x197/filters:fill(FFF,true):format(jpg)/d2lnr5mha7bycj.cloudfront.net/product-image/file/large_ac3c7af8-7962-40a0-803c-3b614cb19412.png,"
Sam's Club,Original price: $9.69,$7.59,,,"Original price: $9.69
$9.69",[],,"https://www.instacart.com/image-server/197x197/filters:fill(FFF,true):format(jpg)/d2lnr5mha7bycj.cloudfront.net/product-image/file/large_808aee2c-1b87-43d7-b053-94898c27e198.png,"
Sam's Club,King's Hawaiian Original Hawaiian Sweet Rolls 12PK,$5.99,,,12 x 1 oz,[],Many in stock,"https://www.instacart.com/image-server/197x197/filters:fill(FFF,true):format(jpg)/d2lnr5mha7bycj.cloudfront.net/product-image/file/large_ad78fdda-d405-4935-b0ce-977942d8fc41.jpg,"
Sam's Club,Original price: $12.89,$10.79,/lb,,"/lb
Original price: $12.89
$12.89",[],Likely out of stock,"https://www.instacart.com/image-server/197x197/filters:fill(FFF,true):format(jpg)/d2lnr5mha7bycj.cloudfront.net/product-image/file/large_a9ededa0-70fd-45b5-adbd-3c22e9f2dde2.png,"
Sam's Club,Original price: $4.59,$3.79,,,4 oz,"['Gluten-Free', 'Vegan']",,"https://www.instacart.com/image-server/197x197/filters:fill(FFF,true):format(jpg)/d2lnr5mha7bycj.cloudfront.net/product-image/file/large_59fa198a-af5f-452e-adac-4b01d23c4f80.png,"
Sam's Club,Original price: $6.49,$5.39,,,16 fl oz,['Vegan'],,"https://www.instacart.com/image-server/197x197/filters:fill(FFF,true):format(jpg)/d2lnr5mha7bycj.cloudfront.net/product-image/file/large_05133691-901a-4405-bcb5-4cda34549781.png,"
Sam's Club,Original price: $5.19,$4.89,,,8 oz,['Grass-Fed'],,"https://www.instacart.com/image-server/197x197/filters:fill(FFF,true):format(jpg)/d2lnr5mha7bycj.cloudfront.net/product-image/file/large_66e3be6a-01a7-465e-a4b1-75c48361c265.png,"
Sam's Club,Fresh Thyme Market UHT Pasteurized Half & Half,$3.79,,,32 fl oz,[],,"https://www.instacart.com/image-server/197x197/filters:fill(FFF,true):format(jpg)/d2lnr5mha7bycj.cloudfront.net/product-image/file/large_6b086267-ae7c-4be0-b0bb-a46b6c6b2814.png,"
Sam's Club,"Love Beets Baby Beets, Organic Classic Vinegar, Marinated",$4.29,,,6.5 oz,[],Many in stock,"https://www.instacart.com/image-server/197x197/filters:fill(FFF,true):format(jpg)/d2lnr5mha7bycj.cloudfront.net/product-image/file/large_2cf09007-d920-4d81-840f-e54d8980171e.png,"
Sam's Club,"OLIPOP Prebiotic Soda, Cherry Cola",$10.29,,,4 x 12 fl oz,[],,"https://www.instacart.com/image-server/197x197/filters:fill(FFF,true):format(jpg)/d2lnr5mha7bycj.cloudfront.net/product-image/file/large_23635122-7c92-404f-8319-be7f9d321665.png,"
Sam's Club,Chomps Mini Original Beef Sticks,$9.89,,,6 x 3 oz,"['Gluten-Free', 'Keto']",,"https://www.instacart.com/image-server/197x197/filters:fill(FFF,true):format(jpg)/d2lnr5mha7bycj.cloudfront.net/product-image/file/large_ee15c768-0a38-4ffc-8cbb-e345e5c2b6e1.JPG,"
Sam's Club,Fresh Thyme Market Heavy Whipping Cream,$2.69,,,8 fl oz,[],,"https://www.instacart.com/image-server/197x197/filters:fill(FFF,true):format(jpg)/d2lnr5mha7bycj.cloudfront.net/product-image/file/large_98222b3e-909e-4cc0-9ac8-dda207f2b267.png,"
Sam's Club,Mini Seedless Watermelon,$5.39,,,1 ct,[],,"https://www.instacart.com/image-server/197x197/filters:fill(FFF,true):format(jpg)/d2lnr5mha7bycj.cloudfront.net/product-image/file/large_41cd510a-87e1-45b4-af42-ab750e336dcc.png,"
Sam's Club,"Celsius Sparkling Orange, Energy Drink",$9.69,,,4 x 12 fl oz,['Zero Sugar'],,"https://www.instacart.com/image-server/197x197/filters:fill(FFF,true):format(jpg)/d2lnr5mha7bycj.cloudfront.net/product-image/file/large_23b626fc-1417-4ae4-aa2e-2a4ab09aee47.jpg,"
Sam's Club,"Tru Fru Nature's Raspberries, Dark Chocolate",$8.59,,,8 oz,['Gluten-Free'],,"https://www.instacart.com/image-server/197x197/filters:fill(FFF,true):format(jpg)/d2lnr5mha7bycj.cloudfront.net/product-image/file/large_4b7c3f69-8c5b-43e7-be5d-2b61d60992d3.png,"
Sam's Club,Original price: $4.29,$4.09,,,10 oz,['Gluten-Free'],Many in stock,"https://www.instacart.com/image-server/197x197/filters:fill(FFF,true):format(jpg)/d2lnr5mha7bycj.cloudfront.net/product-image/file/large_66c92086-2364-446f-bcca-db6f213464fd.jpg,"
Sam's Club,ROAR Organic Mango Clementine,$2.69,,,18 fl oz,[],,"https://www.instacart.com/image-server/197x197/filters:fill(FFF,true):format(jpg)/d2lnr5mha7bycj.cloudfront.net/product-image/file/large_a2c91470-59cf-4ffc-8fa5-7142d93de32c.png,"
Sam's Club,"Pipcorn Heirloom Snacks Twists, Cinnamon Sugar",$5.39,,,4.5 oz,"['Vegan', 'Gluten-Free']",,"https://www.instacart.com/image-server/197x197/filters:fill(FFF,true):format(jpg)/d2lnr5mha7bycj.cloudfront.net/product-image/file/large_20379cf9-e0e6-4aba-a50e-db84da0a3d51.png,"
Sam's Club,"gimMe Seaweed Wraps, Organic, Sushi Nori",$5.39,,,0.81 oz,[],,"https://www.instacart.com/image-server/197x197/filters:fill(FFF,true):format(jpg)/d2lnr5mha7bycj.cloudfront.net/product-image/file/large_d8714267-b878-4e7e-827e-ff06f2e6deeb.png,"
Sam's Club,"Chobani Coffee Creamer, Sweet Cream",$5.99,,,24 fl oz,[],,"https://www.instacart.com/image-server/197x197/filters:fill(FFF,true):format(jpg)/d2lnr5mha7bycj.cloudfront.net/product-image/file/large_63a99d0a-17db-4f20-8493-dc4e06c8ade0.png,"
Sam's Club,Canyon Bakehouse Gluten Free Sliced Mountain White Bread,$8.59,,,18 oz,['Gluten-Free'],,"https://www.instacart.com/image-server/197x197/filters:fill(FFF,true):format(jpg)/d2lnr5mha7bycj.cloudfront.net/product-image/file/large_38f08dcc-6bcd-41f8-8faf-270261dff83c.png,"
Sam's Club,Original price: $4.29,$3.79,,,6.5 fl oz,[],,"https://www.instacart.com/image-server/197x197/filters:fill(FFF,true):format(jpg)/d2lnr5mha7bycj.cloudfront.net/product-image/file/large_b6b5bfa1-2b26-4793-9b2d-a7eb88699bec.jpg,"
Sam's Club,ROAR Organic Org Cucumber Wtrmelon 16.9 Fl,$2.69,,,18 fl oz,[],,"https://www.instacart.com/image-server/197x197/filters:fill(FFF,true):format(jpg)/d2lnr5mha7bycj.cloudfront.net/product-image/file/large_4d37db0a-0300-4b25-b138-e2851a024e11.png,"
Sam's Club,Original price: $9.19,$7.59,,,2 x 7 oz,"['Gluten-Free', 'Vegan']",Many in stock,"https://www.instacart.com/image-server/197x197/filters:fill(FFF,true):format(jpg)/d2lnr5mha7bycj.cloudfront.net/product-image/file/large_c76c8a54-d605-47ab-983c-9312152478c6.jpg,"
Sam's Club,"MadeGood Chocolate Drizzled Granola Bars, Birthday Cake",$5.39,,,5 x 0.85 oz,"['Organic', 'Gluten-Free']",,"https://www.instacart.com/image-server/197x197/filters:fill(FFF,true):format(jpg)/d2lnr5mha7bycj.cloudfront.net/product-image/file/large_e519f905-4803-4927-9b24-a5102ce87602.jpg,"
Sam's Club,"OLIPOP Prebiotic Soda, Classic Grape",$2.69,,,12 fl oz,[],,"https://www.instacart.com/image-server/197x197/filters:fill(FFF,true):format(jpg)/d2lnr5mha7bycj.cloudfront.net/product-image/file/large_edd01d07-5f72-47bd-9740-c25e1c2640b7.png,"
Sam's Club,"Aura Cacia Shower Tablets, Aromatherapy, Eucalyptus, Purifying",$7.59,,,3 ct,[],,"https://www.instacart.com/image-server/197x197/filters:fill(FFF,true):format(jpg)/d2lnr5mha7bycj.cloudfront.net/product-image/file/large_8d4d4d0c-24b4-4072-ba45-fd314ef85465.png,"
Sam's Club,Cedar's Foods Topped Organic Hot Honey Hommus,$4.99,,,10 oz,['Vegan'],Many in stock,"https://www.instacart.com/image-server/197x197/filters:fill(FFF,true):format(jpg)/d2lnr5mha7bycj.cloudfront.net/product-image/file/large_13b390f7-59d2-47a4-b19a-2427fd203a58.jpg,"
Sam's Club,Thai Kitchen Gluten Free Stir Fry Rice Noodles,$6.49,,,14 oz,['Vegan'],Many in stock,"https://www.instacart.com/image-server/197x197/filters:fill(FFF,true):format(jpg)/d2lnr5mha7bycj.cloudfront.net/product-image/file/large_7a9b9dd5-992c-4c9d-9bd0-a153eb0f1941.jpg,"
Sam's Club,"OLIPOP Prebiotic Soda, Ginger Ale",$2.69,,,12 fl oz,[],,"https://www.instacart.com/image-server/197x197/filters:fill(FFF,true):format(jpg)/d2lnr5mha7bycj.cloudfront.net/product-image/file/large_cc890951-2996-44de-a4e2-f71bd76e2070.png,"
Sam's Club,"OLIPOP Prebiotic Soda, Cream Soda",$2.69,,,12 fl oz,[],,"https://www.instacart.com/image-server/197x197/filters:fill(FFF,true):format(jpg)/d2lnr5mha7bycj.cloudfront.net/product-image/file/large_915583b0-8582-4975-951e-37946ce6d904.jpg,"
Sam's Club,Original price: $6.49,$5.99,,,6 x 12 fl oz • 5 options,"['Zero Calories', 'Zero Sugar']",,"https://www.instacart.com/image-server/197x197/filters:fill(FFF,true):format(jpg)/d2lnr5mha7bycj.cloudfront.net/product-image/file/large_a7192456-4ba3-4f42-8c07-3bd030582bf8.jpg,"
Sam's Club,Stonyfield Organic Lowfat Yogurt Tubes Strawberry,$5.99,,,8 ct,['Organic'],,"https://www.instacart.com/image-server/197x197/filters:fill(FFF,true):format(jpg)/d2lnr5mha7bycj.cloudfront.net/product-image/file/large_9c663a62-b427-4067-b9b8-2bbbc8512bb6.jpg,"
Sam's Club,"Red's Egg'Wich, Turkey Sausage",$4.09,,,3.9 oz,['Keto'],,"https://www.instacart.com/image-server/197x197/filters:fill(FFF,true):format(jpg)/d2lnr5mha7bycj.cloudfront.net/product-image/file/large_a6754582-7301-4b53-8689-4195ace41c17.png,"
Sam's Club,"Sun Chips Flavored Whole Grain Snacks, Garden Salsa",$5.19,,,7 oz,[],,"https://www.instacart.com/image-server/197x197/filters:fill(FFF,true):format(jpg)/d2lnr5mha7bycj.cloudfront.net/product-image/file/large_82af7078-e59f-46bd-9279-446717d3c053.png,"
Sam's Club,"Siete Tortilla Chips, Grain Free, Sea Salt",$6.09,,,5 oz,"['Gluten-Free', 'Vegan']",,"https://www.instacart.com/image-server/197x197/filters:fill(FFF,true):format(jpg)/d2lnr5mha7bycj.cloudfront.net/product-image/file/large_609a3a73-286a-40b0-9e17-fd3086cf028a.png,"
Sam's Club,"Emmy's Organics Coconut Cookies, Dark Cacao",$6.19,,,6 oz,"['Organic', 'Gluten-Free']",Many in stock,"https://www.instacart.com/image-server/197x197/filters:fill(FFF,true):format(jpg)/d2lnr5mha7bycj.cloudfront.net/product-image/file/large_9fbb2bc4-697e-4194-a2b4-4b830e28afa9.jpg,"
Sam's Club,"Xochitl Corn Chips, White, Sea Salt, Mexican Style",$4.99,,,12 oz,"['Gluten-Free', 'Vegan']",,"https://www.instacart.com/image-server/197x197/filters:fill(FFF,true):format(jpg)/d2lnr5mha7bycj.cloudfront.net/product-image/file/large_89812654-ed9f-49f3-a754-f012d32a150e.png,"
Sam's Club,"Siete Tortilla Chips, Grain Free, Lime",$6.09,,,5 oz,"['Gluten-Free', 'Vegan']",,"https://www.instacart.com/image-server/197x197/filters:fill(FFF,true):format(jpg)/d2lnr5mha7bycj.cloudfront.net/product-image/file/large_3b2995d1-7abf-4c4d-9cef-4ddac190408f.png,"
Sam's Club,gimMe Organic Sea Salt Roasted Seaweed Snack,$7.59,,,6 x 0.17 oz,"['Gluten-Free', 'Organic']",,"https://www.instacart.com/image-server/197x197/filters:fill(FFF,true):format(jpg)/d2lnr5mha7bycj.cloudfront.net/product-image/file/large_9b699373-6d8a-4b32-a01f-162e78f13b57.png,"
Sam's Club,"Emmy's Organics Coconut Cookies, Vanilla Bean",$6.19,,,6 oz,"['Organic', 'Gluten-Free']",,"https://www.instacart.com/image-server/197x197/filters:fill(FFF,true):format(jpg)/d2lnr5mha7bycj.cloudfront.net/product-image/file/large_89baa814-c304-488c-a257-bc90c26fb12e.jpg,"
Sam's Club,Tostitos Scoops Tortilla Chips,$5.99,,,10 oz,['Vegan'],,"https://www.instacart.com/image-server/197x197/filters:fill(FFF,true):format(jpg)/d2lnr5mha7bycj.cloudfront.net/product-image/file/large_618e5f30-b7ca-41d2-9d68-78fc02be8352.png,"
Sam's Club,Original price: $4.79,$3.29,,,5.5 oz,"['Gluten-Free', 'Vegan']",,"https://www.instacart.com/image-server/197x197/filters:fill(FFF,true):format(jpg)/d2lnr5mha7bycj.cloudfront.net/product-image/file/large_6eca25ef-7052-472f-8c43-278f9438106f.png,"
Sam's Club,"Simple Mills Almond Flour Crackers, Fine Ground Sea Salt",$5.39,,,4.25 oz,"['Gluten-Free', 'Vegan']",,"https://www.instacart.com/image-server/197x197/filters:fill(FFF,true):format(jpg)/d2lnr5mha7bycj.cloudfront.net/product-image/file/large_bf8676d7-e7ac-4a78-8e06-5fb0ecb0e3da.png,"
Sam's Club,Perfect Snacks Dark Chocolate With Sea Salt Peanut Butter Cups,$3.99,,,1 oz,"['Gluten-Free', 'Organic']",,"https://www.instacart.com/image-server/197x197/filters:fill(FFF,true):format(jpg)/d2lnr5mha7bycj.cloudfront.net/product-image/file/large_17a3f446-6e63-401a-b2a7-74f6442af52c.jpg,"
Sam's Club,Original price: $6.19,$4.29,,,4 oz,"['Gluten-Free', 'Organic']",,"https://www.instacart.com/image-server/197x197/filters:fill(FFF,true):format(jpg)/d2lnr5mha7bycj.cloudfront.net/product-image/file/large_6f0c515c-34c5-404c-a704-344417e6c4f7.png,"
Sam's Club,Original price: $4.29,$3.29,,,5 oz,"['Gluten-Free', 'Vegan']",Many in stock,"https://www.instacart.com/image-server/197x197/filters:fill(FFF,true):format(jpg)/d2lnr5mha7bycj.cloudfront.net/product-image/file/large_de9de135-df58-44ec-aac0-d9871f177b87.png,"
Sam's Club,Nature's Bakery Whole Wheat Raspberry Fig Bar,$6.99,,,6 x 2 oz,['Vegan'],,"https://www.instacart.com/image-server/197x197/filters:fill(FFF,true):format(jpg)/d2lnr5mha7bycj.cloudfront.net/product-image/file/large_c8f55a6c-cf1f-4cb6-b2f6-b1676b313413.png,"
Sam's Club,"GoMacro MacroBars, Chocolate Chip Cookie Dough",$8.59,,,7 x 0.9 oz,"['Organic', 'Vegan']",,"https://www.instacart.com/image-server/197x197/filters:fill(FFF,true):format(jpg)/d2lnr5mha7bycj.cloudfront.net/product-image/file/large_b487c4b8-f2d0-4fa3-898f-8e4436a6da72.png,"
Sam's Club,Kettle Chips Sea Salt & Vinegar Kettle Potato Chips,$4.09,,,5 oz,"['Gluten-Free', 'Vegan']",,"https://www.instacart.com/image-server/197x197/filters:fill(FFF,true):format(jpg)/d2lnr5mha7bycj.cloudfront.net/product-image/file/large_9eda654a-80ab-47e9-9c92-13ddf8a63a82.jpg,"
Sam's Club,Original price: $5.39,$3.79,,,7.5 oz,['Organic'],,"https://www.instacart.com/image-server/197x197/filters:fill(FFF,true):format(jpg)/d2lnr5mha7bycj.cloudfront.net/product-image/file/large_b5945e01-8266-496f-b9f3-fbdbdbbbf870.png,"
Sam's Club,Pirate's Booty Aged White Cheddar,$8.59,,,6 each,['Gluten-Free'],,"https://www.instacart.com/image-server/197x197/filters:fill(FFF,true):format(jpg)/d2lnr5mha7bycj.cloudfront.net/product-image/file/large_66823a5a-1bdd-411c-b5d8-cf788ccb9a91.png,"
Sam's Club,"GoMacro MacroBar, Oatmeal Chocolate Chip Cookie",$8.59,,,7 x 0.9 oz,"['Organic', 'Vegan']",,"https://www.instacart.com/image-server/197x197/filters:fill(FFF,true):format(jpg)/d2lnr5mha7bycj.cloudfront.net/product-image/file/large_1d2de2aa-2739-4e8b-8b73-acaf4b1749f1.png,"
Sam's Club,Original price: $4.29,$3.79,,,6.6 oz,[],,"https://www.instacart.com/image-server/197x197/filters:fill(FFF,true):format(jpg)/d2lnr5mha7bycj.cloudfront.net/product-image/file/large_14966af1-378f-4a10-8f1d-491ba928e117.jpg,"
Sam's Club,Stacy's Simply Naked Pita Chips,$5.39,,,7.33 oz,[],,"https://www.instacart.com/image-server/197x197/filters:fill(FFF,true):format(jpg)/d2lnr5mha7bycj.cloudfront.net/product-image/file/large_e9f572c2-b5e5-4a91-9722-58f8369be918.png,"
Sam's Club,Clio Vanilla Greek Yogurt Bar,$2.19,,,1.76 oz,['Gluten-Free'],,"https://www.instacart.com/image-server/197x197/filters:fill(FFF,true):format(jpg)/d2lnr5mha7bycj.cloudfront.net/product-image/file/large_f55eab01-27a2-4cca-bb0a-671101def138.png,"
Sam's Club,Chomps Grass-Fed Original Beef Stick,$2.69,,,1.15 oz,"['Gluten-Free', 'Keto']",,"https://www.instacart.com/image-server/197x197/filters:fill(FFF,true):format(jpg)/d2lnr5mha7bycj.cloudfront.net/product-image/file/large_2d6251ee-b288-45e9-b7a1-0a2fc787e1e7.JPG,"
Sam's Club,Solely Organic Mango Strips,$7.59,,,5 oz,"['Organic', 'Vegan']",,"https://www.instacart.com/image-server/197x197/filters:fill(FFF,true):format(jpg)/d2lnr5mha7bycj.cloudfront.net/product-image/file/large_93d80e98-8db9-4418-a02c-90fe63b67493.png,"
Sam's Club,Cheetos Simply Puffs White Cheddar Cheese Flavored Snacks,$4.89,,,8 oz,[],,"https://www.instacart.com/image-server/197x197/filters:fill(FFF,true):format(jpg)/d2lnr5mha7bycj.cloudfront.net/product-image/file/large_6bac7465-47d9-4541-9a42-f79c6f47353c.png,"
Sam's Club,Clio Strawberry Greek Yogurt Bar,$2.19,,,1.76 oz,['Gluten-Free'],,"https://www.instacart.com/image-server/197x197/filters:fill(FFF,true):format(jpg)/d2lnr5mha7bycj.cloudfront.net/product-image/file/large_62c2c7fe-6760-4ee4-b960-c206787f7325.png,"
Sam's Club,Smartfood White Cheddar Cheese Popcorn,$4.89,,,6.75 oz,[],,"https://www.instacart.com/image-server/197x197/filters:fill(FFF,true):format(jpg)/d2lnr5mha7bycj.cloudfront.net/product-image/file/large_1713d1a2-60f5-416b-9438-257a8a1c0605.png,"
Sam's Club,"Natural Delights Dates, Medjool, Fresh, Pitted",$8.59,,,12 oz,"['No Sugar Added', 'Vegan']",,"https://www.instacart.com/image-server/197x197/filters:fill(FFF,true):format(jpg)/d2lnr5mha7bycj.cloudfront.net/product-image/file/large_13b46692-bde8-4ac6-be61-34bd8cbab675.png,"
Sam's Club,"BEAR Fruit Rolls, Apple-Pear Strawberry",$5.39,,,5 ct,"['Gluten-Free', 'Vegan']",,"https://www.instacart.com/image-server/197x197/filters:fill(FFF,true):format(jpg)/d2lnr5mha7bycj.cloudfront.net/product-image/file/large_fe1bac0f-fe1b-402e-9c6c-38105cd82bce.png,"
Sam's Club,Kodiak Cakes S'mores Chewy Bars,$8.59,,,5 x 1.23 oz,[],,"https://www.instacart.com/image-server/197x197/filters:fill(FFF,true):format(jpg)/d2lnr5mha7bycj.cloudfront.net/product-image/file/large_b39ff7dc-2b61-4092-b91b-a8b4dbc4ac28.jpg,"
Sam's Club,Original price: $6.99,$5.39,,,3.4 oz,[],,"https://www.instacart.com/image-server/197x197/filters:fill(FFF,true):format(jpg)/d2lnr5mha7bycj.cloudfront.net/product-image/file/large_44fcd2db-6f8a-4f71-9848-2eacc57ac59f.png,"
Sam's Club,SkinnyPop Popcorn SkinnyPack Original,$7.59,,,6 each,"['Gluten-Free', 'Vegan']",,"https://www.instacart.com/image-server/197x197/filters:fill(FFF,true):format(jpg)/d2lnr5mha7bycj.cloudfront.net/product-image/file/large_5f3efb38-7e60-4592-a794-6632850708a4.png,"
Sam's Club,CLIF BAR Crunchy Peanut Butter Energy Bar,$2.19,,,2.4 oz,[],,"https://www.instacart.com/image-server/197x197/filters:fill(FFF,true):format(jpg)/d2lnr5mha7bycj.cloudfront.net/product-image/file/large_0e03d87c-a58f-4191-8bbe-5f7e50dd93a9.jpg,"
Sam's Club,Original price: $8.59,$6.99,,,12.3 oz,['Vegan'],,"https://www.instacart.com/image-server/197x197/filters:fill(FFF,true):format(jpg)/d2lnr5mha7bycj.cloudfront.net/product-image/file/large_9ffb2dd7-6abc-48b8-847f-69e6ecc99d8a.jpg,"
Sam's Club,"Cheez-It Cheese Crackers, Baked Snack Crackers, Lunch Snacks, Extra Toasty",$5.09,,,12.4 oz,[],,"https://www.instacart.com/image-server/197x197/filters:fill(FFF,true):format(jpg)/d2lnr5mha7bycj.cloudfront.net/product-image/file/large_60dc5872-0da9-49d4-ba99-80193eeceab7.jpg,"
Sam's Club,Partake Crunchy Chocolate Chip Cookies,$6.99,,,5.5 oz,"['Gluten-Free', 'Vegan']",,"https://www.instacart.com/image-server/197x197/filters:fill(FFF,true):format(jpg)/d2lnr5mha7bycj.cloudfront.net/product-image/file/large_7dbf7608-e866-4090-9779-b2a7909b33ad.jpg,"
Sam's Club,"Lay's Wavy Potato Chips, Original",$5.39,,,7.75 oz,['Vegan'],,"https://www.instacart.com/image-server/197x197/filters:fill(FFF,true):format(jpg)/d2lnr5mha7bycj.cloudfront.net/product-image/file/large_ec6d2020-2048-4a21-bff9-ec2417a8d7df.png,"
Sam's Club,Chips Ahoy! Original Chocolate Chip Cookies,$5.09,,,13 oz,[],,"https://www.instacart.com/image-server/197x197/filters:fill(FFF,true):format(jpg)/d2lnr5mha7bycj.cloudfront.net/product-image/file/large_631db859-1b2b-479a-add0-60cbf98954fa.jpg,"
Sam's Club,Original price: $4.69,$3.79,,,7.2 oz,[],,"https://www.instacart.com/image-server/197x197/filters:fill(FFF,true):format(jpg)/d2lnr5mha7bycj.cloudfront.net/product-image/file/large_26febc40-bc90-4c3a-87f6-bed4e1ebd6e3.jpg,"
Sam's Club,Original price: $6.49,$4.89,,,8 x 3.5 oz,"['Gluten-Free', 'Vegan']",,"https://www.instacart.com/image-server/197x197/filters:fill(FFF,true):format(jpg)/d2lnr5mha7bycj.cloudfront.net/product-image/file/large_a8468e40-c10b-4206-a04d-f2077c42185d.png,"
Sam's Club,"Cheez-It Cheese Crackers, Baked Snack Crackers, Lunch Snacks, Original",$5.09,,,12.4 oz,['Light Sodium'],,"https://www.instacart.com/image-server/197x197/filters:fill(FFF,true):format(jpg)/d2lnr5mha7bycj.cloudfront.net/product-image/file/large_c60f085f-73f7-4a87-b18e-44fb02066686.jpg,"
Sam's Club,Original price: $3.29,$2.69,,,6 oz bag,[],,"https://www.instacart.com/image-server/197x197/filters:fill(FFF,true):format(jpg)/d2lnr5mha7bycj.cloudfront.net/product-image/file/large_13b8bdf1-3265-442e-8ad7-2292899ecbe7.png,"
Sam's Club,Original price: $5.99,$5.39,,,7.8 oz,"['Gluten-Free', 'Organic']",,"https://www.instacart.com/image-server/197x197/filters:fill(FFF,true):format(jpg)/d2lnr5mha7bycj.cloudfront.net/product-image/file/large_989b6f74-c6c4-4bca-904f-0066d40ec917.jpg,"
Sam's Club,"Endangered Species Chocolate, Extreme Dark, 88% Cocoa",$3.79,,,3 oz,"['Gluten-Free', 'Vegan']",,"https://www.instacart.com/image-server/197x197/filters:fill(FFF,true):format(jpg)/d2lnr5mha7bycj.cloudfront.net/product-image/file/large_f099b984-1a66-44c5-9987-b86c803b6425.png,"
Sam's Club,"Pipcorn Heirloom Snacks Cheese Balls, Cheddar",$5.39,,,4.5 oz,['Gluten-Free'],Many in stock,"https://www.instacart.com/image-server/197x197/filters:fill(FFF,true):format(jpg)/d2lnr5mha7bycj.cloudfront.net/product-image/file/large_e3bdfc3c-68c7-4de5-941c-86fbbd651aa2.png,"
Sam's Club,Munk Pack Almond Butter Cocoa Chip Chewy Granola Bar,$7.59,,,4 x 1.12 oz,"['Gluten-Free', 'Keto']",,"https://www.instacart.com/image-server/197x197/filters:fill(FFF,true):format(jpg)/d2lnr5mha7bycj.cloudfront.net/product-image/file/large_bcc18dd7-8ee6-443f-8d4b-ec8d2b6b27c8.jpg,"
Sam's Club,Señor Rico Rice Pudding,$4.09,,,4 x 3.28 oz,[],,"https://www.instacart.com/image-server/197x197/filters:fill(FFF,true):format(jpg)/d2lnr5mha7bycj.cloudfront.net/product-image/file/large_6bd478c7-4907-4161-be8e-27bc4c447cae.png,"
Sam's Club,CLIF BAR Oatmeal Raisin Walnut Energy Bar,$2.19,,,2.4 oz,['Organic'],,"https://www.instacart.com/image-server/197x197/filters:fill(FFF,true):format(jpg)/d2lnr5mha7bycj.cloudfront.net/product-image/file/large_9beceac5-5fb4-4d78-b9d0-e2dd87f8b02b.jpg,"
Sam's Club,"Walkers Shortbread Pure Butter, Shortbread Fingers",$6.19,,,5.3 oz,[],Many in stock,"https://www.instacart.com/image-server/197x197/filters:fill(FFF,true):format(jpg)/d2lnr5mha7bycj.cloudfront.net/product-image/file/large_b96650db-f297-463a-9b57-e9f8063b5ac9.png,"
Sam's Club,Chips Ahoy! Chewy Chocolate Chip Cookies,$5.09,,,13 oz,[],,"https://www.instacart.com/image-server/197x197/filters:fill(FFF,true):format(jpg)/d2lnr5mha7bycj.cloudfront.net/product-image/file/large_0f658397-dacf-4155-b7cd-328432428ca7.jpg,"
Sam's Club,"Ritz Original Flavor Crackers, 1 Box",$5.39,,,14 oz,[],,"https://www.instacart.com/image-server/197x197/filters:fill(FFF,true):format(jpg)/d2lnr5mha7bycj.cloudfront.net/product-image/file/large_764511ee-7451-415b-9d9e-42bd9f0f765b.jpg,"
Sam's Club,Original price: $7.59,$6.99,,,5 x 7.4 oz,['Gluten-Free'],,"https://www.instacart.com/image-server/197x197/filters:fill(FFF,true):format(jpg)/d2lnr5mha7bycj.cloudfront.net/product-image/file/large_d07d446e-235c-4566-b0cf-5dddfdfd7523.jpg,"
Sam's Club,"Kodiak Cakes Granola Bars, Crunchy, Chocolate Chip",$8.59,,,6 x 1.59 oz,[],,"https://www.instacart.com/image-server/197x197/filters:fill(FFF,true):format(jpg)/d2lnr5mha7bycj.cloudfront.net/product-image/file/large_e8388a0a-b915-4c72-8323-68cd9791137c.png,"
Sam's Club,Partake Crunchy Ginger Snap Cookies,$6.99,,,5.5 oz,"['Gluten-Free', 'Vegan']",,"https://www.instacart.com/image-server/197x197/filters:fill(FFF,true):format(jpg)/d2lnr5mha7bycj.cloudfront.net/product-image/file/large_3b7aa388-f392-47bf-be85-883524a8a150.jpg,"
Sam's Club,Ruffles Hot wings Flavored Potato Chips,$5.99,,,7.25 oz,[],,"https://www.instacart.com/image-server/197x197/filters:fill(FFF,true):format(jpg)/d2lnr5mha7bycj.cloudfront.net/product-image/file/large_692cf6c8-2cbc-472b-a92c-f7bb4b7c90d5.png,"
Sam's Club,Doritos Dinamita Tortilla Chips Chile Limon,$6.79,,,10.75 oz,[],,"https://www.instacart.com/image-server/197x197/filters:fill(FFF,true):format(jpg)/d2lnr5mha7bycj.cloudfront.net/product-image/file/large_6ba02483-feb7-461b-87ab-6696a095ada1.png,"
Sam's Club,"Cerebelly Smart Bars, Apple Kale",$5.69,,,5 x 0.84 oz,"['Organic', 'Vegan']",,"https://www.instacart.com/image-server/197x197/filters:fill(FFF,true):format(jpg)/d2lnr5mha7bycj.cloudfront.net/product-image/file/large_288a2f1a-d9c3-482d-b14d-c4b2328310d2.png,"
Sam's Club,"Cerebelly Organic Blueberry Banana, Smart Bar",$5.69,,,5 ct,"['Organic', 'Vegan']",,"https://www.instacart.com/image-server/197x197/filters:fill(FFF,true):format(jpg)/d2lnr5mha7bycj.cloudfront.net/product-image/file/large_1871069a-2a46-4503-9a7c-52bcebe04f8a.png,"
Sam's Club,"LesserEvil Popcorn, Himalayan Pink Salt, Snack Pack",$6.49,,,8 x 0.46 oz,"['Organic', 'Gluten-Free']",,"https://www.instacart.com/image-server/197x197/filters:fill(FFF,true):format(jpg)/d2lnr5mha7bycj.cloudfront.net/product-image/file/large_5da8dd56-3765-462a-968d-2a99aabdede0.png,"
Sam's Club,Wasa Multi Grain Swedish Style Crispbread Crackers,$4.69,,,9.7 oz,"['Fat-Free', 'Multigrain']",,"https://www.instacart.com/image-server/197x197/filters:fill(FFF,true):format(jpg)/d2lnr5mha7bycj.cloudfront.net/product-image/file/large_49c9a8a3-5a01-4852-836b-ee2b5e1ac371.png,"
Sam's Club,"Endangered Species Dark Chocolate, Caramel & Sea Salt, 60% Cocoa",$3.79,,,3 oz,['Gluten-Free'],,"https://www.instacart.com/image-server/197x197/filters:fill(FFF,true):format(jpg)/d2lnr5mha7bycj.cloudfront.net/product-image/file/large_25440cd1-c6e6-4cb6-b898-f22394620115.png,"
Sam's Club,Cascadian Farm Organic Spud Puppies Frozen Potatoes,$6.49,,,16 oz,['Vegan'],,"https://www.instacart.com/image-server/197x197/filters:fill(FFF,true):format(jpg)/d2lnr5mha7bycj.cloudfront.net/product-image/file/large_6b26cac0-588d-4885-a962-664edc7ce4a5.png,"
Sam's Club,"Alexia Fries, Organic",$7.59,,,15 oz,['Vegan'],,"https://www.instacart.com/image-server/197x197/filters:fill(FFF,true):format(jpg)/d2lnr5mha7bycj.cloudfront.net/product-image/file/large_bbfdb9a2-2cb9-43dd-9049-bda2ee97d71e.png,"
Sam's Club,Original price: $7.59,$5.99,,,8 each,[],Many in stock,"https://www.instacart.com/image-server/197x197/filters:fill(FFF,true):format(jpg)/d2lnr5mha7bycj.cloudfront.net/product-image/file/large_e46f5954-bbd7-4e17-bbfc-05ecb186fb91.png,"
Sam's Club,"Totino's Pizza Rolls, Pepperoni",$9.69,,,50 ct,[],,"https://www.instacart.com/image-server/197x197/filters:fill(FFF,true):format(jpg)/d2lnr5mha7bycj.cloudfront.net/product-image/file/large_02edecfd-2ee7-4873-96b1-6c4a72178c33.png,"
Sam's Club,Cascadian Farm Organic Straight Cut French Fries Frozen Potatoes,$6.49,,,16 oz,['Vegan'],Many in stock,"https://www.instacart.com/image-server/197x197/filters:fill(FFF,true):format(jpg)/d2lnr5mha7bycj.cloudfront.net/product-image/file/large_019bea42-86f2-4240-b332-9249bb8be17b.png,"
Sam's Club,Applegate Naturals Gluten Free Uncured Beef Corn Dogs,$9.69,,,4 ct,"['Gluten-Free', 'Grass-Fed']",,"https://www.instacart.com/image-server/197x197/filters:fill(FFF,true):format(jpg)/d2lnr5mha7bycj.cloudfront.net/product-image/file/large_30acecbc-2b93-4725-a7b3-cb98b1910dfa.png,"
Sam's Club,Original price: $6.99,$6.49,,,10 oz,['Gluten-Free'],Many in stock,"https://www.instacart.com/image-server/197x197/filters:fill(FFF,true):format(jpg)/d2lnr5mha7bycj.cloudfront.net/product-image/file/large_35f76ab9-1247-48ac-9350-40538b3d2144.png,"
Sam's Club,Alexia Organic Crinkle Cut Fries with Sea Salt,$7.59,,,16 oz,['Vegan'],,"https://www.instacart.com/image-server/197x197/filters:fill(FFF,true):format(jpg)/d2lnr5mha7bycj.cloudfront.net/product-image/file/large_f9270691-4438-4635-a5bd-75c2e4ebfa12.png,"
Sam's Club,"Alexia Fries, Crispy Rosemary",$8.09,,,16 oz,['Vegan'],,"https://www.instacart.com/image-server/197x197/filters:fill(FFF,true):format(jpg)/d2lnr5mha7bycj.cloudfront.net/product-image/file/large_dfcd7576-e3eb-46c5-8245-17a896763a91.png,"
Sam's Club,Fresh Thyme Market Potato Fried Onion Perogies,$5.39,,,16 oz,[],,"https://www.instacart.com/image-server/197x197/filters:fill(FFF,true):format(jpg)/d2lnr5mha7bycj.cloudfront.net/product-image/file/large_6eb17de2-0257-4bce-9069-2c5ada3a1936.png,"
Sam's Club,Laoban Pork & Chive Dumplings,$7.59,,,8 oz,[],,"https://www.instacart.com/image-server/197x197/filters:fill(FFF,true):format(jpg)/d2lnr5mha7bycj.cloudfront.net/product-image/file/large_c2c2b8f9-73d5-4d4c-8d4c-0077fee1c7f8.jpg,"
Sam's Club,Feel Good Foods Gluten-Free Pepperoni Snack Bites,$9.69,,,7 oz,['Gluten-Free'],,"https://www.instacart.com/image-server/197x197/filters:fill(FFF,true):format(jpg)/d2lnr5mha7bycj.cloudfront.net/product-image/file/large_672d19a7-204b-4db6-8dab-297191980c3c.png,"
Sam's Club,"Strong Roots Crispy Skinny Fries, Vegan, Gluten Free Frozen Fries",$6.49,,,20 oz,[],Many in stock,"https://www.instacart.com/image-server/197x197/filters:fill(FFF,true):format(jpg)/d2lnr5mha7bycj.cloudfront.net/product-image/file/large_9a7b2ee6-22d8-4c28-91a8-b706fc0949b9.jpg,"
Sam's Club,Brazi Bites Four Cheese Pizza Snacks,$8.09,,,10 oz,['Gluten-Free'],,"https://www.instacart.com/image-server/197x197/filters:fill(FFF,true):format(jpg)/d2lnr5mha7bycj.cloudfront.net/product-image/file/large_ba0a1754-754d-4ecc-a6fc-ded55ad50189.png,"
Sam's Club,Chubby Snacks Almond Butter & Strawberry Jam,$10.79,,,4 x 10.6 oz,['Vegan'],,"https://www.instacart.com/image-server/197x197/filters:fill(FFF,true):format(jpg)/d2lnr5mha7bycj.cloudfront.net/product-image/file/large_5b382646-721e-42d2-96cf-e700840bac33.png,"
Sam's Club,"Brazi Bites Garlic Asiago, Brazilian Cheese Bread",$8.09,,,18 x 11.5 oz,['Gluten-Free'],,"https://www.instacart.com/image-server/197x197/filters:fill(FFF,true):format(jpg)/d2lnr5mha7bycj.cloudfront.net/product-image/file/large_5e3da670-d9e3-4624-8840-f3838167d893.png,"
Sam's Club,"Feel Good Foods Potato, Egg & Cheese Pocket Sandwiches",$8.09,,,8 oz,['Gluten-Free'],,"https://www.instacart.com/image-server/197x197/filters:fill(FFF,true):format(jpg)/d2lnr5mha7bycj.cloudfront.net/product-image/file/large_39a3df76-c1ba-4802-acb8-c99aaa09f130.png,"
Sam's Club,Feel Good Foods Gluten-Free Three Cheese Snack Bites,$9.69,,,7 oz,['Gluten-Free'],,"https://www.instacart.com/image-server/197x197/filters:fill(FFF,true):format(jpg)/d2lnr5mha7bycj.cloudfront.net/product-image/file/large_1cd80a21-d95e-46d8-909b-44f8d0a89451.png,"
Sam's Club,Hot Pockets Hot Pocket Pepperoni Pizza,$4.29,,,2 x 4.5 oz,[],,"https://www.instacart.com/image-server/197x197/filters:fill(FFF,true):format(jpg)/d2lnr5mha7bycj.cloudfront.net/product-image/file/large_8d933a9b-4b7a-4072-9909-04e96042e264.jpg,"
Sam's Club,"Alexia Waffle Cut Seasoned Fries With Sea Salt, Pepper, Onion & Garlic",$8.09,,,15 oz,['Vegan'],,"https://www.instacart.com/image-server/197x197/filters:fill(FFF,true):format(jpg)/d2lnr5mha7bycj.cloudfront.net/product-image/file/large_19237250-3925-427a-82f0-c0c0204b7864.png,"
Sam's Club,"Brazi Bites Cheddar & Parmesan, Brazilian Cheese Bread",$8.09,,,11.5 oz,['Gluten-Free'],,"https://www.instacart.com/image-server/197x197/filters:fill(FFF,true):format(jpg)/d2lnr5mha7bycj.cloudfront.net/product-image/file/large_1330bc1e-27ad-4620-96b6-de3dafd402df.png,"
Sam's Club,Laoban Pork Soup Dumplings,$7.59,,,8 oz,[],,"https://www.instacart.com/image-server/197x197/filters:fill(FFF,true):format(jpg)/d2lnr5mha7bycj.cloudfront.net/product-image/file/large_cb40e2bf-86c3-4e8d-8e28-035cf1121294.jpg,"
Sam's Club,"Alexia Puffs, Yukon Select, Organic",$7.59,,,16 oz,['Vegan'],,"https://www.instacart.com/image-server/197x197/filters:fill(FFF,true):format(jpg)/d2lnr5mha7bycj.cloudfront.net/product-image/file/large_db3f74ba-f8bc-4a5d-81ff-5eae06c26432.png,"
Sam's Club,Fresh Thyme Market Cheese Ravioli Squares,$5.39,,,16 oz,[],,"https://www.instacart.com/image-server/197x197/filters:fill(FFF,true):format(jpg)/d2lnr5mha7bycj.cloudfront.net/product-image/file/large_aca31231-6bc9-4a36-a10c-1c5cc7c8246a.png,"
Sam's Club,"Alexia Fries, Sweet Potato",$8.09,,,20 oz,[],,"https://www.instacart.com/image-server/197x197/filters:fill(FFF,true):format(jpg)/d2lnr5mha7bycj.cloudfront.net/product-image/file/large_18d527b9-1203-4990-a903-38de999359ff.png,"
Sam's Club,Laoban Ginger Chicken Dumplings,$7.59,,,8 oz,[],,"https://www.instacart.com/image-server/197x197/filters:fill(FFF,true):format(jpg)/d2lnr5mha7bycj.cloudfront.net/product-image/file/large_6bc1f8b6-eea4-43bd-87f9-632007c79016.jpg,"
Sam's Club,Feel Good Foods Gluten-Free Vegetable Potsticker Dumplings,$10.79,,,10 oz,"['Gluten-Free', 'Vegan']",Many in stock,"https://www.instacart.com/image-server/197x197/filters:fill(FFF,true):format(jpg)/d2lnr5mha7bycj.cloudfront.net/product-image/file/large_0b621278-23a9-40b6-9695-3958d32e0933.png,"
Sam's Club,"Evol Unwrapped Chicken Egg Roll Bowl, Gluten Free, Frozen Food",$6.49,,,10.5 oz,['Gluten-Free'],,"https://www.instacart.com/image-server/197x197/filters:fill(FFF,true):format(jpg)/d2lnr5mha7bycj.cloudfront.net/product-image/file/large_05932edf-dce2-471a-a04b-cedbd1144bc9.jpg,"
Sam's Club,Brazi Bites Pepperoni Pizza Snacks,$8.09,,,10 oz,['Gluten-Free'],,"https://www.instacart.com/image-server/197x197/filters:fill(FFF,true):format(jpg)/d2lnr5mha7bycj.cloudfront.net/product-image/file/large_cd15bc82-7354-4e75-8667-f3b60a630472.png,"
Sam's Club,"Reser's Fine Foods Creamed Spinach, Asiago",$4.69,,,12 oz,[],,"https://www.instacart.com/image-server/197x197/filters:fill(FFF,true):format(jpg)/d2lnr5mha7bycj.cloudfront.net/product-image/file/large_e87451c3-f8ba-410b-8a5a-7589cb21c7d5.png,"
Sam's Club,Feel Good Foods Vegetable Spring Rolls,$10.79,,,8.2 oz,[],,"https://www.instacart.com/image-server/197x197/filters:fill(FFF,true):format(jpg)/d2lnr5mha7bycj.cloudfront.net/product-image/file/large_63203b13-e4cc-4152-94f8-5805e3ad869e.png,"
Sam's Club,"Alexia Onion Rings, Crispy",$7.59,,,11 oz,['Vegan'],,"https://www.instacart.com/image-server/197x197/filters:fill(FFF,true):format(jpg)/d2lnr5mha7bycj.cloudfront.net/product-image/file/large_2096bed6-d09b-4abe-9202-3f277852c5ac.png,"
Sam's Club,Feel Good Foods Gluten-Free Chicken Egg Rolls,$10.79,,,9 oz,['Gluten-Free'],,"https://www.instacart.com/image-server/197x197/filters:fill(FFF,true):format(jpg)/d2lnr5mha7bycj.cloudfront.net/product-image/file/large_40c3276a-e478-4af1-802b-870a45add8ed.png,"
Sam's Club,"Strong Roots Crispy Crinkle Fries, Vegan, Gluten Free Frozen Fries",$6.49,,,20 oz,[],Many in stock,"https://www.instacart.com/image-server/197x197/filters:fill(FFF,true):format(jpg)/d2lnr5mha7bycj.cloudfront.net/product-image/file/large_31578cc6-52e1-40b0-a5a0-a4b07c30241d.jpg,"
Sam's Club,"Strong Roots Proper Fries, Vegan, Gluten Free Frozen Fries",$6.49,,,20 oz,[],,"https://www.instacart.com/image-server/197x197/filters:fill(FFF,true):format(jpg)/d2lnr5mha7bycj.cloudfront.net/product-image/file/large_a505a0dd-351a-40b8-bccc-69379b552bd4.jpg,"
Sam's Club,"Alexia Fries, Sweet Potato",$8.09,,,15 oz,[],,"https://www.instacart.com/image-server/197x197/filters:fill(FFF,true):format(jpg)/d2lnr5mha7bycj.cloudfront.net/product-image/file/large_170c3eee-f443-459b-bfb3-cbf694b81108.png,"
Sam's Club,"Alexia Fries, Organic, Sweet Potato",$8.09,,,15 oz,[],,"https://www.instacart.com/image-server/197x197/filters:fill(FFF,true):format(jpg)/d2lnr5mha7bycj.cloudfront.net/product-image/file/large_2cf0acd7-05ed-4166-818b-e3e2d107357d.png,"
Sam's Club,"Yasso Poppables, Greek Yogurt, Sea Salt Caramel",$8.09,,,6.84 fl oz,[],,"https://www.instacart.com/image-server/197x197/filters:fill(FFF,true):format(jpg)/d2lnr5mha7bycj.cloudfront.net/product-image/file/large_55879c79-211b-48f4-bd68-c02b00aa6599.png,"
Sam's Club,Fresh Thyme Market Potato Moneterey Jack Jalapeno Pierogies,$5.39,,,16 oz,[],Many in stock,"https://www.instacart.com/image-server/197x197/filters:fill(FFF,true):format(jpg)/d2lnr5mha7bycj.cloudfront.net/product-image/file/large_ea1b36a5-6928-416e-8ec0-dd34c2836ec0.png,"
Sam's Club,"Alexia Fries, Seasoned, Sweet Potato, Waffle Cut",$8.09,,,20 oz,[],,"https://www.instacart.com/image-server/197x197/filters:fill(FFF,true):format(jpg)/d2lnr5mha7bycj.cloudfront.net/product-image/file/large_ea9c505b-31ed-47a2-8251-f02665cf4d33.png,"
Sam's Club,Laoban Livin' on the Vedge Dumplings,$7.59,,,8 oz,['Vegan'],,"https://www.instacart.com/image-server/197x197/filters:fill(FFF,true):format(jpg)/d2lnr5mha7bycj.cloudfront.net/product-image/file/large_18dde59e-1941-4451-9beb-b766c10b34e6.jpg,"
Sam's Club,"good culture Cottage Cheese, Low-Fat, Classic",$4.29,,,16 oz,"['Cow Milk', 'Grass-Fed']",,"https://www.instacart.com/image-server/197x197/filters:fill(FFF,true):format(jpg)/d2lnr5mha7bycj.cloudfront.net/product-image/file/large_5210eb01-eb57-4c65-94f9-7f6da1ab3484.png,"
Sam's Club,Fresh Thyme Market Shredded Mozzarella Cheese,$3.79,,,8 oz,[],,"https://www.instacart.com/image-server/197x197/filters:fill(FFF,true):format(jpg)/d2lnr5mha7bycj.cloudfront.net/product-image/file/large_57ced275-c407-4f0a-8e9e-a6559ba6c392.png,"
Sam's Club,Organic Valley Organic American Cheese Slices,$6.49,,,6 oz,"['Organic', 'Cow Milk']",,"https://www.instacart.com/image-server/197x197/filters:fill(FFF,true):format(jpg)/d2lnr5mha7bycj.cloudfront.net/product-image/file/large_014b01c6-963d-42b7-9c7a-813e80271621.png,"
Sam's Club,Fresh Thyme Market Mozzarella String Cheese,$6.29,,,12 oz,[],,"https://www.instacart.com/image-server/197x197/filters:fill(FFF,true):format(jpg)/d2lnr5mha7bycj.cloudfront.net/product-image/file/large_9be59fa1-a62e-4d19-bbb7-ad1a766f4757.png,"
Sam's Club,Fresh Thyme Market Sliced Sharp Cheddar Cheese,$3.79,,,8 oz,[],Many in stock,"https://www.instacart.com/image-server/197x197/filters:fill(FFF,true):format(jpg)/d2lnr5mha7bycj.cloudfront.net/product-image/file/large_665c6703-25fc-4e56-a472-f13a598e303d.png,"
Sam's Club,Fresh Thyme Market Colby Jack Cheese Slices,$3.79,,,8 oz,[],,"https://www.instacart.com/image-server/197x197/filters:fill(FFF,true):format(jpg)/d2lnr5mha7bycj.cloudfront.net/product-image/file/large_12d75b4a-67af-4843-8418-8fb9457b5f6e.png,"
Sam's Club,Organic Valley Alpine Style Organic Baby Swiss Cheese Slices,$6.49,,,6 oz,"['Organic', 'Cow Milk']",,"https://www.instacart.com/image-server/197x197/filters:fill(FFF,true):format(jpg)/d2lnr5mha7bycj.cloudfront.net/product-image/file/large_15f3fd7f-ece7-4c9c-91e9-b4784bb73930.jpg,"
Sam's Club,Kraft Singles American Cheese Slices,$5.39,,,16 ct,[],,"https://www.instacart.com/image-server/197x197/filters:fill(FFF,true):format(jpg)/d2lnr5mha7bycj.cloudfront.net/product-image/file/large_06a81d43-dcb7-45eb-b3e6-4c091a8f89d2.jpg,"
Sam's Club,Fresh Thyme Market Swiss Cheese Slices,$3.79,,,8 oz,[],Many in stock,"https://www.instacart.com/image-server/197x197/filters:fill(FFF,true):format(jpg)/d2lnr5mha7bycj.cloudfront.net/product-image/file/large_8242855f-8607-4e21-99cb-8076c6deee0a.png,"
Sam's Club,Fresh Thyme Market Slices Provolone Cheese,$3.79,,,8 oz,[],Many in stock,"https://www.instacart.com/image-server/197x197/filters:fill(FFF,true):format(jpg)/d2lnr5mha7bycj.cloudfront.net/product-image/file/large_53c05f6c-7cd2-4c04-969f-995cc25939fa.png,"
Sam's Club,Organic Valley 3 Cheese Organic Finely Shredded Mexican Cheese Blend,$7.39,,,6 oz,"['Cow Milk', 'Organic']",,"https://www.instacart.com/image-server/197x197/filters:fill(FFF,true):format(jpg)/d2lnr5mha7bycj.cloudfront.net/product-image/file/large_06e431f3-1ef3-44d9-9c36-cbcaacd5be9d.jpg,"
Sam's Club,Original price: $5.39,$3.29,,,5 oz,['Keto'],Many in stock,"https://www.instacart.com/image-server/197x197/filters:fill(FFF,true):format(jpg)/d2lnr5mha7bycj.cloudfront.net/product-image/file/large_a60eeeb8-9f29-46bb-ad06-4507cb1e9e39.png,"
Sam's Club,Fresh Thyme Market Pepperjack Cheese Slices,$3.79,,,8 oz,[],Many in stock,"https://www.instacart.com/image-server/197x197/filters:fill(FFF,true):format(jpg)/d2lnr5mha7bycj.cloudfront.net/product-image/file/large_3e855c70-6869-48d6-8bd1-7525f05bd6f0.png,"
Sam's Club,Fresh Thyme Market Shredded Sharp Cheddar Cheese,$3.79,,,8 oz,[],Many in stock,"https://www.instacart.com/image-server/197x197/filters:fill(FFF,true):format(jpg)/d2lnr5mha7bycj.cloudfront.net/product-image/file/large_beef88dd-3203-4fc0-b29e-2d74a9c9fc52.png,"
Sam's Club,Organic Valley 3 Cheese Organic Thick Cut Shredded Mexican Cheese Blend,$6.49,,,6 oz,"['Cow Milk', 'Organic']",,"https://www.instacart.com/image-server/197x197/filters:fill(FFF,true):format(jpg)/d2lnr5mha7bycj.cloudfront.net/product-image/file/large_8c5a5bf4-bc5f-40ce-8680-56d8c04dde57.jpg,"
Sam's Club,"Organic Valley String Cheese, Organic, Mozzarella",$8.09,,,8 oz,"['Cow Milk', 'Organic']",,"https://www.instacart.com/image-server/197x197/filters:fill(FFF,true):format(jpg)/d2lnr5mha7bycj.cloudfront.net/product-image/file/large_c1eb209f-1cec-46b8-8c1e-bc9c7fbf1d52.png,"
Sam's Club,Fresh Thyme Market Mild Cheddar Cheese,$3.79,,,8 oz,[],Many in stock,"https://www.instacart.com/image-server/197x197/filters:fill(FFF,true):format(jpg)/d2lnr5mha7bycj.cloudfront.net/product-image/file/large_4287af52-1a24-4be3-a180-44a8d7682145.png,"
Sam's Club,"Organic Valley Cheese Slices, Raw Sharp Cheddar",$6.49,,,6 ct,"['Organic', 'Keto']",,"https://www.instacart.com/image-server/197x197/filters:fill(FFF,true):format(jpg)/d2lnr5mha7bycj.cloudfront.net/product-image/file/large_31f61e20-c58b-4fa8-ba99-50dba0cba538.png,"
Sam's Club,Original price: $1.99,$1.49,,,5 oz,"['Cow Milk', 'Keto']",,"https://www.instacart.com/image-server/197x197/filters:fill(FFF,true):format(jpg)/d2lnr5mha7bycj.cloudfront.net/product-image/file/large_a1b81ecf-9d33-4c15-9280-3aa8fcb1fbfc.png,"
Sam's Club,Original price: $5.39,$4.29,,,8 oz,[],,"https://www.instacart.com/image-server/197x197/filters:fill(FFF,true):format(jpg)/d2lnr5mha7bycj.cloudfront.net/product-image/file/large_1770a5a3-0d6a-4df0-96c2-da42488fed95.png,"
Sam's Club,Fresh Thyme Market Grated Parmesan Cheese,$4.29,,,5 oz,[],,"https://www.instacart.com/image-server/197x197/filters:fill(FFF,true):format(jpg)/d2lnr5mha7bycj.cloudfront.net/product-image/file/large_60d284a5-4f66-4e9e-b490-7cf0a34a568e.png,"
Sam's Club,Original price: $1.99,$1.49,,,5.3 oz,"['Cow Milk', 'Keto']",,"https://www.instacart.com/image-server/197x197/filters:fill(FFF,true):format(jpg)/d2lnr5mha7bycj.cloudfront.net/product-image/file/large_35de765e-c430-4749-a534-38eb796baeea.png,"
Sam's Club,Organic Valley Organic Provolone Cheese Slices,$6.49,,,6 oz,"['Organic', 'Cow Milk']",,"https://www.instacart.com/image-server/197x197/filters:fill(FFF,true):format(jpg)/d2lnr5mha7bycj.cloudfront.net/product-image/file/large_ba60c50d-eb1b-4203-b044-e39a4432f2c6.jpg,"
Sam's Club,Original price: $5.39,$4.29,,,4 oz,"['Goat Milk', 'Keto']",Many in stock,"https://www.instacart.com/image-server/197x197/filters:fill(FFF,true):format(jpg)/d2lnr5mha7bycj.cloudfront.net/product-image/file/large_6be34809-28bb-47d9-adb7-87a5a853d386.jpeg,"
Sam's Club,Boursin Garlic & Herb Cheese Spread,$7.59,,,5.2 oz,['Keto'],,"https://www.instacart.com/image-server/197x197/filters:fill(FFF,true):format(jpg)/d2lnr5mha7bycj.cloudfront.net/product-image/file/large_c03a4f45-714f-40c8-b777-8c2524726ce9.png,"
Sam's Club,Original price: $7.59,$5.39,,,8 oz,['Buffalo Milk'],,"https://www.instacart.com/image-server/197x197/filters:fill(FFF,true):format(jpg)/d2lnr5mha7bycj.cloudfront.net/product-image/file/large_f93f1e79-dfc4-40d6-b179-cd7d7c322c94.png,"
Sam's Club,Organic Valley Finely Shredded Sharp Cheddar Cheese,$6.49,,,6 oz,"['Cow Milk', 'Organic']",,"https://www.instacart.com/image-server/197x197/filters:fill(FFF,true):format(jpg)/d2lnr5mha7bycj.cloudfront.net/product-image/file/large_0f93c1ef-a6a6-4df4-a45a-e058e9d64c39.jpg,"
Sam's Club,Boar's Head White American Cheese,$8.59,/lb,,$0.54/oz,[],Many in stock,"https://www.instacart.com/image-server/197x197/filters:fill(FFF,true):format(jpg)/d2lnr5mha7bycj.cloudfront.net/product-image/file/large_737a08c3-7531-4028-a793-81e1082d2661.png,"
Sam's Club,Fresh Thyme Market 2% Low Fat Small Curd Cottage Cheese,$4.29,,,24 oz,[],Many in stock,"https://www.instacart.com/image-server/197x197/filters:fill(FFF,true):format(jpg)/d2lnr5mha7bycj.cloudfront.net/product-image/file/large_bc28ee9a-cff3-48c9-bf84-f2a11a9f6ebb.png,"
Sam's Club,"good culture Cottage Cheese, 4% Milkfat, Whole Milk Classic",$4.29,,,16 oz,"['Cow Milk', 'Grass-Fed']",,"https://www.instacart.com/image-server/197x197/filters:fill(FFF,true):format(jpg)/d2lnr5mha7bycj.cloudfront.net/product-image/file/large_4c5049d3-caa3-492d-9962-b7643da0291a.png,"
Sam's Club,Sartori Parmesan SarVecchio Reserve Cheese,$6.99,,,5.3 oz,['Keto'],Many in stock,"https://www.instacart.com/image-server/197x197/filters:fill(FFF,true):format(jpg)/d2lnr5mha7bycj.cloudfront.net/product-image/file/large_454d0878-d9ff-4a36-aa63-c99108e0b4da.png,"
Sam's Club,"Sartori Cheese, Parmesan Classic, Shredded",$6.49,,,7 oz,['Keto'],Many in stock,"https://www.instacart.com/image-server/197x197/filters:fill(FFF,true):format(jpg)/d2lnr5mha7bycj.cloudfront.net/product-image/file/large_7f93bf83-1c88-4d35-9eee-8c37453c1b8c.png,"
Sam's Club,Original price: $5.39,$4.29,,,7 oz,"['Cow Milk', 'Keto']",,"https://www.instacart.com/image-server/197x197/filters:fill(FFF,true):format(jpg)/d2lnr5mha7bycj.cloudfront.net/product-image/file/large_533f6217-118f-46e1-a2c4-7db4563f7d8a.png,"
Sam's Club,"BelGioioso Parmesan Cheese, Wedge",$5.39,,,5 x 5 oz,['Keto'],,"https://www.instacart.com/image-server/197x197/filters:fill(FFF,true):format(jpg)/d2lnr5mha7bycj.cloudfront.net/product-image/file/large_665b14aa-8846-450f-8f34-6099fac732d0.jpg,"
Sam's Club,Organic Valley 3 Cheese Organic Thick Cut Shredded Italian Cheese Blend,$6.49,,,6 oz,"['Organic', 'Keto']",,"https://www.instacart.com/image-server/197x197/filters:fill(FFF,true):format(jpg)/d2lnr5mha7bycj.cloudfront.net/product-image/file/large_b398ad58-fc09-4ef9-8828-233d41ac36fa.jpg,"
Sam's Club,Original price: $9.69,$8.59,,,16 oz,[],Many in stock,"https://www.instacart.com/image-server/197x197/filters:fill(FFF,true):format(jpg)/d2lnr5mha7bycj.cloudfront.net/product-image/file/large_ba2ac9ce-7d61-4e8c-83e9-c20d04701b09.png,"
Sam's Club,Fresh Thyme Market Goat Cheese Crumbles,$4.29,,,3.5 oz,['Goat Milk'],Many in stock,"https://www.instacart.com/image-server/197x197/filters:fill(FFF,true):format(jpg)/d2lnr5mha7bycj.cloudfront.net/product-image/file/large_e9aa98a5-0bd9-464d-aca2-b5a2e7ed7dbf.png,"
Sam's Club,Athenos Traditional Crumbled Feta Cheese,$6.99,,,6 oz,[],,"https://www.instacart.com/image-server/197x197/filters:fill(FFF,true):format(jpg)/d2lnr5mha7bycj.cloudfront.net/product-image/file/large_84bade20-3215-431a-889c-d07ac777fea4.jpg,"
Sam's Club,Organic Valley Organic Finely Shredded Mozzarella Cheese,$7.39,,,6 oz,"['Cow Milk', 'Organic']",,"https://www.instacart.com/image-server/197x197/filters:fill(FFF,true):format(jpg)/d2lnr5mha7bycj.cloudfront.net/product-image/file/large_18b88c2e-a989-4947-8760-05a6078b55fd.jpg,"
Sam's Club,Fresh Thyme Market Munster Cheese Slices,$3.79,,,8 oz,[],Many in stock,"https://www.instacart.com/image-server/197x197/filters:fill(FFF,true):format(jpg)/d2lnr5mha7bycj.cloudfront.net/product-image/file/large_59dc0c6a-21e1-42c9-ac32-ede5da9d5a96.png,"
Sam's Club,"Dutch Farms Cream Cheese, Original",$2.89,,,8 oz,[],Many in stock,"https://www.instacart.com/image-server/197x197/filters:fill(FFF,true):format(jpg)/d2lnr5mha7bycj.cloudfront.net/product-image/file/large_94472826-05b4-4303-9d2c-1a72a4e705f2.png,"
Sam's Club,"Sartori Cheese, BellaVitano, Merlot",$6.99,,,5.3 oz,"['Cow Milk', 'Keto']",Many in stock,"https://www.instacart.com/image-server/197x197/filters:fill(FFF,true):format(jpg)/d2lnr5mha7bycj.cloudfront.net/product-image/file/large_3b4ebcca-44ca-4512-a7b3-723b31ac4174.png,"
Sam's Club,Odyssey Traditional Greek Style Feta Cheese Chunk,$6.99,,,8 oz,"['Cow Milk', 'Keto']",Many in stock,"https://www.instacart.com/image-server/197x197/filters:fill(FFF,true):format(jpg)/d2lnr5mha7bycj.cloudfront.net/product-image/file/large_caf70bcb-a507-4241-a5ba-70620a9189d7.jpg,"
Sam's Club,Original price: $11.89,$10.79,/lb,,$0.67/oz,[],,"https://www.instacart.com/image-server/197x197/filters:fill(FFF,true):format(jpg)/d2lnr5mha7bycj.cloudfront.net/product-image/file/large_43b822b5-f18e-4b58-ad14-72d38a014e78.png,"
Sam's Club,Original price: $9.69,$7.59,,,4.2 oz,"['Vegan', 'Organic']",,"https://www.instacart.com/image-server/197x197/filters:fill(FFF,true):format(jpg)/d2lnr5mha7bycj.cloudfront.net/product-image/file/large_5673dcd3-7c61-4142-9ca9-27648986c138.png,"
Sam's Club,V&V Supremo Shredded Chihuahua Quesadilla Cheese,$6.49,,,7.06 oz,"['Cow Milk', 'Keto']",,"https://www.instacart.com/image-server/197x197/filters:fill(FFF,true):format(jpg)/d2lnr5mha7bycj.cloudfront.net/product-image/file/large_af801cc1-2670-40b5-b32e-14b0f4b271f1.jpg,"
Sam's Club,"Sartori Cheese, Old World Cheddar, Aged & Sharp",$6.99,,,198 g,['Cow Milk'],Many in stock,"https://www.instacart.com/image-server/197x197/filters:fill(FFF,true):format(jpg)/d2lnr5mha7bycj.cloudfront.net/product-image/file/large_b87ca980-0388-4cae-afb8-ef96de672000.png,"
Sam's Club,"Wyke Farms Ivy's Vintage Reserve, Cheddar Cheese",$8.59,,,7 oz,['Keto'],Many in stock,"https://www.instacart.com/image-server/197x197/filters:fill(FFF,true):format(jpg)/d2lnr5mha7bycj.cloudfront.net/product-image/file/large_5fe2e175-52c0-4f08-8ba6-6e6fc0b650d3.jpg,"
Sam's Club,"Sartori Cheese, Montamore Cheddar, Smooth & Creamy",$6.99,,,7 oz,"['Cow Milk', 'Keto']",Many in stock,"https://www.instacart.com/image-server/197x197/filters:fill(FFF,true):format(jpg)/d2lnr5mha7bycj.cloudfront.net/product-image/file/large_708be312-f5cd-442d-b6de-cfe45f926641.png,"
Sam's Club,Daiya Dairy Free Cheddar Cheese Shreds,$5.99,,,7.1 oz,"['Vegan', 'Non-GMO']",,"https://www.instacart.com/image-server/197x197/filters:fill(FFF,true):format(jpg)/d2lnr5mha7bycj.cloudfront.net/product-image/file/large_d6ad26be-359b-409d-84d0-58b8e937ff6c.jpg,"
Sam's Club,Daiya Dairy Free Mexican Blend Cheese Shreds,$5.99,,,7.1 oz,"['Vegan', 'Non-GMO']",,"https://www.instacart.com/image-server/197x197/filters:fill(FFF,true):format(jpg)/d2lnr5mha7bycj.cloudfront.net/product-image/file/large_fd475c5a-7d26-4a33-babd-2338fc7ef2ba.jpg,"
Sam's Club,Daiya Dairy Free American Cheese Slices,$5.99,,,7.8 oz,"['Vegan', 'Non-GMO']",,"https://www.instacart.com/image-server/197x197/filters:fill(FFF,true):format(jpg)/d2lnr5mha7bycj.cloudfront.net/product-image/file/large_7400981a-355f-4f33-9ead-72a0e115635b.jpg,"
Sam's Club,Miyoko's Creamery Organic Liquid Vegan Pizza Mozzarella,$8.59,,,16 oz,"['Vegan', 'Non-GMO']",,"https://www.instacart.com/image-server/197x197/filters:fill(FFF,true):format(jpg)/d2lnr5mha7bycj.cloudfront.net/product-image/file/large_ce20e924-a333-47b9-99ba-3012f6a5a2af.png,"
Sam's Club,Roth Spinach Artichoke Gouda Cheese,$6.49,,,6 oz,['Keto'],,"https://www.instacart.com/image-server/197x197/filters:fill(FFF,true):format(jpg)/d2lnr5mha7bycj.cloudfront.net/product-image/file/large_8759d30e-a629-40c5-b4ae-337f34f93f36.png,"
Sam's Club,"Sartori Cheese, Farmhouse Cheddar",$6.99,,,7 oz,"['Cow Milk', 'Keto']",Many in stock,"https://www.instacart.com/image-server/197x197/filters:fill(FFF,true):format(jpg)/d2lnr5mha7bycj.cloudfront.net/product-image/file/large_cfc4b14d-1be8-407a-a685-a9e908fe8f5f.png,"
Sam's Club,Daiya Deliciously Dairy Free Cheddar Style Slices,$5.99,,,7.8 oz,"['Vegan', 'Non-GMO']",,"https://www.instacart.com/image-server/197x197/filters:fill(FFF,true):format(jpg)/d2lnr5mha7bycj.cloudfront.net/product-image/file/large_30f50f49-8e23-470d-b37b-099a3887be05.jpg,"
Sam's Club,Daiya Dairy Free Mozzarella Cheese Shreds,$5.99,,,7.1 oz,"['Vegan', 'Non-GMO']",,"https://www.instacart.com/image-server/197x197/filters:fill(FFF,true):format(jpg)/d2lnr5mha7bycj.cloudfront.net/product-image/file/large_1253485c-f7ca-4f26-a689-d337dd728bf6.jpg,"
Sam's Club,"Kite Hill Ricotta Alternative, Dairy Free",$7.99,,,8 oz,"['Vegan', 'Non-GMO']",Many in stock,"https://www.instacart.com/image-server/197x197/filters:fill(FFF,true):format(jpg)/d2lnr5mha7bycj.cloudfront.net/product-image/file/large_bf360554-c028-484c-b2c0-62a92bae845a.png,"
Sam's Club,Lifeway Old Fash Farmers Chse,$5.39,,,16 oz,"['Cow Milk', 'Keto']",,"https://www.instacart.com/image-server/197x197/filters:fill(FFF,true):format(jpg)/d2lnr5mha7bycj.cloudfront.net/product-image/file/large_bf738b6e-8199-4688-b6b3-0c3e07ab4ee5.png,"
Sam's Club,"Wyke Farms Cheese, Cheddar, Extra Mature",$8.59,,,7 oz,[],,"https://www.instacart.com/image-server/197x197/filters:fill(FFF,true):format(jpg)/d2lnr5mha7bycj.cloudfront.net/product-image/file/large_d676a056-3b91-4118-875d-f0451b944e2e.png,"
Sam's Club,Original price: $5.39,$4.79,,,52 fl oz • 4 options,[],,"https://www.instacart.com/image-server/197x197/filters:fill(FFF,true):format(jpg)/d2lnr5mha7bycj.cloudfront.net/product-image/file/large_d7fd9a71-3212-4fd9-bc93-cbd47a99f69e.png,"
Sam's Club,Fresh Thyme Market Organic Strawberry Lemonade,$3.79,,,64 fl oz,['Organic'],Many in stock,"https://www.instacart.com/image-server/197x197/filters:fill(FFF,true):format(jpg)/d2lnr5mha7bycj.cloudfront.net/product-image/file/large_80205ea3-8759-4321-93c6-39dcb0d399b4.png,"
Sam's Club,"ROAR Organic Strawberry Lemonade, Organic",$2.69,,,18 fl oz,['Organic'],,"https://www.instacart.com/image-server/197x197/filters:fill(FFF,true):format(jpg)/d2lnr5mha7bycj.cloudfront.net/product-image/file/large_8dfbb911-7c44-4119-b432-968d8bc31a7a.png,"
Sam's Club,Fresh Thyme Market Apple Organic Juice,$4.89,,,64 fl oz,['Organic'],,"https://www.instacart.com/image-server/197x197/filters:fill(FFF,true):format(jpg)/d2lnr5mha7bycj.cloudfront.net/product-image/file/large_4cb73673-6d15-404a-bea5-30345581c2ee.png,"
Sam's Club,"Uncle Matt's Organic Pulp Free, Orange Juice",$9.69,,,52 fl oz,['Organic'],Many in stock,"https://www.instacart.com/image-server/197x197/filters:fill(FFF,true):format(jpg)/d2lnr5mha7bycj.cloudfront.net/product-image/file/large_ba4c0d29-eabe-4716-bbed-77fcf308819f.jpg,"
Sam's Club,Original price: $4.29,$3.29,,,16 fl oz,['Organic'],,"https://www.instacart.com/image-server/197x197/filters:fill(FFF,true):format(jpg)/d2lnr5mha7bycj.cloudfront.net/product-image/file/large_544ae23e-94c3-4030-bf5f-3e30b659a0cd.png,"
Sam's Club,"Naked Juice, Strawberry Banana",$10.79,,,64 fl oz,['No Sugar Added'],Many in stock,"https://www.instacart.com/image-server/197x197/filters:fill(FFF,true):format(jpg)/d2lnr5mha7bycj.cloudfront.net/product-image/file/large_a8d18fc3-6e81-4355-9007-d8968bc1be25.png,"
Sam's Club,Fresh Thyme Market Organic Lemonade,$3.79,,,64 fl oz,['Organic'],,"https://www.instacart.com/image-server/197x197/filters:fill(FFF,true):format(jpg)/d2lnr5mha7bycj.cloudfront.net/product-image/file/large_431dd0b9-1438-4b77-8064-7ca97fc79c19.png,"
Sam's Club,"Natalie's Lemonade, Strawberry",$6.49,,,fl oz,[],Many in stock,"https://www.instacart.com/image-server/197x197/filters:fill(FFF,true):format(jpg)/d2lnr5mha7bycj.cloudfront.net/product-image/file/large_d0d0d471-65ed-42e4-8aec-a8b102c617fa.png,"
Sam's Club,"Naked Juice, Strawberry Banana",$4.29,,,15.2 fl oz,['No Sugar Added'],,"https://www.instacart.com/image-server/197x197/filters:fill(FFF,true):format(jpg)/d2lnr5mha7bycj.cloudfront.net/product-image/file/large_7dcccd47-a4a5-415c-831f-18c570ca8f2d.png,"
Sam's Club,"R.W. Knudsen Family Organic Just Pineapple Juice, 100% Juice",$8.99,,,32 fl oz,['Organic'],,"https://www.instacart.com/image-server/197x197/filters:fill(FFF,true):format(jpg)/d2lnr5mha7bycj.cloudfront.net/product-image/file/large_561bf949-567b-48be-9f68-b814be98add6.png,"
Sam's Club,"Naked Juice, Mighty Mango",$4.29,,,15.2 fl oz,[],Many in stock,"https://www.instacart.com/image-server/197x197/filters:fill(FFF,true):format(jpg)/d2lnr5mha7bycj.cloudfront.net/product-image/file/large_1977b517-545d-436c-a838-6eee5e194a6b.png,"
Sam's Club,Original price: $7.59,$6.49,,,32 fl oz,[],,"https://www.instacart.com/image-server/197x197/filters:fill(FFF,true):format(jpg)/d2lnr5mha7bycj.cloudfront.net/product-image/file/large_9f9cf8dd-1b8b-4c2c-ab9e-87ee9527af94.png,"
Sam's Club,"GoodBelly Juice Drink, Mango",$4.29,,,32 fl oz,['Organic'],Many in stock,"https://www.instacart.com/image-server/197x197/filters:fill(FFF,true):format(jpg)/d2lnr5mha7bycj.cloudfront.net/product-image/file/large_35ebd34f-9fed-4ae9-81d8-e73b81510764.png,"
Sam's Club,"Natalie's Lemonade, Natural",$5.39,,,fl oz,[],,"https://www.instacart.com/image-server/197x197/filters:fill(FFF,true):format(jpg)/d2lnr5mha7bycj.cloudfront.net/product-image/file/large_01e0ad11-1ae1-4d07-b25b-3d3224322782.png,"
Sam's Club,"Jumex Nectar, from Concentrate, Mango",$3.99,,,33.8 fl oz,[],,"https://www.instacart.com/image-server/197x197/filters:fill(FFF,true):format(jpg)/d2lnr5mha7bycj.cloudfront.net/product-image/file/large_e961438e-f2c6-4cf5-9bbd-496ad977d43b.png,"
Sam's Club,ReaLemon 100% Lemon Juice,$3.79,,,15 fl oz,[],,"https://www.instacart.com/image-server/197x197/filters:fill(FFF,true):format(jpg)/d2lnr5mha7bycj.cloudfront.net/product-image/file/large_d460e08b-06bf-40b1-80a1-032ec71b9472.png,"
Sam's Club,Original price: $6.49,$5.39,,,8 x 6.75 fl oz,"['Organic', 'No Sugar Added']",,"https://www.instacart.com/image-server/197x197/filters:fill(FFF,true):format(jpg)/d2lnr5mha7bycj.cloudfront.net/product-image/file/large_c527da17-6fd5-400a-b3bb-57b4ab3e01c6.jpg,"
Sam's Club,Original price: $9.49,$7.59,,,32 fl oz,"['Organic', 'Unsweetened']",Many in stock,"https://www.instacart.com/image-server/197x197/filters:fill(FFF,true):format(jpg)/d2lnr5mha7bycj.cloudfront.net/product-image/file/large_d27294af-5465-4083-adde-314bfd7b15d9.png,"
Sam's Club,Original price: $5.39,$4.79,,,52 fl oz • 2 options,[],,"https://www.instacart.com/image-server/197x197/filters:fill(FFF,true):format(jpg)/d2lnr5mha7bycj.cloudfront.net/product-image/file/large_faca71e0-ca6f-492b-b809-e4367c3534f4.png,"
Sam's Club,"Natalie's Juice, Tangerine",$6.49,,,32 fl oz,['No Sugar Added'],,"https://www.instacart.com/image-server/197x197/filters:fill(FFF,true):format(jpg)/d2lnr5mha7bycj.cloudfront.net/product-image/file/large_1b0ccdb5-cf0f-40e9-83cb-e3b40c9b7764.png,"
Sam's Club,Santa Cruz Organic Organic Lemon Juice,$5.99,,,16 fl oz,['Organic'],,"https://www.instacart.com/image-server/197x197/filters:fill(FFF,true):format(jpg)/d2lnr5mha7bycj.cloudfront.net/product-image/file/large_bf22589a-bb59-4264-bec1-27296b1986b3.png,"
Sam's Club,"Tropicana 100% Juice, Orange, Original",$8.59,,,89 fl oz • 4 options,['No Sugar Added'],Many in stock,"https://www.instacart.com/image-server/197x197/filters:fill(FFF,true):format(jpg)/d2lnr5mha7bycj.cloudfront.net/product-image/file/large_26134ee4-262e-46d8-9460-e81517bbc755.png,"
Sam's Club,Fresh Thyme Market Tart Cherry Organic Juice From Concentrate,$5.69,,,32 fl oz,['Organic'],,"https://www.instacart.com/image-server/197x197/filters:fill(FFF,true):format(jpg)/d2lnr5mha7bycj.cloudfront.net/product-image/file/large_73b1c645-b021-4fba-a9a4-6baf61456816.png,"
Sam's Club,ReaLime 100% Lime Juice,$3.79,,,15 fl oz,[],Many in stock,"https://www.instacart.com/image-server/197x197/filters:fill(FFF,true):format(jpg)/d2lnr5mha7bycj.cloudfront.net/product-image/file/large_492c902d-fe78-4caa-a346-34697a8d9083.png,"
Sam's Club,Riveridge Cider 100% Apple Cider,$5.39,,,64 fl oz,[],,"https://www.instacart.com/image-server/197x197/filters:fill(FFF,true):format(jpg)/d2lnr5mha7bycj.cloudfront.net/product-image/file/large_ccc421e2-a751-4c81-99bf-2d0f537ec1b9.png,"
Sam's Club,Santa Cruz Organic 100% Organic Lime Juice,$5.99,,,16 fl oz,['Organic'],,"https://www.instacart.com/image-server/197x197/filters:fill(FFF,true):format(jpg)/d2lnr5mha7bycj.cloudfront.net/product-image/file/large_f14026cd-1ad8-458a-863a-19aab7ddb09b.png,"
Sam's Club,Fresh Thyme Market Cranberry Juice,$6.49,,,32 fl oz,[],Many in stock,"https://www.instacart.com/image-server/197x197/filters:fill(FFF,true):format(jpg)/d2lnr5mha7bycj.cloudfront.net/product-image/file/large_6c67af28-cee9-47a8-8036-24923aa692c1.png,"
Sam's Club,POM Wonderful 100% Pomegranate Juice,$10.79,,,48 fl oz,['No Sugar Added'],Many in stock,"https://www.instacart.com/image-server/197x197/filters:fill(FFF,true):format(jpg)/d2lnr5mha7bycj.cloudfront.net/product-image/file/large_8b81a5cb-4fc3-4222-85d4-68080786e6f2.png,"
Sam's Club,Original price: $5.39,$4.79,,,52 fl oz • 3 options,[],Many in stock,"https://www.instacart.com/image-server/197x197/filters:fill(FFF,true):format(jpg)/d2lnr5mha7bycj.cloudfront.net/product-image/file/large_25e6b24b-990d-4737-95c3-42789029b544.png,"
Sam's Club,"Fresh Gourmet 100% Juice, Lemon",$1.09,,,4.5 fl oz,[],,"https://www.instacart.com/image-server/197x197/filters:fill(FFF,true):format(jpg)/d2lnr5mha7bycj.cloudfront.net/product-image/file/large_7a6e266d-f985-438d-9fcd-7c1433f301c3.png,"
Sam's Club,Original price: $6.49,$5.39,,,12 fl oz,['Organic'],Many in stock,"https://www.instacart.com/image-server/197x197/filters:fill(FFF,true):format(jpg)/d2lnr5mha7bycj.cloudfront.net/product-image/file/large_532a5ee7-6b7f-4a36-8e14-9c06771c6893.png,"
Sam's Club,"Lakewood Juice, Organic, Pure Pineapple",$10.79,,,32 fl oz,"['Organic', 'Unsweetened']",,"https://www.instacart.com/image-server/197x197/filters:fill(FFF,true):format(jpg)/d2lnr5mha7bycj.cloudfront.net/product-image/file/large_3a00aa71-3ea4-46a8-bfdc-fc00ddd55160.png,"
Sam's Club,Original price: $12.19,$8.59,,,32 fl oz,"['Organic', 'Unsweetened']",,"https://www.instacart.com/image-server/197x197/filters:fill(FFF,true):format(jpg)/d2lnr5mha7bycj.cloudfront.net/product-image/file/large_ac8e1958-6330-488a-9d8f-588481e67e81.png,"
Sam's Club,POM Wonderful Wonderful 100% Pomegranate Juice,$5.39,,,16 fl oz,['No Sugar Added'],Many in stock,"https://www.instacart.com/image-server/197x197/filters:fill(FFF,true):format(jpg)/d2lnr5mha7bycj.cloudfront.net/product-image/file/large_4c54f50c-8cdd-4bf1-80d5-dccbaa523810.png,"
Sam's Club,Original price: $7.59,$6.49,,,33.8 fl oz,[],,"https://www.instacart.com/image-server/197x197/filters:fill(FFF,true):format(jpg)/d2lnr5mha7bycj.cloudfront.net/product-image/file/large_a071886e-a1ae-4d0c-9909-3d4c17179e8d.png,"
Sam's Club,R.W. Knudsen Family Organic Cherry Juice,$10.79,,,32 fl oz,['Organic'],,"https://www.instacart.com/image-server/197x197/filters:fill(FFF,true):format(jpg)/d2lnr5mha7bycj.cloudfront.net/product-image/file/large_0e8175fc-3acb-4577-ae2e-1daf8364c355.png,"
